,totalAssets,intangibleAssets,earningAssets,otherCurrentAssets,totalLiab,totalStockholderEquity,deferredLongTermLiab,otherCurrentLiab,commonStock,capitalStock,retainedEarnings,otherLiab,goodWill,otherAssets,cash,cashAndEquivalents,totalCurrentLiabilities,currentDeferredRevenue,netDebt,shortTermDebt,shortLongTermDebt,shortLongTermDebtTotal,otherStockholderEquity,propertyPlantEquipment,totalCurrentAssets,longTermInvestments,netTangibleAssets,shortTermInvestments,netReceivables,longTermDebt,inventory,accountsPayable,totalPermanentEquity,noncontrollingInterestInConsolidatedEntity,temporaryEquityRedeemableNoncontrollingInterests,accumulatedOtherComprehensiveIncome,additionalPaidInCapital,commonStockTotalEquity,preferredStockTotalEquity,retainedEarningsTotalEquity,treasuryStock,accumulatedAmortization,nonCurrrentAssetsOther,deferredLongTermAssetCharges,nonCurrentAssetsTotal,capitalLeaseObligations,longTermDebtTotal,nonCurrentLiabilitiesOther,nonCurrentLiabilitiesTotal,negativeGoodwill,warrants,preferredStockRedeemable,capitalSurpluse,liabilitiesAndStockholdersEquity,cashAndShortTermInvestments,propertyPlantAndEquipmentGross,propertyPlantAndEquipmentNet,accumulatedDepreciation,netWorkingCapital,netInvestedCapital,commonStockSharesOutstanding,investments,changeToLiabilities,totalCashflowsFromInvestingActivities,netBorrowings,totalCashFromFinancingActivities,changeToOperatingActivities,changeInCash,beginPeriodCashFlow,endPeriodCashFlow,totalCashFromOperatingActivities,issuanceOfCapitalStock,depreciation,otherCashflowsFromInvestingActivities,dividendsPaid,changeToInventory,changeToAccountReceivables,salePurchaseOfStock,otherCashflowsFromFinancingActivities,changeToNetincome,capitalExpenditures,changeReceivables,cashFlowsOtherOperating,exchangeRateChanges,cashAndCashEquivalentsChanges,changeInWorkingCapital,stockBasedCompensation,otherNonCashItems,freeCashFlow,researchDevelopment,effectOfAccountingCharges,incomeBeforeTax,minorityInterest,sellingGeneralAdministrative,sellingAndMarketingExpenses,grossProfit,reconciledDepreciation,ebit,ebitda,depreciationAndAmortization,nonOperatingIncomeNetOther,operatingIncome,otherOperatingExpenses,interestExpense,taxProvision,interestIncome,netInterestIncome,extraordinaryItems,nonRecurring,otherItems,incomeTaxExpense,totalRevenue,totalOperatingExpenses,costOfRevenue,totalOtherIncomeExpenseNet,discontinuedOperations,netIncomeFromContinuingOps,netIncomeApplicableToCommonShares,preferredStockAndOtherAdjustments,adjusted_close,10%DDret
2023-09-30,0.8591472379500543,0.8098577316120409,,1.0724709893375093,0.7943325127570777,1.2106827084217824,,,0.9567198177676538,-1.3333333333333333,1.2293555898514226,,,-0.0035463794365352,0.9969234251012528,2.961232562604605,-0.1319236371085125,0.7605085083565063,0.8609583512985913,-0.078337718688728,,0.8427465410094893,1.374933703736055,1.5203584833069903,1.1900534416344597,1.1614338502302493,,,2.2110465933603507,0.9189842065034388,0.065924513487746,0.6904605207938325,,,,1.7778637933940007,,,,,,,0.8288049574649988,,0.8464374856458851,0.4451766844676741,0.945814184480758,1.433347686228819,0.9825562587884676,,,,0.8064119439030223,0.8591472379500543,0.9969234251012528,,0.8844832386302721,,4.004322269717138,0.0598528573372218,1.1807286807546242,-0.0003182727488179,,-1.2745213314067618,,0.5389535259382598,,4.968925672820528,0.0401183514501231,0.9585174421301832,1.2451920055731678,,0.6308292263630503,3.770771907879902,,,-0.6465216750945063,-4.297648956920286,2.1764396264054024,,1.5279882384928678,,,,,0.6423848490767562,0.6124931612654073,-8.603145288866937,-0.3029383676429061,,,4.065326064996135,-0.5326083239287303,0.7320168158478507,1.208843659942363,1.5032239144305342,0.6337284796382117,-0.8622089406287229,0.255462837957182,0.6337284796382117,,-0.8210445222902162,1.1178983255883177,,2.5238275136272867,1.1683624439006508,,,,,2.7091345208603674,1.112625303616898,0.7306244193437974,0.9876141218863196,17.263095365228533,,4.273388211607285,4.668240065454604,,63.02,0.1853152434158022
2023-06-30,0.8116512289956005,0.8589515001848074,,2.385202098185442,0.735671561191105,1.2132810289052458,,,1.0793124870573618,0.0,1.0416057770166267,,,0.0749564834244969,0.0453597242718995,-0.3004710739153566,-0.1800270508461317,0.4341824290337582,0.8638280103310293,-0.078337718688728,,0.7924128886620837,1.703407214061145,1.500758758318657,0.9092140449465792,1.104565878418822,,,2.193686197949397,0.8670259856316449,0.0065756267175144,0.6615218866928856,,,,1.4893884816312777,,,,,,,0.7028067643688267,,0.8234743651215384,0.928351443316848,0.8752261415308333,0.931847868956858,0.9214053582951738,,,,0.933044471030233,0.8116512289956005,0.0453597242718995,,0.8567590196624997,,3.1731712535815584,0.0093758043984585,1.2469050222180154,-0.9156939199660143,,-1.0564234562002406,,-0.3079856622427127,,0.1649040493086013,0.0024549714407814,0.0380552972302852,1.0724022180097053,,0.6099518436450874,1.069772933232925,,,2.220874858854141,-0.7361798961335013,0.6576485014122657,,1.1999442197350016,,,,,-0.7502732535668422,0.6252373443182184,0.284350147815692,0.0433482661686847,,,1.691248894828446,-0.5636606135221094,0.8155582789093485,1.5501621037463975,1.4839715772411852,0.612997291064992,1.3873792022651683,1.1910177074741852,0.612997291064992,,0.9712720031396718,1.178072559432501,,1.2670588446939033,0.921485679186027,,,,,1.7934541832147115,1.1443754621906548,0.8837514057992274,1.0391927138461188,0.4997463690730457,,1.914619167577826,1.8809117671491176,,63.52,-0.0569899244332494
2023-03-31,0.804691813020215,0.9276205015862672,,1.6935309599161894,0.7364687732102617,1.175278060262052,,1.3303232603815107,1.0793124870573618,0.0,0.95782031622288,,,0.0359798056594408,-0.0035818249541474,-0.468229500333249,0.6426247252587568,0.4597454611026222,0.8685335656886161,-0.078337718688728,,0.7941540438141217,1.7836081381268742,1.4972199300166793,0.766239936959497,1.032431756571614,,,2.04076665335348,0.8687095706701685,-0.1815938534013796,0.9039518160034538,,,,0.9186836450960566,,,,,,,0.4331960975728067,,0.8306224540179045,0.9440314796763526,0.8775133825297581,0.7031809152322818,0.8167747000574922,,,,0.9309386039693642,0.804691813020215,-0.0035818249541474,,0.8614318416707765,,-0.1652179555449733,0.0,1.3517546794942863,-1.3321285412111985,,-0.3561130268088952,,-1.0764083834322762,,-1.958291684273412,0.3507656554757853,0.0,1.334877751549141,,0.5956155523537431,0.2922447572976629,,,-0.7606657175119054,-1.5872149490700975,0.6220928374033834,,1.7633809567857113,,,,,1.4387808111578886,0.7879831364850514,2.041359761204286,-0.6145497941709438,,,1.432065081398086,-0.453678054786088,0.7743770328198605,0.9069704610951008,1.2546714064351472,0.5987613898403743,1.2825750236715214,1.139088684818018,0.5987613898403743,,0.8877712690960362,1.16632635018941,-0.4382319871550883,0.9017576051954592,0.8654309123512686,,,,,1.527296082209377,1.0863784384202717,0.7051195540560364,1.0399469740822662,-0.4447218069201196,,1.6772791422419815,1.6042135831957367,,56.23,0.0652676507202561
2022-12-31,0.8059044143308226,1.00817419781358,,0.4901223211450223,0.7354614311405157,1.18555995300403,,1.3403478430826727,1.0793124870573618,0.0,0.884801404011886,,,-0.0359888528205143,0.3797224802327281,0.8456342431367174,0.5962968593109008,0.3507787068057361,0.8566122616163998,-0.078337718688728,,0.804202366632498,1.918385802294693,1.4890246144635078,0.836419489820704,0.9785566258842184,,,2.0832884129657403,0.8729048187754449,-0.2277914867365823,0.7008683053690481,,,,1.232415950455005,,,,,,,0.6794746639340783,,0.8247032953791222,0.966038548251096,0.8910399526607709,0.4259915257610351,0.82156244809291,,,,0.9302163578598592,0.8059044143308226,0.3797224802327281,,0.8477047494478633,,0.2432740710471744,0.0128031553231686,1.3614642604652096,-0.2059484220569845,,-0.9910929647518004,,-1.114709960706438,,1.9007455546003391,-0.0024549714407814,0.351935131848187,1.623515097401283,,0.5482637995962898,2.94797928871984,,,-2.454710589621484e-05,0.4172720194569082,-0.4128525326224218,,0.647750429564101,,,,,-3.688461842165415,0.683616001029833,7.258487770309447,2.175782696736676,,,1.3987162401368651,-0.3762525221435655,0.5438158323379303,0.2231628242074927,0.9816195265779744,0.5517412183491168,1.0562661572956633,1.0180207992553922,0.5517412183491168,,0.7074639882553019,1.14367089860617,4.865382175497543,-1.463363736125353,0.7746713296412614,,,,,-0.1959288532368631,1.0188487798166714,0.3385849102733362,1.0430024396049242,0.9709926313541222,,1.9174822143335373,1.8905296793156847,,56.74,-0.0008713837574068
2022-09-30,0.8083069706991713,1.102340896602311,,-0.5466798807085939,0.7575778018837545,1.107142104547599,-0.3796347845451508,1.2763775410652196,1.0793124870573618,0.0,0.8008992423318111,1.1578061231895054,,12.628070400483894,0.0035818249541474,-0.443674441185578,0.6366996876896522,0.2853455066576822,0.9143745609976176,-0.078337718688728,,0.8381013433315707,1.911804131862912,-0.2477232232639928,0.7244331435595597,0.907714081250981,2.2320572558975056,,2.3998160359660856,0.9129904068605388,-0.4087964780438562,1.1389094897215597,,,,0.8864541203235592,,,,,,,0.7422918574122469,,0.8388936067599931,0.8310778081438114,0.9376712846753498,0.1922588442180144,0.8417607588677603,,,,0.9271232300865766,0.8083069706991713,0.0035818249541474,,0.8599737718978493,,-0.293198967588876,0.0238752814035605,1.3614642604652096,-0.7394527757686526,-1.3126255064969572,-0.0438961838916361,-0.4355043256614055,-0.7490571729925443,0.3623553577541937,-0.6085415786329395,0.1004857142100323,-0.0049610347158235,0.9470984715040188,,0.5122441143211434,-0.727972991946086,,,-0.2740438902253424,0.3927221209956414,-0.0759927038024414,0.4386944696282865,0.9818700123613552,,,,,-1.6181182699620562,0.7231036591252856,1.370126198094502,0.2543397222407483,,,1.4051331859153415,-0.2101843302212646,0.6619611249864263,0.920479106628242,1.1298641081428114,0.5159737613898404,1.2251540245235135,1.0694813702135373,0.5159737613898404,,0.8420221811997616,0.9685208965239932,1.2766993476919846,0.8554518142731214,0.5842951544032416,,,,,1.4935577313777149,0.913305931518393,0.6017505256466676,0.8412933286037896,-0.2185364160615121,,1.7006728930547996,1.639949611790022,,42.33,0.3543586109142452
2022-06-30,0.8064940440354961,1.167405849291903,,-0.2943464342163379,0.7739395847185978,1.031087247296022,-0.2020933080948669,1.216803235400669,1.0793124870573618,0.0,0.7262906839865277,1.1117104492881174,,12.546754516754778,0.1020035550442494,-0.1063113044164068,0.6199022638390151,0.3291163267436673,0.9360168920528186,-0.078337718688728,,0.8641490950752866,1.9056403633920165,-0.2481406727698284,0.8249519206614417,0.8239411328103177,1.8520760853605944,,2.491082306216327,0.9372594693808812,-0.2618193034602658,1.1702154859053715,,,,0.1233411274014155,,,,,,,0.0589911655742376,,0.8265322913110111,1.326882710696751,0.9706421139069245,-0.0311542260834325,0.8626935362222619,,,,0.924066810940348,0.8064940440354961,0.1020035550442494,,0.8461064305165427,,0.1213431640837619,0.0257190480933724,1.360255942099716,0.1184630294784766,-0.4864312467106439,0.4080469860860855,-0.8118357053202171,-1.6677446480941485,0.3639301609038001,0.1761529382622506,0.0607774076229141,0.0990508300865237,1.0395538381645557,,0.51170865229139,-0.5269782718759706,,,0.0426383229417251,0.4050632911392405,-0.5401587350003966,1.0105802357207616,0.2836902989990386,,,,,-0.0577759861025106,0.7884658706915972,2.5050357549337514,1.838293995694689,,,1.0210654502519885,-0.1204473171232174,0.6848579805469804,0.7805295389048992,0.7173536556851462,0.5154420489399333,0.8827078396065146,0.9250415846876195,0.5154420489399333,,0.5691847028213439,1.023631002728676,1.3168834464263055,0.3422742727616169,0.7215887137521424,,,,,1.119657111399473,0.8492896806167735,0.5930076768862158,0.8993713667871467,-0.4788952370781717,,1.3123081146952715,1.1841798317434344,,40.94,0.1113825109916952
2022-03-31,0.8196309813060602,1.2214924651953918,,0.0286638851473438,0.8032820808742344,0.976704932990166,-0.0285046208662732,1.1678523682278703,1.0793124870573618,0.0,0.6696044600123011,1.0407944338959163,,12.585481320547323,0.0693341128655825,-0.2182933380567861,0.5846340940237794,0.1686011749409207,0.9816193948602584,-0.078337718688728,,0.9056487154279989,1.900221625056305,-0.2484255736355276,0.8802734374262189,0.8190874095829442,1.5702458658906908,,2.594888667312776,0.9786334215362728,-0.2828641130615221,1.2199300896455456,,,,-0.1780259942703067,,,,,,,-0.126580282919908,,0.8351918081051004,1.3456844018921297,1.0268508574464537,-0.0413508125065583,0.9008934757151392,,,,0.9232445067165944,0.8196309813060602,0.0693341128655825,,0.8517161223920922,,0.4390450036224481,0.0507220767215188,1.3286666720700449,-0.4694823560106081,-0.9956721016621788,0.0983220694141418,-1.114895686987951,-2.3395404424325843,0.0,-2.251330098549204,0.4623593119652044,0.0589293272020435,1.2934799412612183,,0.662962584590671,-0.6768095779034297,,6.414565274494352,0.8981786047425009,0.4095020990022716,-0.4928901117001482,23.5710063463282,0.80761694935208,,,,,-0.7485610030795573,0.808579795964342,42.91552673209211,1.2446690913012568,,,-8.75719218771142,-0.0401491057077391,0.7105471355661387,0.002521613832853,1.1507928015756956,0.665636823605794,11.216790999166252,5.357462435549494,0.665636823605794,,8.802668721019812,1.0808232859757525,1.2328446491930367,-11.471675031931929,0.4066794138918335,-2.1039276661353123,,,,-7.487973994992988,1.0097916133450815,0.4483301550046452,0.9695104530862586,-146.51488413071337,,-7.709344880569912,-9.469972473107513,,50.28,-0.0544948289578361
2021-12-31,0.9440308698659604,1.4222387662576332,,0.6284317268416615,0.8884351324030546,1.2502021959858602,-0.2402850462086627,1.487662419068095,1.0793124870573618,0.0,1.0097136500839434,1.2455370344225074,,-0.046947334375157,0.4790351402450811,1.186051247308311,0.8303609322140141,0.2631160610058177,1.0150663519814345,-0.0183994406445744,,0.9602676992394246,1.891398584271472,1.5722540465332782,1.0472957142808574,0.8144199075810661,2.310683969797953,,2.4821499958570854,1.032895088837611,-0.3299169984857832,1.3732215192352473,,,,-0.7430748651836873,,,,,0.4499589983653653,,-0.3530374780958387,,0.9540351705973812,1.425077293848187,1.1005682564977488,0.1878878447860996,0.9670932341504888,,,,0.92040570622442,0.9440308698659604,0.4790351402450811,,0.9651659240517186,,0.0,0.1836469404436065,-0.0012719527914574,-31.05609044956368,3.883734357994349,-16.31714960480338,20.3162404252044,40.31968308554636,7.063649435124957,1.4352241763685905,0.193765446215164,0.4646900084860743,1.9071637333900828,,0.44152085307556,-46.78850923881365,,-8.76608878381928,3.4676223673228925,0.3884318085132,23.744321715948537,-0.8310154125113327,0.6912590362627783,,,,,17.503763210719022,0.9575193898239628,2.174372409646316,2.609696740933517,,,0.0375823202207933,-0.2505386272699292,1.210120534259963,-0.2099243515850144,0.3109105824446267,0.4457457407034276,0.853645231853202,0.8745563148056847,0.4457457407034276,,0.8350015262293414,0.9250204633629002,1.183687487148526,-0.7383381006350406,0.27064406510992,-1.81030653043092,,,,0.3323240664281127,0.6579096185226287,0.8745978191775463,0.7760996278152674,-3.52059750106792,,0.3487175535015004,0.0416101013112541,,65.42,-0.0611433812289819
2021-09-30,0.0008047405851768,-0.0225113301788997,,0.355948691554329,-0.029748314388805,0.2923705285163997,1.0266674089745018,0.7436058160084682,0.0,-11.73873873873874,0.9948194234271254,0.3419719838724078,,7.674701245777924,0.1640337021966778,0.1063113044164068,0.1319236371085125,-0.2918062581263583,0.0240326803804061,-0.0645297652496097,,0.0012447248629295,0.0062237134243012,-0.2504337012757122,0.1651339327369014,0.0386635168676525,0.7552020530573995,,0.7108310686951121,0.0808622563040742,,0.094210680590773,,,,-0.9814996208291203,,,,,0.3739131851481761,,2.5445207763623023,,0.0132693235199464,-0.1728750919452933,-0.1928196491127154,-1.813617400051381,0.0029444240559237,,,,-0.0981680846212846,0.0008047405851768,0.1640337021966778,,0.0664754593991894,,-0.5410527139939113,-1.0332206442062912,-0.0012719527914574,0.1578386958193576,-1.1211147276285467,0.4287897715170599,-0.4078822233290409,-1.22641282272621,-3.1026360835330364,-0.2709855406120833,0.2353420881384545,0.193301211388897,0.4472575010881479,,-0.0163640014513839,0.1448513238115903,,,1.5577838872796896,0.2191350344750086,-0.5251290560696921,1.235222121486854,-0.237751466684606,,,,,-4.272372505911836,0.6305152383097866,1.8219339875877767,1.8041608545914567,,,1.5543466374054928,-0.9921001333743716,0.1935373780308083,-0.3831051873198847,0.0059801928404132,-0.0089327691584391,0.7862229008970549,0.5966323698587426,-0.0089327691584391,,0.053926770062648,0.3729732054535288,0.8234699636439999,0.7771961070034361,-0.5405946283325243,0.7166226775028092,,,,1.4365407049139505,0.2227093805861209,-0.124316659332062,0.2733766416278359,8.093723302007689,,1.6994436710964256,1.612479616558012,,57.81,0.0726517903476906
2021-06-30,0.0100675999204586,-0.0127713575853511,,-0.2784202284350121,-0.0017627963595656,0.2251355273795097,6.125876851130164,0.7776833428261848,0.0,-11.73873873873874,0.921117632667313,0.3775581279595804,,7.766211772176759,0.2331988325875913,0.3433907107869914,0.1794102684912183,-0.2220097373940607,0.0447972031639842,-0.078337718688728,,0.0248272142651219,0.0,-0.2503707642848256,0.2759111464358204,-0.011376786726151,0.4832615083490946,,1.044991681585815,0.1043397007600967,,0.2855899530874921,,,,-1.147292087967644,,-0.061,,,0.3737909948462846,,0.3291354147086822,,0.0119652602474018,-0.1526142364205024,-0.160924275679792,-1.1611733672978322,0.0289696443139259,,,,-0.1015381534290504,0.0100675999204586,0.2331988325875913,1.130220398128321,0.0778279563436756,,-1.4545906955368544,-1.0295961891263865,0.0049686956254926,0.0003182727488179,0.4603616630984073,0.3458092751754351,-0.3045230285721992,-1.02233174030084,-1.6239780896953098,-0.3612525317285696,0.2933282945965729,0.2353104911146019,0.4215660308181985,,-0.0197571397872947,-0.1223233393322867,,,1.568314595709166,0.3647728823354711,-0.5949265804869419,0.3643064369900272,-0.1013785293631239,,,,,0.1023609939364721,0.7621407652946288,0.7810108732220957,1.4807261416382034,,,0.7661262370043873,9.277042508806128,0.2344290523245893,-0.1222082132564841,0.0751982499316379,-0.0123021469989029,0.7426016233464142,0.5764213669266958,-0.0123021469989029,,0.0905330174280855,0.3932283506495368,0.848293542981892,0.0,-0.4630214886513369,8.18791648156375,,,,0.8702764342731312,0.2504554885740906,-0.0289863576353234,0.2875524646698457,2.0808548697137974,,0.9627967689573288,0.7741782044819107,,51.21,0.2108963093145869
2021-03-31,0.0169376287969979,-0.0046096334492635,,-0.170492168307471,0.0151401122944955,0.1903050826595874,9.63422781427458,,0.0,,0.8764408981568607,0.3818543622890789,,7.823759902131258,0.2668414327677009,,0.1823875912989431,,0.0630156657271208,,,0.0440102498142461,2.8513442227622976,-0.2503188782613232,-0.0615359625141707,-0.0131911135231193,0.3336001157233073,,0.158113735577769,0.1234305663094538,,-0.2776752160002685,,,,-1.3149698769801146,,-0.061,,,0.0227626955723665,,7.188675927554071,,0.0543204677847658,-0.1342191975792224,-0.1349883060730882,-0.8551020925074267,0.0479863627853845,,,,-0.0761381068385229,0.0150007466988665,0.2668414327677009,1.1382877309858035,,,-1.5191566104181715,-1.0208868692972486,0.0,0.5083280230959469,-1.751751342568227,0.6134247399416272,-0.0377136846041053,-0.5352421832401082,-1.3828688805203695,0.6577802386746128,0.1660653440571308,0.2939000898567502,-0.1502449826648115,,-0.0073682393515273,-0.3511791559770423,,,-1.1904364475428346,0.4162285384041161,0.3991688679302835,0.0,-0.5488609894129618,,,,,-5.0716610076511,,-0.1588821840931704,1.3345272033500255,,,0.6811267281917447,9.269792414760095,-0.041636287482742,-0.8361851585014409,1.3008920751546569,0.0,1.4729870997049954,0.8906188323726234,0.0,,1.0376091980754976,-0.0071108052700242,0.7954876560223648,-0.0239984168960368,-3.19836135411197,0.9472130033710509,,,,0.8527912128242434,0.2834034227652228,-0.3516502860495819,-0.1062482277552824,7.844978107646305,,0.8787434191829913,0.6752862216466748,,58.74,-0.0796731358529111
2020-12-31,0.016454927054537,0.0046096334492635,,-0.2615193958043592,0.0241231284051135,0.1511042166763668,-0.7604387039305199,0.8449381385258737,0.0,,0.8380498738309686,0.3916114939808883,16.51560855840056,7.881913761060491,0.1169132408896097,,0.2160840413487275,0.0,0.0804579427982642,,,0.0522199107729495,0.0020872261871527,-0.2501535230456472,0.1605240581794939,0.0,0.1688078463876226,,0.8719776040546566,0.1267180537234417,,0.1511289519343715,,,,-1.5409135911695315,,-0.061,,,-0.0227626955723665,,-0.3793406620059057,,0.0308658313199383,-0.0600649447730222,-0.1242048729600718,-1.0671968795116638,0.0539725373157245,,,,-0.0777853483942996,0.016454927054537,0.1169132408896097,1.1564844158934096,0.1005507215301155,,-1.4950216140298944,-1.0244441457808673,0.0,0.1120429354036087,-0.3607535754980659,0.4046649319847332,-2.046091093039273,-4.578973179691927,-0.3858952413557001,-7.932026791395279,1.6003365829064975,0.1653128677863907,0.2386554077576366,,0.0073682393515273,0.3109159678524172,,,0.4172026118120673,0.3915181043962659,-0.0080048315957076,1.5310244786944696,-0.2379602922998007,,,,,-0.5099264812836891,2.1500659736748946,2.6136248129934647,1.4206788314642456,,,-0.182877394074983,9.284429397079442,0.0918356266385368,-0.3411383285302594,-0.1923489991400253,0.0146332863187588,0.5491099690400217,0.5097568505301183,0.0146332863187588,,-0.0786197072546768,0.4620289415782083,0.9254986371968692,-1.2035547879899977,0.0,0.2564611806517365,,,,-0.0066323253771643,0.242568783579953,-0.2113735269668964,0.3725348231633318,-3.200328385305425,,0.1097051697646078,-0.2330079189601002,,45.58,-0.0958753839403246
2020-09-30,0.0841392433094013,0.0189958164411135,,-0.1213118404386185,0.1086516431810215,0.1435313204907014,-1.003284712170137,0.8961705804524915,0.0,,0.8348216589200862,0.4080645584565107,17.262870727619937,7.913667357751298,1.622412055089041,,0.2463116750214599,0.1497337876185143,0.0959156310414285,,,0.1508518575921686,-0.0036880418952424,-0.25012830417136,0.7993773012635677,0.0748183677975615,0.1091810323420047,,0.9314747007558724,0.229870012352808,,0.075423295101153,,,,-1.6869049123693969,,-0.061,,,0.7675315929813891,,-0.3068583520794553,,0.0389508676026244,-0.0634258068760128,0.0096154171262398,-1.1083740099215895,0.1471039232623175,,,,-0.0759565772566357,0.0841392433094013,1.622412055089041,1.0560953683876595,0.1066800694727362,,0.7267033147947646,-0.9295188012058184,-0.0228479068712347,0.5092582537480714,-0.8920375868006766,0.6139147779933337,0.5630005389928043,0.50374783322944,-0.6017939061965081,3.387429026601971,0.9768529498242476,1.6145088318693843,0.0667029832407877,,0.0473390707620117,0.115377742606609,,,0.1528302813098335,0.4198325614249135,2.350840709854137,9.10900271985494,-0.6585070510179197,,,,,-1.815293056658036,37.689183535545325,0.2521671283670124,2.02781849580892,,,-3.8368182921878966,9.298108819807805,0.0140235483921008,-0.2570244956772334,-0.0963805764604708,0.0543242214610338,4.342957015436204,2.1285078200715426,0.0543242214610338,,0.0,0.4181939947283373,0.91141998398761,-5.274902405238635,0.9516431041144476,0.5839234849870646,,,,-2.973011940807152,0.2374488997965602,-0.2666862256124395,0.3308697723450484,-30.237678876548483,,-3.278446710434418,-4.2313237601803415,,25.19,0.0055577610162761
2020-06-30,0.1061767283911109,0.0417121651087231,,0.3216250351340203,0.1068775755444926,0.2608542331583303,-0.8510188175036187,0.9637083519653163,0.0,,0.9795122421055864,0.5365234896436034,0.6059082583109241,8.190406013432558,0.9722987557345129,,0.3016450620128843,0.2862518625376066,0.1162173827270078,,,0.1338873309993278,-0.0088167608373339,-0.2500617779773913,0.5637823092966232,0.2506976645198019,0.4837407939042259,,0.9023197529519432,0.2129329309617877,,0.1053398649570582,,,,-1.804869186046512,,-0.061,,,-0.1211204579149446,,-0.2021367547279639,,0.087382832141963,-0.0642989134009891,-0.0133945206394453,-0.7080657242000673,0.1379686752882785,,,,-0.0780914085084711,0.1061767283911109,0.9722987557345129,1.0807897930049963,0.1506818706177498,,-0.2657209154417108,-0.9121491166035296,-0.0163137030536901,-0.0319119654844814,-0.0748568012385862,0.3288306440006677,-1.781732561908602,-4.12908815972905,-3.622197877439233,-8.743835210576675,2.5587021956472027,0.984537359068002,-0.2928311005579722,,0.035637816301296,-0.0064669568288085,,,-2.7263979576807893,0.4225536389395021,1.807015818595543,-0.5688939256572982,-0.0154741182373436,,,,,-6.102485672370013,2.5414668683422907,-1.520146598807453,-0.0079834144777078,,,0.7477762187470459,9.430799220272904,-0.1468129004234987,-0.2776476945244956,0.47457130062259,0.0427049051872747,0.9402237072795172,0.6897974291985175,0.0427049051872747,,0.4420977658909545,0.4436552652113273,0.9308536003814972,-0.0800906686815262,-0.4141890486144823,0.0591893798834504,,,,0.8119224568440093,0.4101582298009406,-0.4232555865238863,0.3688005234281412,-1.279968496369073,,0.9541112946809176,0.7573821344891821,,30.8,-0.1012987012987013
2020-03-31,0.1618241619431831,0.0584422740245607,,0.7369803358994856,0.1836034748040315,0.2250483842345214,-0.6489811824963813,1.1078351725115978,0.0,,0.9376684343510164,0.4636863080401773,0.6059082583109241,8.202433567854058,2.715848613579892,,0.3323994072469122,-0.0889581178167737,0.1058413648262548,,,0.2212517425695882,-0.0117534926498923,-0.249998746533792,1.1810866402713522,1.284128364951037,0.3190109456770804,,0.6175449180401127,0.3001714174864234,-0.9668274353653749,0.1704328527875258,,,,-1.7462556875631952,,-0.061,,,-0.1259700552300164,,-0.1326800991978074,,0.0845249070429799,-0.0641912701307865,0.1051236643631192,-0.172531452742187,0.2220777742847607,,,,-0.079408272420762,0.1618241619431831,2.715848613579892,1.0933326195574589,0.1525657653794197,,1.6024552208030949,-0.8365284652734908,-0.0017337727630569,0.0924138392640659,0.1775102576811253,0.3943244814663435,3.1715806161631805,5.932079267660604,-1.462389592605272,13.876798437978117,0.0283644384089482,2.5828469958654474,0.2022278020723578,,0.0468543367140245,-0.3155194200160823,,0.0,-1.284844616819677,-0.0522543204128974,3.479759152274571,-0.171885766092475,-0.0986329630532827,,,,,-2.093808053395617,-3.892414636501144,1.902219740731992,1.07150307005283,,,0.8893753394289994,9.42724257036353,0.0115828718282839,0.0837536023054755,0.4917549428731081,0.053842881769539,0.7473231568596329,0.6147115335879868,0.053842881769539,,0.420774161664026,0.5095107703167572,0.9608615190770564,0.1054203320920359,-0.2081100092136679,-0.2155643243525753,,,,0.9470855779691452,0.4515320703409917,-0.1949831304092709,0.4208330946621501,-0.0643555104656129,,1.0781856452692775,0.8974085575749023,,22.79,-0.1189118034225538
2019-12-31,0.06497623512492,0.0737745807648577,,0.7204992863687302,0.0677269779311968,0.2153458293893394,-0.4447166239839661,0.4762561905072144,0.0273348519362186,,0.8949404517589834,0.4704942502093212,0.6059082583109241,8.210706119612839,0.0208225636866846,,0.3505912142485762,-0.0233991667220287,0.1191209602994006,0.2669388045069493,-0.0007077491282081,0.0835907799962423,0.0174987882555847,-0.2499466401206268,0.1211322056205322,1.3258459099168125,0.2477227829718472,,0.6670453942425588,0.1568993010135565,-0.9668274353653749,0.1540145510986497,,,,-0.893184403437816,,-0.028,,,-0.2327861018035288,,0.0851852076423543,,0.0880128511777143,-0.0394811594376237,-0.0824116654027379,0.0,0.0867575451766122,,,,-0.0574427283462469,0.06497623512492,0.0208225636866846,1.1013350384645888,0.1541981173746167,,,,-0.0017337727630569,-0.5623770193415579,0.4087743412346007,0.0493859053255119,0.3225437112003076,0.0920267956711538,-1.0595138651146867,0.3607940277919441,-0.044909625017328,0.0261790754389884,0.4171987892933188,,0.047045975756252,3.081309218391685,,0.0076832151300236,0.0901615199567971,-0.4365804323222269,0.5690155623745585,-0.2055757026291931,1.1687226879921069,,,,,-0.2973580639932839,-20.67129018762269,9.529552401199703,-1.09924493870537,,,0.995757253354439,9.187579084162648,0.1934546432320349,-0.1005943804034582,0.6408713882052685,0.0540331788568742,0.867970379127465,0.6656007470652653,0.0540331788568742,,0.5105484250766749,0.4929816980051378,0.9498015951140336,-0.0546170867289114,-0.2331553345155889,-0.1724723652232994,,,,0.8304824820101451,0.4705255139357753,-0.063038482225808,0.3940042003756358,-0.1226639256727894,,1.2080092095312869,1.047316896095369,,61.47,-0.1127379209370424
2019-09-30,0.0592653293170175,0.1161783315715436,,2.347782997689368,0.0657056041930125,0.1953812065111047,-0.6157443491816056,1.1942678313424668,0.0737212673431352,,0.842193179971325,0.5016492795553403,0.6059082583109241,0.0611608552389067,-0.042905706458959,,0.3771477618381735,0.0078701111353649,0.1138988778287954,-0.038180677934978,0.0,0.0750764000599258,0.0703160012491386,0.8593730790925528,0.2114880437233939,1.3626379034682372,0.1129165285938885,,0.6181817166190464,0.14872357415262,-0.920924233077225,0.1212416512824,,,,-1.0464536990225817,,0.028,,,-0.3787193370225753,,0.0256543962940281,,0.0724366040030124,-0.0371010471298118,-0.0935107276159527,0.1047230675152966,0.0810305212289551,,,,-0.0204593286998888,0.0592653293170175,-0.042905706458959,1.0760891426758663,0.1315497309003581,,,,0.0565828607548499,-0.8306140136993879,0.0408467760478674,-1.04843389307528,0.3778948773361199,0.5996254258584456,0.4097774734679904,0.8371485329331138,-0.2047797951365006,-0.0478574624996163,0.4924535161344669,,0.0454874994275488,1.800936857824805,,3.1279222484896243,0.0650743777308655,0.0,0.6541404701045016,-0.0388939256572982,1.2152711789817718,,,,,0.8707957393223311,0.5969169375341937,0.1789679386690145,-1.0550083651312383,,,0.906305548192894,8.88211757463835,0.0477793462916711,-0.0623198847262247,0.5786084261670095,0.0524856157789867,0.8896587834571185,0.6738808228162088,0.0524856157789867,,0.4841141328837013,0.4195607220853447,0.9332729587484088,0.0688650223973231,-0.2705846220910072,0.0,,,,0.9204514175612442,0.4069270682115005,-0.1924795853503496,0.3268949632138032,-0.5241216360529688,,1.0480793406900406,0.8676672238804611,,54.75,-0.0038356164383561
2019-06-30,0.045543810687822,0.1334906704864256,,1.3768465893535706,0.054581568084266,0.172289414079658,-0.3970047878855361,1.1689507092328095,0.0737212673431352,,0.79685344173549,0.482462247779128,0.6059082583109241,0.0035463794365352,-0.2345461660686585,,0.3741766723033634,0.005189006045536,0.1136013599828999,-0.0766551861911955,-0.0004608205416329,0.0641077788163396,0.096795114429207,0.8601944398820723,-0.2487451018760669,1.3303311811480272,0.0,,-0.1665842738680765,0.1376216411560156,-0.2088357355167966,0.1646203332298867,,,,-0.9175461324570272,,0.028,,,-0.1165804093646647,,5.655960660429413,,0.1049426782756015,0.0,-0.1086766744944795,0.1919331902868287,0.0686451546758306,,,,-0.021044498290648,0.045543810687822,-0.2345461660686585,1.077123641843128,0.1334875570898642,,,,0.0915199335924832,-0.3322234766448588,-0.7831503216543098,-0.3929428763866421,-1.4998649030115234,-3.405653382718735,-0.6622526532009586,-6.27461277302598,0.9281914672877968,-0.2093912080272982,0.4267983932807398,,0.0561403755984316,0.8676464957177684,,-2.6346861045442607,0.7600765869703962,-0.2951004551182745,1.7246502888586577,0.1228649138712602,0.6786916584678087,,,,,-1.300321254763755,0.93952949506002,0.2443361178516975,-0.0892734752260146,,,1.1125486321822249,8.89456584932116,0.0608100770984906,-0.1342759365994236,0.7455188183868142,0.0630638950455593,0.995243802987264,0.7241310988955292,0.0630638950455593,,0.6070439117984796,0.4808723024713734,1.021341103279915,0.3290697465234677,-0.0711532936386062,-0.4601353646745237,,,,1.110036307393863,0.4951325191021943,-0.1957850471859566,0.3910412384668451,-0.1677301366937206,,1.2885405879264586,1.1460996361989446,,50.93,0.0725663716814158
2019-03-31,0.0925769975449636,0.1729476322193401,,1.976614431047888,0.1158131373143872,0.1570527703444033,-0.0399176038303084,1.1809910010401006,0.1201076827500517,,0.7404779105139472,0.4596703903922923,0.6059082583109241,0.0372091425224594,0.9462550862121804,,0.4060592399349589,0.0145206753537635,0.1214206461643483,-0.0593495815721049,-0.0022555410671817,0.1373780963716673,0.1443391696881777,0.8548342169528907,0.5322934873886884,1.3171613500506787,-0.1178537668832136,,0.4976621858018122,0.210653343126138,-0.7270904604340754,0.310866493260981,,,,-0.3021307296932929,,0.084,,,-0.4344272533249338,,0.2979451016534989,,0.0757564348966302,0.0280709727961535,-0.0096154171262398,0.2445733390744915,0.1348273591679926,,,,0.0228839567501124,0.0925769975449636,0.9462550862121804,1.0703724720437782,0.1284342303321397,,,,0.1222320592650228,-0.6561254185867187,0.4731562999790503,0.0,1.309039127901272,2.2273876080015134,-0.2868880520369736,4.461925230830504,0.1093760236773536,0.9353695153659324,0.3823179149814349,,0.0751802780879778,-0.0273590565050352,,0.4963225636984502,-1.424689479110413,-0.1421823202202547,1.184807803759128,0.168640072529465,0.8592277096174707,,,,,-0.2805846587343477,-4.613522994239371,2.7585915634104268,-0.5367164695882426,,,0.7390164019506625,8.680756472076878,0.1211237454043404,-0.1870497118155619,0.3047520538336246,0.0819704703696241,0.5342630448782855,0.540464243312276,0.0819704703696241,,0.2769423085308952,0.5318016702473285,1.028944801004493,-0.1421915195999064,-0.0539346324935355,-0.4160765150129354,,,,0.7666758418203505,0.4179963763241035,-0.1502127035352794,0.4408096058598905,0.1736837889790687,,0.951383115538194,0.7033297412198999,,45.86,0.0230139411374197
2018-12-31,0.0495651177884662,0.1956043323239033,,0.2810155830787257,0.0663772817117094,0.1459095724427132,0.1354526222024273,1.165489849229829,0.1201076827500517,,0.7007897566858715,0.4405889171991144,0.6059082583109241,-0.1787539161956084,0.0831514477139745,,0.3946211841364139,0.0515389068683743,0.1141478647089071,1.350409974041044,0.1479539656245387,0.0823419537942297,0.1785540363791649,-0.2512228536902057,0.0581536551818968,-0.0079170623867708,-0.1995130610741695,,0.5192530091991326,-0.0090597339697473,-0.5768605238068533,0.2613722694092484,,,,0.0733116363329963,,0.084,,,-0.066455232188727,,0.5715697628590312,,0.0776560084364266,,-0.0805209152713196,,0.0795595487732912,,,,0.0204593286998888,0.0495651177884662,0.0831514477139745,1.0672728210008724,0.1271315736432446,,,,0.1222320592650228,,-0.2861931356568748,-0.6868937488126832,1.1813159702312277,1.7973571558396704,0.1400616227319411,-0.0179302238606614,0.1049499407977862,0.1080336502466956,0.4328033503774495,,0.0826964740529896,-0.692277092081807,,1.3706330443919097,1.577617948843831,-0.5289646259923103,0.8982151158179855,-0.2193019038984587,2.4666425606224966,,,,,1.0357037474181174,-26.92935989444212,12.292524749285976,-3.6987928384827256,0.0,0.0,0.6567341786698646,7.17095858554769,0.1587887625459565,0.0,0.2727625796071065,0.0894340340743725,0.5278995561247667,0.5418818856639958,0.0894340340743725,,0.2421442795470732,0.5681585294505169,0.9786282719306304,,,,0.0,0.0,0.0,0.5456332822146199,0.4328249193979963,-0.073971932912816,0.4731574080629707,-0.0993298803929944,0.0,0.8984263839584608,0.6963017921497718,,39.6,0.096212121212121
2018-09-30,0.0193497969880369,0.2281645696351487,,1.3302543155527813,0.0279693340782364,0.1518718179960506,0.3528003563077608,0.2224387316234355,0.1673224270035204,,0.6613810394778968,0.4438559553440279,0.6059082583109241,7.724221743548418,0.0619916734639992,,0.4034175788736928,0.0200110091394839,0.0657909196326874,0.4277216514043412,,0.0352241298730454,0.2412110707481758,-0.2512263799248126,0.1683445861588169,-0.0100147114768141,-0.2254503886528195,-0.1766093806874317,0.5797339783246426,0.1164726358467329,-0.2400314059783523,0.2766525155804707,,,,0.6445852291877318,,0.218,,,-0.18079005533863,,0.925965450543587,,0.0332252513607699,,,,0.0343519072179335,,,,,0.0193497969880369,0.0619916734639992,0.9932984376239196,0.0731290949246306,,,,0.2127528021098647,,0.405647217524156,-0.2086000598695534,0.0141951823623324,-0.1726815613112977,-0.631646696336871,-1.789659376259793,0.4226050916552691,0.1035615104784104,0.3376215419739793,,0.0455438638517333,-0.6928684782654941,,-1.3893485684265827,-0.5195149491874907,0.0689660708122296,1.0471854124852826,-0.2744061650045331,1.0658907884077955,,,,,-0.195919690465009,2.098413413574486,-0.8544677561363198,-1.0374635843629516,0.0,0.0,0.8104925033688039,7.331555008378646,0.0253788995237578,-0.0828530259365994,0.3983624813242818,0.0525415855105558,0.6616240396842338,0.5779234841747801,0.0525415855105558,,0.3557044638574356,0.4422298272885344,0.8447716921946161,,,,0.0,0.0,0.0,0.8324748010957755,0.3790383197150427,-0.2181213632585203,0.3523889591955885,-0.034880926954293,0.0,1.0183545187875402,0.836082419089257,,57.27,-0.1029900332225913
2018-06-30,0.0156377224737648,0.26144621692588,,-0.0451850878441765,0.0303952543290043,0.1232921467874219,1.058957799799577,0.2160375554969861,0.1673224270035204,,0.6165848861565442,0.4088902611504683,0.6059082583109241,7.642971559441383,0.3807446733272668,,0.3911729375599806,-0.0036966033008437,0.0540793702912357,0.4250930612332524,-0.0042602539008609,0.0418722953640545,0.2620927525409524,-0.2512124953760478,0.2225503525062642,-0.0135329624870642,-0.3810824960084415,0.0,0.5416012877482373,0.1231112475932827,-0.4906483091245583,0.2560676566257515,,,,0.5410505139871925,,0.218,,,0.046578943081042,,0.8886631943391765,,0.0235679444149231,,,,0.0387070045351551,,,,,0.0156377224737648,0.3807446733272668,0.9838210801808231,0.0596716941484229,,,,0.2411093443994516,,-0.7045327964763651,0.0462808918260789,-0.1682048191258271,-0.8993702710479476,0.1752961314618281,-2.349006979556747,0.841943598523344,0.4245221141102219,0.1688134696708415,,0.0645753116776518,-0.7098804038444356,,,-0.4006578624380185,-0.3602337397558254,0.2017664606731291,-0.8279601087941977,1.1922246795437792,,,,,-0.9417627036933908,0.6365976893122647,-1.035711984881998,-1.6039567993120585,0.0,0.0,0.7691178460414932,7.414862692794364,0.5230907652451794,-0.2802593659942363,0.4453044191603952,0.0714397653748852,0.6291826529253257,0.5746397145670047,0.0714397653748852,,0.3265578440920389,0.4943334063802,0.813197534266952,,,,0.0,0.0,0.0,0.7938342967244701,0.4075006651498888,0.209652339738888,0.3755717879632163,-0.0651831482272533,0.0,0.9800906503027296,0.7946111470828208,,53.92,-0.0526315789473684
2018-03-31,0.029166519779762,0.3055771500235452,,2.2302510302937386,0.0495536378338197,0.1123326483468528,0.8040864046320009,1.251611234666248,0.1673224270035204,,0.5742143106457835,0.4332924733651505,0.6059082583109241,7.515784630391966,0.7984203156162627,,0.4565219474708066,0.1048383269904239,0.0448297490215126,10.260313469394374,-0.0042767722166196,0.0563752192717843,0.3132392140474433,-0.2511851040893688,0.5236560922972197,-0.015262159580949,-0.4678082130437862,0.2599578805054339,0.5580828266408968,0.1375933300780494,-0.4918540743648701,0.3393368200989902,,,,0.4716411779575328,,0.218,,,-0.1077446928678878,,0.5651182673126247,,0.0072801488987837,,,,0.0523099909607189,,,,,0.029166519779762,0.7984203156162627,0.9525339043540328,0.039592563844158,,,,0.2974578095071858,,0.4703561957415933,0.1872988757188664,0.5936129120167493,0.3972270915001234,-0.1398836015063334,1.620790045024698,0.5396158610721384,0.8482241693960327,0.370394358671276,,0.0740642624891234,-0.7185873953905915,,-0.0759784607302337,-0.4650203740978939,-0.8340624322740663,0.926949933199529,-0.6458204895738894,0.9068861998503184,,,,,0.5432239349344815,-10.16152286551025,4.114000615600461,-0.6551678631382226,0.0,0.0,0.8140179311188507,7.593379159399474,0.4770695334274442,-0.0339517291066282,0.4482846080377913,0.0808622696845546,0.5867545295159698,0.5619515851330326,0.0808622696845546,,0.3272613631408346,0.5274188582433389,0.7676278475585481,,,,0.0,0.0,0.0,0.8361186478444943,0.4322594155381037,0.2196274020830277,0.4093313376271613,0.2517220205040581,0.0,1.0239110644426357,0.8454044655242456,,50.17,0.0268214571657325
2017-12-31,0.0162297480036786,0.3515196737561235,,2.47154965669043,0.0340800734336759,0.110490661902461,0.4932635563968378,0.2390717866862512,0.2791468212880513,,0.5289800618574152,0.0215793997733715,0.6059082583109241,0.5051283132467509,0.426888204702654,,0.4759825371742657,0.125812635834749,0.0458458882576505,0.4851732479284395,0.1126134889228689,0.0366236750282314,0.3917265688022484,0.8610867031745817,0.4243246888111796,-0.0201105622018797,-0.5391224297769314,0.6791443502677967,0.6294102258307475,-0.015593376304075,-0.4646822948797038,0.2707487449752739,,,,0.2428642146949781,,0.218,,,-0.7598363193022662,,0.2559133656312339,,0.0033834037831454,,,,0.0320548997773808,,,,,0.0162297480036786,0.426888204702654,0.962050916012372,0.0328626626927118,,,,0.2974578095071858,0.5392510208974062,0.2389899186028093,-1.902733563217068,0.9573581818782156,1.7285578616641637,0.6098048613488531,0.7559700223909231,0.1370641176309578,0.2826326671753077,0.3493353719962203,,0.0818820081235226,3.012108525746572,-10235000.0,-0.0103099553454163,-0.2670479650449212,-0.6795710490195291,0.9936152170862792,1.1119492293744333,2.146682475746797,,,,,0.0155515566102427,3.0201782898336176,-1.7443969620833064,-3.2044909189724584,0.0,0.0,0.8758408108113118,0.512773160972607,0.7152423353965324,-0.1277017291066282,0.5886784526795941,0.0886252714531981,0.70799285567031,0.6172457804789265,0.0886252714531981,,1.1890780121226217,0.5532665261709174,0.7547260612583289,,,,0.0,61286000.0,0.0,1.1190017432792,0.4766529859918927,0.4244878001075742,0.4213667693575375,0.0307961341307133,0.0,-11.545130074996026,0.8492825824981765,,52.99,-0.0655303030303029
2017-09-30,-0.0132450061019387,0.418813006725563,,0.7820139367989166,-0.0006638555660592,0.1057505597360375,0.2334372564302416,-0.303644234910726,0.3280182232346241,,0.4836014233261375,0.0208463540578551,0.6059082583109241,0.4535732812776918,0.2719101526217272,,0.5132138762939983,0.1122647508233128,0.0047686323290821,0.8066522773159012,-0.0042261871739288,-0.0110404051937927,0.4626511540545339,0.8479877805895913,0.1775604065749794,-0.0214433741157817,-0.6440159461506666,0.4679488846133846,0.5165382363099943,0.0702745852177675,-0.4184846615445011,0.3030912153219117,,,,0.0888681749241658,,0.218,,,-0.6615681631810751,,-0.004468752084306,,-0.0033834037831454,,,,-0.0125958939127643,,,,,-0.0132450061019387,0.2719101526217272,0.9296137679435325,0.0185891202264296,,,,0.4212581872033147,,0.0,-0.0792415275946831,0.2588895446092116,-0.130112683690313,0.3683533036631291,-0.61287016664481,0.2407916938543599,0.13600986068992,0.492643195056628,,0.0897702092881525,1.786018184061504,,0.1210270554242185,0.2272816534930531,-0.6491455495533098,0.7693452333746134,-0.1487398005439709,1.2509453213251598,,,,,0.8639134897909143,3.26605091236765,-0.9468507741533704,-1.126898828030214,0.0,0.0,0.8007577260064244,0.0152525563421223,0.441390151456391,-0.0462896253602305,0.5991011877162321,0.096458235386303,0.8911110016474284,0.6986258238222279,0.096458235386303,,1.2578629882116952,0.5477135989372022,0.7927664247308299,,,,0.0,0.0,0.0,0.703209993053098,0.487678793807581,0.1832086450540316,0.4331346521739594,-0.9095071550619394,0.0,21.664574613098534,0.8474436631818993,,50.03,-0.0185000994629003
2017-06-30,-0.0128810973609756,0.482175536905063,,2.3460491109724,0.0006638555660592,0.1020827033372437,-0.0317893330364102,-0.2911748728007268,0.3752329674880927,,0.4384381803172234,0.0725090703411609,0.6059082583109241,0.5857579051858597,0.382689480558057,,0.5501404083682001,0.1877485360691677,-0.0064570317135138,0.843060996133839,0.9958025083411975,-0.0155273963456479,0.5319629346080484,0.8309284242774295,0.3008499210671554,-0.0226591326879437,-0.7416658999726161,0.3204006551921377,0.3884501123241938,0.0657940420953595,-0.3536397285626156,0.2381342432038415,,,,0.060230240984159,,0.218,,,-0.5496119779079934,,-0.1377491314128411,,-0.0157143290508268,,,,-0.0158097849917864,,,,,-0.0128810973609756,0.382689480558057,0.9051471171385518,0.0,,,,0.4797806797777706,,-0.3419397364427435,0.1257749940993949,-0.1579569800963304,-0.9707225078710308,0.3608901061280383,-1.342213932885515,0.4771060933690871,0.2408168042828624,0.4616653886470996,,0.1119890653017082,0.7653685952663578,,0.5807065931179406,-0.5175757278216898,-0.7787178025894383,0.0840072961975585,0.0889755213055303,0.676268440423033,,,,,-0.2058108461925284,3.292054194960255,-0.827538815040694,-0.0201983508133121,0.0,0.0,0.892285392829406,-47.196949488731576,0.4784553413068995,-0.1434618155619596,0.5587973035631487,0.1185215035708688,0.7216028402176867,0.6393828110480877,0.1185215035708688,,1.211174905882524,0.5487034863835861,0.7701172054442126,,,,0.0,0.0,0.0,0.9076324171287012,0.4774026073875644,0.1971541733900542,0.4331517297642118,0.0402205254164886,0.0,-6.963091551025716,0.9249741401971148,,46.43,0.0626749946155503
2017-03-31,-0.0008047405851768,0.5610680769237623,,0.7387762775094816,0.0154253261220736,0.1019252466562829,0.0910811713617637,-0.2688059638139743,0.4207910540484572,,0.390896583437163,0.092956354311489,0.6059082583109241,0.5244590807405812,0.63506933279269,,0.5819076604508729,0.216213330549413,-0.0062361626831035,0.8430019538483725,1.0081908772689876,-0.0012447248629295,0.6107303179309057,0.8438614564147052,0.2408281696759616,-0.0214739676028273,-0.8505717366448002,0.6451172585928969,0.3099928034312644,0.0800561886688039,-0.1784672760921989,0.3347415550814135,,,,0.089426398719245,,0.218,,,-0.3481880535899511,,-0.136172638140223,,0.0036935770812042,,,,-0.0029444240559237,,,,,-0.0008047405851768,0.63506933279269,0.9290586089301291,0.0140927761219632,,,,0.5598624579754681,,0.4033887392888348,0.2191218460546539,0.0,-0.7844097575215817,-0.1295857583019513,-0.430129148513505,0.547613325221909,0.4795902417995902,0.4683812561756488,,0.1228533080632831,0.1595168502516582,,-0.6013265038087733,0.0033875006136776,-0.7684716213287527,1.179652149511045,-0.2763191296464188,0.5442387955947606,,,,,0.7640045050473986,2.0862806938499663,-0.7466374614354944,0.2595191504034987,0.0,0.0,0.7963537216246624,-0.0111487295236141,0.4260842136833015,-0.0190922190201729,0.4510666460589776,0.1293096693308258,0.6260483428110638,0.6050813954024153,0.1293096693308258,,1.1664840036629505,0.5474869488460302,0.8167543848136044,,,,0.0,0.0,0.0,0.8192625797910686,0.4501653517100169,0.1746418268055352,0.4335217442196804,0.0443587142246903,0.0,1.00663644989909,0.8261686411911099,,45.97,0.073308679573635
2016-12-31,0.0042594350164918,0.6169955450213942,,0.4322324065252545,0.0214276382320425,0.1026088425546932,-0.0379133726756485,-0.2728762089401272,0.4646924829157175,,0.3470065182201382,0.0751826346747923,0.6059082583109241,0.5462791099812212,0.7103698849089786,,0.5864383148689505,0.1501181584367022,-0.0019552532761252,0.8534848943691165,1.015405334452115,0.0070208405023513,0.6862578192482675,0.8436486859372607,0.2503365270379463,-0.025647983357143,-0.9333866355321032,0.4498531017627789,0.3266292594051146,-0.0694253788924805,-0.2725870674667713,0.3661078113909716,,,,0.0738909251769464,,0.218,,,-0.1044890001574897,,-0.0945895963570878,,0.0082518546649486,,,,0.0033628796719979,,,,,0.0042594350164918,0.7103698849089786,0.9267586644460306,0.0138609258743058,,,,0.5598624579754681,0.5150581940548563,-0.2940620417256409,-0.3942777083777078,-1.3423199571037996,-0.653069876345908,3.374351249572064,-0.7905404420871643,0.6836394395347174,0.5508311570965778,0.6746085077165009,,0.1098528536251131,4.295597363864177,0.0,0.3180325715786709,-0.9003878442731602,-0.5486302304487771,0.0080048315957076,1.198912058023572,1.3197568653172889,,,,,1.7467365420020864,3.811057831557944,-2.1200277736021933,-0.9313576771187054,0.0,0.0,1.262444185361134,0.0848808180294791,0.6715169942447605,0.1087896253602305,1.0409260778415823,0.1164002507443974,1.1565093491106988,0.8212864451581293,0.1164002507443974,,1.4405773507565738,0.542265804577103,0.6723847523548275,,,,0.0,81607000.0,0.0,1.399315795682435,0.5834290171259657,0.4345019803432595,0.4091719467848056,-0.2179490602306706,0.0,4.0056297595021455,1.2971732305237849,,41.79,0.1650531286894923
2016-09-30,0.0093176780985179,0.717466609231478,,1.6436096236188222,0.0330154168334674,0.0805122790360584,0.0,-0.271981215670674,0.4646924829157175,,0.2855070196984556,0.0924895507998481,0.6059082583109241,0.6380043987512548,0.8556435148731925,,0.6278035605857375,0.1634382681484715,0.0019552532761252,0.912620059220317,1.0258583380411146,0.0188362725877832,0.7474790292571336,0.8244442140672817,0.4309932014625336,-0.0305855061359893,,1.0726626280484637,0.3747496329563746,0.100108328727445,-0.1498934440020189,0.2877369352819162,,,,-0.0036495197168857,,0.218,,,0.5260672644035213,,-0.2228979584412119,,-0.0048665631960036,,,,0.0113545222356478,,,,,0.0093176780985179,0.8556435148731925,0.9019747799191054,-0.0070656688895083,,,,0.6735198265862992,,,0.6256922417118087,,-2.3674480288837665,0.4422731941116056,-1.4276316620282,0.9354818601061844,0.6882727305817707,0.5140106027433278,,0.1280585626367277,3.1689003195187224,,5.440175991594431,0.7461583779272424,-0.5198783140556897,0.0986875385094039,,0.5241452865676076,,,,,1.8868252299278112,2.935892897370708,-1.1859041810724331,0.3841830197059503,0.0,0.0,0.6552291064653231,-0.0197667658424814,0.3849029675938135,-0.0858249279538904,0.4248195836454209,0.1344784740412385,0.7365592280621097,0.6544362375802704,0.1344784740412385,,1.0367109030917043,0.5381000851303204,0.7652478639209356,,,,0.0,0.0,0.0,0.9274245343609504,0.439274091324321,0.1212067869541831,0.4276257061850406,-0.8681252669799231,0.0,0.0,0.6643710520416443,,38.49,0.2818914003637308
2016-06-30,0.041404822933113,0.8068813058308439,,3.474878719187008,0.0726375963129092,0.0779724343127345,0.257153991760383,-0.2720147779182785,0.5458687098778215,,0.2476696026339067,0.0876279916145434,0.6059082583109241,0.7964122190311234,1.1246070355928768,,0.6425290445195155,0.1643256427534237,0.0367023620554621,0.9230087392502284,1.0679034482738323,0.0668427620419679,0.8064617234345376,0.8263832338060175,0.6774156869159602,-0.0280196436789865,,1.058206801518382,0.279365398562362,0.1480458304686656,1.0455667096629466,0.3167254992013381,,,,-0.0225238035052241,,0.218,,,0.2687697880405563,,-0.1714618337042134,,0.0047933646689696,,,,0.0549378442462212,,,,,0.041404822933113,1.1246070355928768,0.9028868268696962,-0.0049527714046786,,,,0.7362639012756508,,,0.327547622200091,,-1.4706158253623602,0.7151249572064362,-1.3815753301568336,1.1789517367307134,0.9427357704805944,0.4292302929575531,,0.1614657568509196,1.2009479197246438,,3.273115313895456,0.1562177819235112,-0.768555902490709,0.9208962854057748,,0.5391667157196636,,,,,0.5438057676243355,3.9556849998390886,-1.4783430326196665,0.1977377960610803,0.0,0.0,0.6741240646587916,-0.0281112137067815,0.3991126692831547,0.3670749279538905,0.3486226533984853,0.167651733942284,0.5359378392233917,0.5881940956655163,0.167651733942284,,1.057944387109903,0.5905013131368987,0.7950414090903125,,,,0.0,0.0,0.0,0.7416407796259159,0.4528664166579835,0.2330057209916385,0.4741094837195418,-0.0661175779581375,0.0,0.0,0.6991739656363333,,33.59,0.4688895504614468
2016-03-31,0.0640768309210225,0.8942964625494715,,0.3678960836061923,0.0987853561514034,0.0838399776594071,,-0.274556295570211,0.5690619175812798,,0.2080434514601391,0.0777342202013618,0.6059082583109241,0.6649022548487263,1.384628818490002,,0.6772807876737651,0.1257153568005163,0.051269976445323,0.9500269724668134,,0.0951806173996008,0.8839300139814468,0.8596830099271139,0.5334745146451686,,,0.8986207165514014,0.2620005343894507,0.176342962918757,1.795622791767147,0.4086445732958974,,,,0.0090421722278395,,0.218,,,0.8038438353635026,,-0.2720663582399059,,0.0444566698534495,,,,0.0804878284796613,,,,,0.0640768309210225,1.384628818490002,0.9454357998255216,0.0313330960396251,,,,0.8232778276142918,,,,,0.0028151166558124,,2.0020826958477222,0.8073091114899974,1.1887391434988748,0.5258462590651682,,0.2050805482849362,0.0354640254253513,,3.732794851589178,0.686926211399676,-0.5666142250547828,0.1161827953709408,,0.2938204436072733,,,,,0.590900967920239,8.14601100633991,-2.577676609329926,0.8723689569199289,0.0,0.0,0.6419281235345472,-0.0114223179781813,0.4940301671760028,0.0044128242074927,0.4877007763550546,0.2109611122305057,0.8196275680636057,0.7313790450036171,0.2109611122305057,,1.143169033533439,0.6505635872974912,0.8118719183805612,,,,0.0,0.0,0.0,0.7108384779730775,0.5323020053636878,0.2439978485159649,0.5359132828429634,-1.2199247116616831,0.0,0.0,0.6527776671442242,,38.76,-0.0495356037151701
2015-12-31,0.0696890230246791,1.0052833058209023,,0.6290924289380218,0.1068064637167272,0.0775806467198004,0.6203652154548491,-0.2757737496499819,0.6096500310623317,,0.1708722656564028,0.0916198653629595,0.6059082583109241,0.7741854983593673,0.9877206697062136,,0.7566951779166984,0.15030085320831,0.0743035875597644,1.0052757047729233,-0.0042779494685222,0.094930162292932,0.9333891677756484,0.86683323769865,0.3824641024604608,-0.0310643607158343,-1.5823805293907076,1.0365815610212676,0.1836519653708188,0.0090597339697473,2.6380180584375528,0.5571995570019899,,,,0.0260943292888439,,0.218,,,0.8289905994927744,,0.7769140750532066,,0.0661872095542861,,,,0.0795044877715393,,,,,0.0696890230246791,0.9877206697062136,0.954595923546673,0.0391245062932864,,,,0.8232778276142918,0.4887877154914821,0.3771965233742278,-0.6711693559993323,-0.0014370041115059,1.1253345159054555,1.0631975350907223,4.2381519959978045,0.0291732262954954,0.8132292831658124,0.703245398647651,,0.2195380230882772,2.48797869307908,0.0,2.682098765432099,1.609701016250184,0.417709478821348,0.5333378883730577,0.2624206708975521,0.5713216559170528,,,,,3.9180530215818368,6.043606989991311,-2.66257220778663,0.63691357166271,0.0,0.0,0.8458876496962979,0.0490407304811736,0.7714399474634028,0.2871037463976945,0.7497909508466986,0.2253173483779972,0.980710674715896,0.8070639444247336,0.2253173483779972,,1.1678067357588269,0.7542573693706979,0.7674572237315869,,,,0.0,16335000.0,0.0,1.0480122684912114,0.6592915116757831,0.5677179600019558,0.620440238929719,-1.0747944254592054,0.0,4.536067934743342,0.8399878467461028,,43.16,-0.1218721037998146
2015-09-30,0.0493703714225052,1.1200141280810334,,0.2788254103836087,0.092072936171917,0.0363426849266498,,-0.2543998625922098,0.7015945330296127,,0.1281108186180721,0.1098685986233108,0.6059082583109241,0.8117176460730124,0.1566844733206659,,0.7562893918499489,0.1114722825932217,0.1015788316517586,1.0387188435331334,,0.0745019181331916,0.9227455131202376,0.8719219090788585,0.0335763208265982,,,0.8104492746087048,0.1831216722852038,0.1556939799716555,3.252257304694072,0.3604502464423928,,,,0.0236507836198179,,1.218,,,-0.8241247101374505,,0.7053594707833353,,0.0799804828889043,,,,0.0626475440913867,,,,,0.0493703714225052,0.1566844733206659,0.9556269331429932,0.044669494178442,,,,0.8410346185750578,,,,,-2.0448122318120268,,-1.0791686701928729,0.2176688366787072,0.0269962794023919,0.4604964730129687,,0.1860068271408793,1.5206538433720074,,,-0.7633168049486966,0.378924090766798,0.0392169398673751,,0.0776382803981421,,,,,-0.9078834173527444,3.429247256460593,-0.9247607390068788,1.189866484275114,0.0,0.0,0.9771292045174408,0.0460312574809343,0.5323570627078066,0.2124459654178674,0.6774896664328487,0.1920209550674995,0.8087979610564705,0.7164254524398654,0.1920209550674995,,1.278959838365045,0.6797345463209297,0.8044038447235675,,,,0.0,0.0,0.0,1.0308940531896766,0.5981513385446015,0.3254217397682264,0.5603940084697732,0.0267380392994446,0.0,0.0,0.975212141419268,,38.24,0.0557008368200835
2015-06-30,0.0737391085499359,1.1999934724214023,,0.2952371044456855,0.1327798410476441,-0.008381573161252,,-0.2394232031611688,0.7015945330296127,,0.078965306499717,0.0825705626140527,0.6059082583109241,0.8592882652235583,0.3579946532888874,,0.7165451087546396,0.0466749551567378,0.1500366024661988,0.9904080976841176,,0.1317608182335524,0.915830720018817,0.8870752096490121,0.0819630800544124,,,0.7769876761478862,0.1090020416656193,0.2128705961847819,3.0879227188604115,0.3896299210463224,,,,0.0231662874957869,,1.218,,,-0.8407154377942749,,0.6593198037872219,,0.1016430346995417,,,,0.1144641852775118,,,,,0.0737391085499359,0.3579946532888874,0.974859227535887,0.0611816368977421,,,,0.9890350140830366,,,,,-0.4051555310116058,,-0.1420332512494718,0.2358033444615247,0.2174533355125439,0.5577894232411424,,0.1863816505617067,0.3124646338298424,,,-0.117924296725416,-2.712043376704687,0.3307632335088243,,0.7008201661074625,,,,,0.4851902800693212,6.087954172432658,-2.62569344528672,0.1069885385640354,0.0,0.0,1.0097218026019956,-0.0197667658424814,0.5503725651407267,0.1580511527377521,0.6868503128802019,0.1923931537824344,0.7920062321323343,0.709561483133435,0.1923931537824344,,1.219128741078826,0.7220512106323469,0.6826003071228885,,,,0.0,0.0,0.0,1.062037146265057,0.6316243112031474,0.3306439782895702,0.6041211783110334,0.2055344938060657,0.0,0.0,1.0443627905600623,,45.79,-0.0543786853024678
2015-03-31,0.0745169246228885,1.275034365919362,,0.3519479760979153,0.118180210001659,0.0552058241571851,,-0.2187185868056275,0.6966245599503003,,0.0264568723338593,0.0996763309947709,0.6059082583109241,0.912744708878243,0.3773620062896937,,0.7267031619601431,0.0654687900386268,0.1300463611312484,0.984810129413546,,0.1138505018156628,1.1313745035273324,0.8816577483759427,0.0908283396677303,,,0.4810852269772763,0.0861443242533676,0.1949860177823603,3.351732937019797,0.4058536686149339,,,,0.0216812015503875,,1.218,,,,,0.4846807297951165,,0.1015786349724325,,,,0.096405576219981,,,,,0.0745169246228885,0.3773620062896937,0.9705765722896345,0.0552783755387353,,,,1.0292887456221782,,,,,-0.0234078623381923,,0.3604637495325105,0.1625893220573939,0.2357765471740801,0.3894840771869844,,0.1671754730208161,-0.4519466816427772,,0.1210270554242185,0.1667239432470911,,-0.2374519433141574,,0.9395989426976906,,,,,-0.3010984169994888,-1.0099765069352815,-0.2112654884360169,-0.6862784886286719,0.0,0.0,1.0137773419905878,-0.0197667658424814,0.6690556339812502,-0.0325108069164265,0.7263180004200798,0.1733214677502406,0.8342592136493915,0.7168800809730279,0.1733214677502406,,1.6097271683358283,0.6349820762104105,0.825184951853456,,,,0.0,0.0,0.0,1.0658120666378306,0.573523089047131,0.4014864798787345,0.5082134314535769,0.065556920119607,0.0,0.0,1.055223338799263,,43.65,0.0320733104238258
2014-12-31,0.0690221564777353,1.3378105394696698,,1.5086949855996146,0.1228294462511345,0.008381573161252,9.44126489255094,-0.2176603888811564,0.694139573410644,,-0.0264568723338593,0.0761326619221015,0.6059082583109241,0.9270254372242536,0.2991706468388867,,-0.2327091152032721,-0.0195673218370077,0.1410902554525464,-0.260395469115868,-0.0041974916588023,0.1199819406472295,1.1266248650524917,0.8653045205438231,-0.0335763208265982,-0.0299430429080306,-2.270996086196494,2.973174821902137,-0.1475138322147463,0.0501066385686918,3.412834389546296,1.373932588719046,,,,0.0199012049207954,,1.218,,,,,2.7730274127926364,,0.1084117767537593,,,,0.2248331435721418,,,,,0.0690221564777353,0.2991706468388867,0.9453168371797922,0.0369784677402062,,,,1.026350465804963,0.4696749588328542,0.257865073809317,-0.7667915388202244,0.6633331891678723,-0.372751939227693,0.0263745292707976,-1.028935289746317,0.3419530461547698,0.1618006750318852,0.4634912410360324,,0.1920660027407201,0.5198071825766568,0.0,,0.2684226029751092,-2.762792676368365,0.39152909023249,-0.8211967361740707,0.5955986848190785,,,,,1.162277293148089,-1.4000579281047856,0.1960043235195167,0.146516799085015,0.0,0.0,0.9177715292979356,10.572210252727334,-0.585493487220059,7.448937319884727,0.6920775324670178,0.198037701211185,-0.9010284112988414,0.0,0.198037701211185,,1.3100832885154876,0.6093419433060738,0.7932695462718694,,,,0.0,21828000.0,0.0,0.7146658277954727,0.5231042216532339,0.8399980441054227,0.4495817947195379,0.2032117684750106,0.0,3.115434153296309,0.9948121081912704,,38.82,0.1604842864502833
2014-09-30,0.0682858965640101,1.4307332468429168,,1.4107103095079048,0.1323126143889801,-0.0343466647726225,,2.0866116574847595,0.694139573410644,,-0.0734243076479976,0.0157121018663783,82.545617522117,0.9400042360100598,0.4907281239833469,,0.7278613040677014,-0.1290821604487173,0.148675122899634,-8.48231373958085,,0.1378687427210433,1.1196409925285753,0.8588730464315919,0.1694023127191241,,,2.686651760178878,-0.0203998983356654,0.2189697432810046,2.8291458695530256,-0.1765432295381362,,,,0.0343202308729356,,1.218,,,,,-0.2915299867210759,,0.0866498172248224,,,,0.1124761112425768,,,,,0.0682858965640101,0.4907281239833469,0.9569751764612578,0.0304505006754293,,,,1.0241621217985106,,,,,-0.5506528086320327,,0.0076877121916391,0.3328698990516167,0.3430308203657219,0.5971393180117486,,0.1756414095333378,0.3452036027756859,,,1.273184741518975,,0.8607463351248468,,0.3881914019907108,,,,,0.7132188231187063,0.7514884304701831,-0.7808104451650311,0.8124749010587319,0.0,0.0,1.1343833003712636,0.1636742929448377,0.5834871683498027,0.2204610951008645,0.834694629715495,0.1817281214319296,0.9722673759913304,0.7795865644981192,0.1817281214319296,,0.587545968574211,0.4309765137256428,0.7348811976917659,,,,0.0,0.0,0.0,1.5583081016607028,0.4513783018495719,0.3755121998924258,0.2974660058113616,0.1685844724476719,0.0,0.0,1.156937425535716,,40.9,-0.0997555012224938
2014-06-30,0.070369294784277,1.4468616180535567,,1.9099893776624288,0.147779628557071,-0.0870571428337118,,-0.3031908155264222,0.694139573410644,,-0.1318717467451473,-0.0157121018663783,91.43057017031062,0.9692868806848012,0.4810274737968721,,0.7246929314451399,-0.2544605996184764,0.171962813103188,1.1699764043790166,,0.1594505778860381,1.1123419808210404,0.8516525143575797,0.2224524372475386,,,3.50305496334044,0.0203998983356654,0.2405205642754877,2.784883068812742,-0.075423295101153,,,,0.0349943124368048,,0.777,,,,,-0.345876560576754,,0.0834517966677525,,,,0.1306334062495076,,,,,0.070369294784277,0.4810274737968721,0.9311879609802522,0.0225824817205223,,,,0.4480517782565557,,,,,2.3675874831434665,,5.44150334892441,-0.6640222716873911,0.3338531559417865,-0.0667029832407877,,-0.3359051950385215,0.2704634510574751,,,0.7547007707791251,,2.059885920656902,,0.2886544622810484,,,,,0.5950901632871884,0.4109355388922859,-0.7178044537977538,-0.2076794600907322,0.0,0.0,0.3297257321008546,-0.0197667658424814,0.0016753796751624,-0.0095461095100864,0.1751376157696377,-0.3262363713703629,0.7807022825002234,0.420161239538552,-0.3262363713703629,,0.4432780499149672,0.0071108052700242,0.3210309179124394,,,,0.0,0.0,0.0,0.7505537860616308,0.0,-0.2246149332550975,-0.1006681251403119,-2.002362772319521,0.0,0.0,0.2002942726084091,,45.8,-0.0323144104803492
2014-03-31,-0.911886054095224,-0.3205695724989362,,-0.1867797525834912,-0.885316734162656,-0.7590219273047178,,0.0842175504889723,-0.4323876579001863,,-0.1548339626248849,-0.639224367260595,-0.370240461436533,-0.0843831944459478,-0.5836368008373685,,-0.4058940582027183,-0.8356055501248019,-0.8785803612074323,2.063898704038718,,-0.8979066491897741,-0.1925511829993828,0.0101908967246876,-0.6457730413453979,,,0.0456424522905725,-0.4387572000599559,-0.8153171878770074,,-0.6882532784736627,,,,-0.0028595803842264,,-0.782,,,,,-0.2880859552639717,,-0.9014490180410578,,,,-0.9099513103998595,,,,,-0.911886054095224,-0.5836368008373685,-0.0032912998651756,-0.8944229517336021,,,,-0.1600550908167949,,,,,-0.0731484076880203,,0.053394337670664,-0.6814143898905046,-0.6734124653223602,-0.5226957384312242,,-0.8673907146656709,-0.4973196165775332,,,-0.2700181648583632,,-0.4669312656706584,,-0.4084586987781599,,,,,0.0211039028505645,-0.000740192450037,0.1393404485293591,0.3647679687134159,0.0,0.0,-0.1014589191283185,-0.0197667658424814,-1.0508767303207525,0.9467759365994236,-0.7195253890692062,-0.8540001567152484,-0.1706721252556433,-0.2699618019877711,-0.8540001567152484,,-0.3967876506243005,-0.4713174992302771,-0.157433292646113,,,,0.0,0.0,0.0,-0.070412750842148,-0.5376292742835349,-1.0991149577037798,-0.5357097748924556,-0.2734274882528834,0.0,0.0,-0.1136010614752092,,42.19,0.0263095520265465
2013-12-31,-0.9134058629494411,-0.3199663342009573,,-0.143520191567105,-0.885194858036481,-0.7672644422558822,6.343057565972609,-0.2998194548503864,-0.4323876579001863,,-0.1641277358299622,-0.6361315007776882,-0.350754121360926,-0.0873379541708516,-0.6022112941021156,,-0.5602529586814259,-0.8354655632218816,-0.8760517030577508,-0.0463443960494166,0.2254371540994781,-0.8965402092023659,-0.1931925940008232,0.0095622824375232,-0.6540069893060068,-0.0341649441203308,-2.7605746107297544,0.0833030003639956,-0.4413475924079458,-0.8470112296373805,-1.1652739610790197,-0.6958701583679148,,,,-0.0116437057633973,,1051.8,,,,,-0.2844964013509334,,-0.9022615029702852,,,,-0.8900073118771099,,,,,-0.9134058629494411,-0.6022112941021156,-0.0031326830042033,-0.8951037845487488,,,,-0.1706450002783704,0.3956895215185844,0.4822208709959276,-0.3973927960808469,0.5012028514998091,-0.0028151166558124,-0.5962067785005135,-0.1300305507389976,-0.6654618434889484,-0.6909855622541697,-0.4985294100638547,,-0.8686589142098237,0.6933981730846959,,,0.0981884235848593,,-0.1678906302426168,-0.7007252946509519,-0.2708089820241789,,,,,0.1628217223078809,0.0,-0.0023908203949864,0.1305045614443367,0.0,0.0,-0.0529407294410287,0.0126534660237337,-1.0508767303207525,0.8657240634005764,-0.6620140845628594,-0.8552594756755547,-0.1012466089063301,-0.2414292538102018,-0.8552594756755547,,-0.3587394799191825,-0.4763720693358128,-0.1837618616372012,,,,0.0,0.0,0.0,-0.0515381489782811,-0.5251305261816147,-1.129333528922791,-0.5387794717403238,-0.3527205254164887,0.0,1.1382903603373618,-0.0639320328137855,,38.35,0.1290743155149933
2013-09-30,-0.9179503441260696,-0.3191365063930411,,-0.137212494205168,-0.8884012314680151,-0.77683022087186,,0.0402628516262389,-0.4340443155932905,,-0.1752751335934245,-0.6338543675670081,-0.292295101134105,-0.1027777961772621,-0.5851742396024385,,-0.4286000014492359,-0.8394729849003958,-0.8772883128035946,-0.0463443960494166,,-0.8967649625841145,-0.1935382765654624,0.0061067929123723,-0.6372719418764144,,,0.0992733087202953,-0.426401818041323,-0.8141771419317823,,-0.6958839321109423,,,,-0.0141083164812942,,-0.782,,,,,-0.6114065351709586,,-0.9089607594662314,,,,-0.9105780941343998,,,,,-0.9179503441260696,-0.5851742396024385,-0.0059877865017051,-0.8987858738769646,,,,-0.1756417379888453,,,,,0.4093317212420912,,0.5839649905045,-0.7793059787613714,-0.6748670170056933,-0.4621881622618363,,-0.8730609757386382,0.5079773316144843,,,0.0490942117924296,,-0.1984868320715466,,-0.22988476750281,,,,,0.1585826555675154,0.0005149164869822,0.0472294400183248,0.1145150281462897,0.0,0.0,0.0300903228676444,0.2361752334051503,-0.6815692722957355,-0.5720461095100865,-0.6280113976372492,-0.8596307117111066,-0.1360049769487728,-0.2584593929173175,-0.8596307117111066,,-0.1085774088986438,-0.4826718495807997,-0.154593937166682,,,,0.0,0.0,0.0,0.0085984297379838,-0.5233025020763804,-1.0871057649992666,-0.5484183483052805,0.0730323579666809,0.0,0.0,0.0181138104433775,,19.46,1.225077081192189
2013-06-30,-0.926915008784122,-0.3184158467099456,,-0.2296304813634555,-0.8962960031747024,-0.7890743319260286,,0.0322309451161829,-0.4348726444398426,,-0.1894844432579948,-0.6378526921177207,-0.272808761058498,-0.1007622179352321,-0.706757884512926,,-0.4334183214123287,-0.8473146241233024,-0.8793450338790754,2.071004149609562,,-0.9054983750599715,-0.1941868238708797,0.0016655319091527,-0.6924562563959403,,,-0.0818795174457906,-0.4235097842612065,-0.8228980040595524,-0.910605125904324,-0.69579784621702,,,,-0.0133499747219413,,-0.782,,,1.2262720010426906,,-0.5801495243234722,,-0.9130701734481376,,,,-0.9190203812076682,,,,,-0.926915008784122,-0.706757884512926,-0.0106273296851455,-0.903625396144692,,,,-0.1794884848705895,,,,,0.4295879173110615,,-0.8912403405751699,-0.6249737099789062,-0.7898957904360728,-0.5403543834529043,,-0.8841985859575082,0.3170531949744938,,,-0.0981884235848593,,0.4056236845797671,,0.6776937803603013,,,,,-0.0558808739127001,0.0016734785826923,-0.2926965447634591,-1.8671710814787903,0.0,0.0,0.0002854447284475,0.0855647891658972,-0.6521984187311585,-0.6673270893371758,-0.6947882361799685,-0.8706903306691741,-0.2301437440593147,-0.3041557041289793,-0.8706903306691741,,-0.1800194775934997,-0.5041148597124684,-0.2269340648283043,,,,0.0,0.0,0.0,0.0,-0.5563070878169831,-1.085736638795169,-0.5708682638245761,0.3101105296881674,0.0,0.0,-0.0181138104433775,,17.3,1.5666864256075872
2013-03-31,-0.936132775265774,-0.317661798837472,,-0.080852050184157,-0.9047623523113212,-0.8004013719126448,,0.027382187462263,-0.4373576309794988,,-0.2023417553180759,-0.640905094477131,-0.233836080907284,-0.1062495365349405,-0.5419335857383317,,-0.4363825543469325,-0.8522663642316854,-0.8992203241308372,-0.0763339067316384,,-0.91518872459018,-0.1944248909715478,-0.0153548469169072,-0.6190530551865056,,,0.184090790910509,-0.4356916293571592,-0.8325744280755332,-0.8868122931972408,-0.6958942624182131,,,,-0.0438205679137175,,-0.782,,,,,-0.7324690916367032,,-0.9307324850390564,,,,-0.9283565198663852,,,,,-0.936132775265774,-0.5419335857383317,-0.028154492822587,-0.9221720436563244,,,,-0.1789961502860847,,,,,-0.0130101527349536,,-0.6056312443233424,-0.5225620916879385,-0.6339575724831367,-0.5380736100717965,,-0.8974611349681365,-0.3828566079960517,,,-0.0981884235848593,,-0.3703832943918106,,-0.0844902833020795,,,,,0.1047548198604432,-0.0092684967656808,-0.1127980472580726,-0.3195636225346276,0.0,0.0,-0.0415414756751045,-0.00417222393215,-0.7668481661314759,-0.5755583573487032,-0.7464303123253796,-0.8838600085073992,-0.2472164297690134,-0.3185701932632038,-0.8838600085073992,,-0.1795339913077605,-0.4955990969495765,-0.1768406592204678,,,,0.0,0.0,0.0,-0.043726160984625,-0.5580713789290631,-1.1845093149479242,-0.5548053670596765,0.2219537590773173,0.0,0.0,-0.0556159298661662,,15.45,1.7827763496143956
2012-12-31,-0.9380709693634418,-0.3166852880852089,,-0.1227537041295706,-0.9046524617161366,-0.8105269489641037,,-0.3032276681904585,-0.4373576309794988,,-0.2137993362233648,-0.6391405068307399,-0.175377060680463,-0.10658514312905,-0.4325596790087367,,-0.5664276388307657,-0.8548051097592225,-0.9052003929812666,-0.0485514035856833,,-0.9147708927839084,-0.1950214859840135,-0.0217397873260217,-0.5844853423653108,,,0.1291664500025999,-0.4464397466584367,-0.8624483699555574,-1.076846503280803,-0.696025112976975,,,,-0.0591559234917425,,-0.782,,,,,-0.5807012969688885,,-0.9364217204273212,,,,-0.9115457202646798,,,,,-0.9380709693634418,-0.4325596790087367,-0.0358077563645015,-0.9292146921971824,,,,-0.1246126935772263,,,,,-0.0287814998119691,,0.7766065851656491,-0.6714263892653716,-0.5304802804044482,-0.5642662644856675,,-0.8862023412372696,0.970037142455997,,-0.1790780141843971,0.0981884235848593,0.0115304656333528,-0.2850524337943277,,-0.1628040935426634,,,,,-0.2808007680191506,-0.0148360312811765,0.7577039534434256,-0.2091836227900515,0.0,0.0,-0.2830796149832533,-0.0197667658424814,-1.0612185801674343,1.0098162824207493,-0.9801730253276424,-0.872680054626458,-0.4696867696719921,-0.4060800422681663,-0.872680054626458,,-1.2108376818756632,-0.4816765006864357,-0.1605132714712586,,,,0.0,0.0,0.0,-0.1964793624578926,-0.6115635928817328,-1.1044545498997604,-0.5461185661512911,0.1658078812473302,0.0,0.0,-0.3118675158771793,,13.72,2.15597667638484
2012-09-30,-0.9223156803225284,-0.3156161157287164,,-0.0286638851473438,-0.8887213217971087,-0.7972513825505978,,0.0997391028811215,-0.366949679022572,,-0.2156940693909075,-0.6238151598838679,-0.116918040453642,-0.1058654630065084,-0.5915442753886266,,-0.4149011375645153,,-0.8813579176770688,-0.0485514035856833,,-0.9009861869633912,-0.1662833044170296,0.0028555416362866,-0.6652554579634911,,,0.3271930736831158,-0.5160719954791025,-0.8183923002016817,-0.9198726936234648,-0.6965984450304981,,,,-0.0225659336029659,,-0.782,,,1.2227474896681312,,-0.1957944010235079,,-0.9108470724033044,,,,-0.91270300095655,,,,,-0.9223156803225284,-0.5915442753886266,-0.0047188516139265,-0.9041628235092308,,,,-0.0027320589273117,,,,,-0.4354561525592413,,-0.6818400384677031,-0.5551608348880721,-0.680893628592575,-0.4787133600657245,,-0.8537336146857507,0.0064669568288085,,-0.1639085894405043,,-0.197233972532368,-0.5268254830070582,,-0.389280378520954,,,,,0.3960535119836754,-0.0181829884465613,0.0938289632858748,0.4068760101658694,0.0,0.0,-0.0984339464216537,-0.0197667658424814,-0.1263153540273748,,-0.0287952824244153,-0.8404386907560392,-0.0582346791893119,-0.2151898150921314,-0.8404386907560392,,-0.1804933354652092,-0.5306656890674782,-0.1439058856470361,,,,0.0,0.0,0.0,-0.1730433984769245,-0.5288068070883228,1.2891496748325266,-0.7351945297632156,0.1080601238786843,0.0,0.0,-0.0990353639205395,,12.38,2.528932355338223
2012-06-30,-0.9178872540614088,-0.3145375646673425,,-0.0997495902551916,-0.886682701437296,-0.7836328058855425,,0.0748036690775547,-0.1250776558293642,,-0.2255314275104673,-0.6225361417194349,-0.058459020226821,-0.104041167598605,-0.4673745951068635,,-0.4264217842291806,,-0.8844933457392828,-0.0762276768848529,,-0.8970409932206548,-0.1227264449160114,0.002942438131958,-0.6215909945160656,,,0.2006135926368883,-0.517039482442886,-0.8144527758985693,-0.910605125904324,-0.6950041342750556,,,,-0.0171311509942703,,0.218,,,0.7844400154231315,,0.0989249528567877,,-0.9105107211153984,,,,-0.9088852782236018,,,,,-0.9178872540614088,-0.4673745951068635,-0.0053929732730589,-0.9047879065977658,,,,0.1199303890519068,,,,,-0.0114464056361833,,0.1502824364821479,-0.5901661635287875,-0.5634182392787479,-0.523681143563427,,-0.8545142619607069,-0.222569679332542,,-0.0958760178618334,0.0686091609799204,0.1719014632815071,-0.1803600514882168,,-0.3596145275355494,,,,,-0.0155515566102427,-0.0143532970746307,0.4466252925891726,0.2640458287156011,0.0,0.0,-0.2070289837611606,-0.0197667658424814,-0.2739142350392214,,-0.0944149199668691,-0.8412138715382721,-0.0918984104048879,-0.2297855412767382,-0.8412138715382721,,-0.2073142724246696,-0.5407871175365047,-0.0233448395042284,,,,0.0,0.0,0.0,-0.1497909375696328,-0.5455574563049633,1.1441592098185909,-0.7445872044020335,-2.1923723835967537,0.0,0.0,-0.227987305084225,,10.99,0.0537037037037037
2012-03-31,-0.9188336050313244,-0.3134590136059685,,-0.052963851199667,-0.8890112740904274,-0.7790186405391265,,-0.2956781367293063,-0.1250776558293642,,-0.2305563604339999,-0.619762296731921,0.0,-0.1001909543360162,-0.5047597044692659,,-0.4009663442999719,0.3350717017662076,-0.879817945114998,-0.0423381525507771,,-0.8946840903609551,-0.1053743790701909,0.0022801671948396,-0.6324423624020516,,,0.2839230929228849,-0.5176829841647558,-0.8164787821649576,-0.8868122931972408,-0.6961370246390741,,,,-0.0050714105156723,,0.218,,,0.9547434275194284,,0.4328929257896109,,-0.9104256348480404,,,,-0.9148235892687588,,,,,-0.9188336050313244,-0.5047597044692659,-0.0074946466809421,-0.9065973197246822,,,,0.1256188194641643,,,,,0.1559321750262522,,0.0106174746341439,-0.5997819098166188,-0.5987878260162056,-0.5113751451988294,,-0.8656659632856232,-0.4622895579920099,,0.1268715524034672,0.0855957582601011,,-0.282405304994479,,-0.2882704473913616,,,,,0.0980221844492745,-0.0293824220384256,-0.0369217113692815,0.1422228402848827,0.0,0.0,-0.0535412754930872,-0.0197667658424814,-0.3284571511306227,,-0.0756975900892867,-0.8522874829292318,-0.0491455447368949,-0.2178669013532878,-0.8522874829292318,,-0.173251740628225,-0.5499295814551073,-0.1532245715810704,,,,0.0,0.0,0.0,-0.0381424245998977,-0.5407795050880173,1.013192508923769,-0.7407447465952444,-1.3997890858607434,0.0,0.0,-0.0667222742516019,,11.37,-0.0121527777777776
2011-12-31,-0.9230624362325442,-0.3123418222804827,,-0.2782815174976547,-0.8919072431743076,-0.7883921622656704,,-0.2392876380041781,-0.1250776558293642,,-0.2415996277122817,-0.6155939055752085,,-0.1787543470128024,-0.5150291617356537,,-0.4315283930645801,-0.8347632560479087,-0.8867362202638103,0.0632577665381568,,-0.901828917498662,-0.1057925664832351,-0.0004148835404742,-0.6354964722930416,,,-0.1471972336331964,-0.4728881143034829,-0.8528736389955948,-0.8154618361280915,-0.690166107036618,,,,0.0028595803842264,,,,,0.9547434275194284,,-0.5692959744850628,,-0.9147364227828356,,,,-0.914226075434932,,,,,-0.9230624362325442,-0.5150291617356537,-0.0107462923308747,-0.9058923687201148,,,,0.1256188194641643,,,,,-0.2026084454429369,,0.4890585612496175,-0.6963730807843124,-0.6085036317400592,-0.4827536753182616,,-0.8622587338436662,-0.1373781595551414,,-0.0420278434462831,,0.2656181019882327,-0.4423008644407977,,-0.544900310295243,,,,,0.0455574996155748,-0.02925369291668,-0.0117823064974481,0.7145680995471902,0.0,0.0,-0.0144464689189615,-0.009780787250778,-0.5896302271587319,,-2.730590132879964,-0.8489041126558757,-0.9525237764240768,-0.5962745034795978,-0.8489041126558757,,-0.9962876288210242,-0.3056294557735356,-0.1583520363297502,,,,0.0,0.0,0.0,-0.0513546459046046,-0.631564624749241,-6.834814923475625,0.054325237725393,-0.0116536736437419,0.0,0.0,-0.0209313625641089,,11.27,0.061892130857648
2011-09-30,-0.9103488184645566,-0.3106333973992664,,-0.3925172749871327,-0.8750386187135444,-0.7938585048482645,,0.0227427002934064,-0.1250776558293642,,-0.25457567910212,-0.3705431736803747,-0.5259991426010366,0.0261914236036447,-0.6181869274327771,,-0.4496441541366843,,-0.8767160813521125,2.129314448846848,,-0.8980621635547984,-0.0949742151064708,0.0004148835404742,-0.7028304384994335,,,-0.3207061515261817,-0.5155536190920407,-0.8154724787601546,-0.7801721720598956,-0.6870859537520753,,,,0.0045658493427704,,0.218,,,1.0616409342942017,,3.7701230271096207,,-0.8938764650518648,,,,-0.8925424771436864,,,,,-0.9103488184645566,-0.6181869274327771,-0.0090015068601792,-0.9079250895211955,,,,0.2164536939663661,,,,,-0.1289208146174095,,-0.1674530203461121,-0.6736175333911963,-0.7060999101432498,-0.4555432315659652,,-0.8376246622538019,-0.4455669436396203,,-1.5532571578670868,1.1782610830183122,0.1860928055994798,-0.3043358691076799,,-0.3930168153673228,,,,,0.185363583091942,-0.0615647024748173,1.3304557590854753,0.4570838258520159,0.0,0.0,-0.1345519722562552,0.000341985568209,-0.6682282859935157,,-0.0684056385807643,-0.8244425414735711,-0.0269317147303453,-0.1932340215733526,-0.8244425414735711,,-0.1666991293224995,-0.4490907713134714,-0.0477571716694447,,,,0.0,0.0,0.0,-0.1258568938172571,-0.4599529185158508,0.9310058187863676,-0.6602566406031805,0.2056412857753096,0.0,0.0,-0.1514946340197797,,9.92,0.0836693548387096
2011-06-30,-0.9098453243816176,-0.3051648621569539,,-0.464081167800081,-0.8769079086064587,-0.7836678913416262,,0.0355917764596369,-0.1250776558293642,,-0.253370449424541,-0.6084833621346994,-0.3940917416890759,-0.0799438386705929,-0.5655881146478196,,-0.4389163797867738,,-0.8656992864387157,-0.0760705767573519,,-0.8846635304532945,-0.0786186627479794,0.0090559844132874,-0.6381619432250158,,,-0.4481371223545317,-0.4801446389286888,-0.8020931001608029,0.8507795412483876,-0.6614392442347201,,,,0.0789149393326592,,0.218,,,1.222342904001868,,1.057093310211432,,-0.900002364287462,,,,-0.8960641420284345,,,,,-0.9098453243816176,-0.5655881146478196,0.0,-0.8993922250573579,,,,0.2379294805124756,,,,,-0.0660473967840918,,0.0416947160335523,-0.6623877431551027,-0.6563368279211116,-0.5374444312080427,,-0.8335241503943749,-0.5657098123306147,,-0.1910953506698187,-0.1718297412735038,0.4179984428051981,0.0444399436313834,,-0.471929072169572,,,,,-0.0854379745572876,-0.0112316158723007,0.2242074144064824,0.4661513726903653,0.0,0.0,-0.1903471489817593,-0.0799562258472692,-0.5711596833325577,2.4273234870317,0.0327701885999849,-0.8203707435019142,-0.0850496326581248,-0.2154632065749115,-0.8203707435019142,,-0.2163466430222248,-0.3911530004171181,-0.0566252357015045,,,,0.0,0.0,0.0,-0.1271414153329925,-0.433207317356922,1.7432106009486088,-0.6589644362740825,0.1749385946176847,0.0,0.0,-0.2225388238426813,,13.01,-0.0960799385088393
2011-03-31,-0.903627074057354,-0.3034560621275423,,-0.3943314680362547,-0.8684915920933926,-0.7871145382185267,,0.0409860851579515,-0.1250776558293642,,-0.2586095887784368,-0.5926478153698281,-0.3940917416890759,-0.076929841581517,-0.5818911515231526,,-0.3994151943351392,,-0.850018736561619,-0.0366666403807649,,-0.8706764498396661,-0.0787425489850177,0.0156761435612282,-0.6418588486570839,,,-0.3239366127606469,-0.4815738979614066,-0.7931956088299942,0.7412652122707644,-0.6651288856482332,,,,0.1538011880687563,,0.218,,,,,1.2999035913729438,,-0.8928182065516879,,,,-0.891473086126363,,,,,-0.903627074057354,-0.5818911515231526,0.0082877309858037,-0.8931554259493535,,,,0.2381849589830533,,,,,0.3047540421979293,,-0.3608989397096465,-0.6044658159089283,-0.671760928229508,-0.6362717759691455,,-0.8330027794706676,-0.6367782642177322,,-0.2314814814814814,-1.5710147773577494,,-0.2484953117660336,,-0.1597319744251689,,,,,-1.5716215261471456,-0.0033791394458211,-0.0985962877860573,-0.3479213464810397,0.0,0.0,-0.0226168608864727,0.0404226941623063,-0.6372027364534695,,-0.0068243154878672,-0.8198530234848994,0.0055753502381747,-0.1770317364506106,-0.8198530234848994,,-0.1521810544064421,-0.42790035315088,-0.1580107886758278,,,,0.0,0.0,0.0,-0.033764565556473,-0.4352609360252261,1.061092367121412,-0.6476348782741387,0.1011186458778299,0.0,0.0,-0.031559769998532,,12.57,0.0445505171042164
2010-12-31,-0.9090019368535764,-0.3014779056939337,,-0.9598450087789422,-0.8724344136892951,-0.7977890742962701,,0.0428563578577941,-0.1250776558293642,,-0.2708553678097252,-0.5725781965521342,-0.3940917416890759,-0.0839377294673737,-0.5200314956174885,,-0.5420599050251789,-0.8061323754116564,-0.8662952520121504,-0.2155033061230124,,-0.8826894192413419,-0.0792968970779404,0.0082437855368984,-0.6037580269168744,,,-0.2437925744891061,-0.4550257279659778,-0.8310013990566048,0.6865851606752286,-0.6696724991294564,,,,0.14523824570273,,-0.782,,,,,0.004468752084306,,-0.9026317701997456,,,,-0.8776968794687081,,,,,-0.9090019368535764,-0.5200314956174885,-0.0042033468157665,-0.8967877693676695,,,,0.0785957286103177,,,,,0.1071715282745835,,0.4188958020661819,-0.6883021546780345,-0.6132362775752809,-0.5215468701628502,,-0.8436612920839689,0.7018583991729103,,-0.7706199106908327,1.5710147773577494,0.8658926177728904,-0.4320656901800257,,-0.4236651278040795,,,,,0.0466047984573121,-0.0203392012357995,-0.3739987544827882,0.3976750753145616,0.0,0.0,-0.0002854447284475,0.4014226599637495,0.1012880773984042,2.1481448126801155,-0.6156507472268787,-0.8304396982112073,-0.1647793303376772,-0.254548973169237,-0.830436899724629,,-0.1804119365670014,-0.3087192699682485,-0.2660287960520271,,,,0.0,0.0,0.0,-0.023829184853132,-0.4025497243800954,-0.8688474891203364,-0.3829863083977983,0.0689208671507902,0.0,0.0,-0.0328979934613673,,14.12,-0.008498583569405
2010-09-30,-0.91647539995165,-0.2992529017478436,,-0.3073816120401094,-0.8733106814346643,-0.8609177934571258,,0.0211593519064179,-0.4622074963760613,,-0.2831609411816067,-0.5582767678606955,-0.3940917416890759,-0.0990380875249288,-0.6095673124525562,,-0.4467833935324651,,-0.8550865029594535,1.419114823009136,,-0.8770339460684847,-0.1832874040809382,0.0054615864320126,-0.6472169892040116,,,-0.1691084706983516,-0.4808104844603458,-0.8002843835180339,0.6587123548875554,-0.6671398521302601,,,,0.0875726744186046,,-0.782,,,,,1.0285769722840357,,-0.9063204642590056,,,,-0.8909264347429563,,,,,-0.91647539995165,-0.6095673124525562,-0.0072567213894837,-0.906619207925038,,,,-0.1217907552446297,,,,,0.3501380364747264,,0.0568331171953547,-0.7063194058764267,-0.6979449996752596,-0.5355275946206749,,-0.8547594472059098,0.5516867269965665,,-0.0178618334646703,-0.3682065884432225,,-0.1426843418475973,,0.0154741182373436,,,,,-0.0541021282608605,-0.0733434171145367,-0.1146162160614455,-0.517304256638537,0.0,0.0,-0.0609443030607459,1.014260798194316,-0.2299613731908226,,-0.0043276146996231,-0.841457339870598,-0.0055753502381747,-0.1935826725092576,-0.841457339870598,,-0.1407125310696687,-0.265597042079774,-0.1043255327619622,,,,0.0,0.0,0.0,-0.0311693078001913,-0.3181571250957259,1.1343406190406338,-0.4837939005251714,0.2342882315249893,0.0,0.0,-0.1264962555915778,,11.83,0.1834319526627219
2010-06-30,-0.9233269182260352,-0.2970282729499487,,-0.2617238119225701,-0.8796224223258109,-0.8682639177924945,,0.0,-0.4622074963760613,,-0.2919734718670813,-0.5530029437649844,-0.3940917416890759,-0.0895103498714899,-0.6288094373694558,,-0.4542461795296356,,-0.8675396107716914,1.5951015763289262,,-0.8899370532787293,-0.1833156638446866,-0.0035860074319644,-0.6529737415603809,,,-0.0878074463106442,-0.4897554563118004,-0.8073590446716572,0.7422746901463743,-0.6530079917839623,,,,-6.985333459723627,,-0.782,,,,,1.65513603317912,,-0.9132213443191862,,,,-0.8972126657418125,,,,,-0.9233269182260352,-0.6288094373694558,-0.0210960425093187,-0.9182467825975084,,,,-0.1217907552446297,,,,,0.6527351861226277,,0.0911859418030278,-0.7305816297429096,-0.7161497346049835,-0.5088954402652113,,-0.8612949021901102,0.1945958364710837,,0.0200945626477541,-0.0245471058962148,,0.2260357123248394,,0.3438587049448224,,,,,-0.0310948013249161,-0.0547098767418659,0.1993972841998267,-1.133264558095446,0.0,0.0,-0.072447354909742,1.1786874593892138,-0.0492685726695934,,0.0,-0.8479470302460429,-0.0156387114665032,-0.2013804733973192,-0.8479470302460429,,-0.1465558091195837,-0.1026506455090171,-0.1026411693419607,,,,0.0,0.0,0.0,-0.0647765850077988,-0.2010239767566785,1.225270157938487,-0.3205691391578115,0.2353561512174284,0.0,0.0,-0.1402562880002549,,10.38,0.1464354527938342
2010-03-31,-0.9344170221329758,-0.2933972135680223,,-0.3784490657088311,-0.8910212546058388,-0.8756240192607744,,-0.0092816066708586,-0.4622074963760613,,-0.3002724846786557,-0.5566558571745457,-0.3940917416890759,-0.0995132788898875,-0.6547210893334527,,-0.4604302095883476,,-0.8798040854504995,-0.0769912607497715,,-0.9030328603283508,-0.1841006572821414,-0.0121795356218212,-0.6800745092809839,,,-0.2956554521345744,-0.4869863134855133,-0.820436032395224,0.362753070495205,-0.6628872089704945,,,,-6.458707237950792,,-0.782,,,,,2.452132207151216,,-0.9225553733713416,,,,-0.9095011857108825,,,,,-0.9344170221329758,-0.6547210893334527,-0.0379490839876278,-0.9332318288054549,,,,-0.5360837709828369,,,,,0.7882642732596922,,0.1259351003220213,-0.7611608755040576,-0.7406644260765859,-0.5554731814436956,,-0.9373192375302518,-0.4077182278836458,18499000.0,0.1481481481481481,1.5464676714615346,,0.1302695810786903,,0.2869235922490659,,,,,0.3089947177903657,-0.0482412383741511,0.0309947673960816,-1.1036921518182632,0.0,0.0,-0.1229340011010011,1.3273827844464965,-0.2003629989296185,,-0.2713913756821343,-0.923439004186536,-0.1642940413444329,-0.3053875017086968,-0.923439004186536,,-0.2641975667543643,-0.3623015361005124,-0.208196068652028,,,,0.0,0.0,0.0,-0.0641474316123366,-0.4327793958314576,0.647088161948071,-0.5491370302284021,0.3153166381888082,0.0,0.0,-0.2060568267034754,,11.52,0.0685763888888889
2009-12-31,-0.9897499751005304,-0.3116961922364394,,-0.6201236717515176,-0.9430598867247116,-0.9337581953866976,,-0.2239878596795332,-0.8465520811762269,,-0.3061158526390559,-0.6217790521044496,-0.3940917416890759,-0.1143297284166105,-0.6873792157214053,,-0.5616379919230808,-0.8703128114115425,-0.9326120197143322,-0.0863933652514064,,-0.9550201725940236,-0.2905006659598871,-0.0704972221417843,-0.6628785952786864,,,-0.7749532005615932,-0.3608324186336201,-0.9149460974822452,0.4265464640233301,-0.676926096551356,,,,26.592354440512302,,-0.782,,,,,-0.2335150342887287,,-0.98486239016233,,,,-0.9562386993991592,,,,,-0.9897499751005304,-0.6873792157214053,-0.1164644301689269,-0.9826448871068036,,,,-0.5360837709828369,,,,,0.5238701532090981,,-0.1229431678542112,-0.7464967388012457,-0.7715618730457584,-0.5943882025878836,,-0.9444634282956454,-0.3654681523649065,,-0.0699369582348305,-1.7182974127350386,,-0.0465326590247741,,-0.0222448333179166,,,,,0.1090437579742248,-0.0443471824413477,-0.4303047222281873,-0.5492492667206841,0.0,0.0,-0.042712911184058,3.661639478813994,-0.0269922280998402,2.1179755043227666,-0.6435662398497224,-0.930533167662928,-0.185964201726972,-0.3184027793776811,-0.930533167662928,,-0.5080279663357414,-0.4466822727542696,-0.3288096144339008,,,,0.0,0.0,0.0,-0.1811437484435007,-0.5129575244891497,-0.8483301550046453,-0.5282796000001423,-0.0205708030756087,0.0,0.0,-0.1661604707451378,,9.06,0.0805739514348784
2009-09-30,-0.9997860014669296,-0.31049459256702,,-0.7194516537628992,-0.952581972996616,-0.9400571757441548,,-0.1135331866465688,-0.8465520811762269,,-0.3134483035245664,-0.594008934654399,-0.3940917416890759,-0.1167069776929857,-0.6717181613726054,,-0.5110440739923778,,-0.9447516688524974,1.1577529249048433,,-0.9656792794481456,-0.2907861181189616,-0.081889982409048,-0.712762793108307,,,-0.9028651656180126,-0.4889764021438885,-0.8829924254950036,0.5093516908754416,-0.6697430895624727,,,,-5.194804305695989,,-0.782,,,,,0.6158025260272976,,-0.9906910334869924,,,,-0.9736579290681544,,,,,-0.9997860014669296,-0.6717181613726054,-0.1345070981045285,-0.995127748354311,,,,-0.5360837709828369,,,,,0.4535573154683129,,-0.100740697567112,-0.7358687715165391,-0.7567451444167126,-0.5845588249467878,,-0.9588025378081988,-0.5212665024399998,,2.1480168111373783,-0.1227355294810741,,-0.0828613783468866,,-0.1298194569412793,,,,,0.2634455300703602,-0.0471792231197502,0.0391550525765742,-0.313322766353867,0.0,0.0,-0.1558824783275163,0.4911596730617968,-0.2375522909782872,,-0.4115276242108642,-0.944771867374124,-0.2620451099836351,-0.358242676410462,-0.944771867374124,,-0.3428754160791895,-0.5322372207237375,-0.2893867604660218,,,,0.0,0.0,0.0,-0.1716802327867563,-0.586068372350402,0.4848075888709598,-0.7144552195342017,0.2978027552328064,0.0,0.0,-0.2012638018518918,,9.07,-0.1212789415656009
2009-06-30,-1.007966061880515,-0.3092599798564177,,-0.6934725553109863,-0.9611915213552416,-0.945186213027408,,-0.1204456934865219,-0.8465520811762269,,-0.3194705448958884,-0.6248725050239288,-0.3940917416890759,-0.1159125507872888,-0.6603676688999637,,-0.5104886893756746,,-0.9567669795308806,1.2304284538896857,,-0.9764606272394496,-0.2909316987200896,-0.0920432082434927,-0.7417970849811517,,,-0.8566052207373511,-0.496270166452073,-0.8937582799533174,0.8255986764623409,-0.6485900637078658,,,,-4.6892431327940685,,-0.782,,,,,4.891852561498396,,-0.996641986370893,,,,-0.983609975214152,,,,,-1.007966061880515,-0.6603676688999637,-0.1450947735744309,-1.0260202328623196,,,,-0.5360837709828369,,,,,0.5246380813325133,,0.1261332672776814,-0.7664840418909743,-0.7460065847369138,-0.6381623967705236,,-0.9624634071589864,-0.5252892048621305,,-1.3371421066456528,-0.6136776474053709,,0.284825983248028,,-0.0952398971849185,,,,,-0.5145811428025219,-0.0444759115630933,-0.1024330534498679,-0.4819961658041382,0.0,0.0,-0.0668533796470494,0.8781505420471256,-0.0016753796751624,,-0.3454958328874939,-0.9484071014395417,-0.2236890355702236,-0.3440923633157779,-0.9484071014395417,,-0.3123159440091864,-0.4343776304552185,-0.4068765777235281,,,,0.0,0.0,0.0,-0.1705529996198865,-0.5029271653284424,0.6050951053738204,-0.6212073073585558,-0.0586421401110636,0.0,0.0,-0.1050209552594116,,7.1356,-0.1191210269633948
2009-03-31,-1.0285017353190389,-0.3058063655708494,,-0.7203350234165964,-0.9803891714107144,-0.955005148897648,,-0.104541794704996,-0.8465520811762269,,-0.3341726482594941,-0.6250355343910596,-0.3940917416890759,-0.1046264327566252,-0.6791217060440468,,-0.5513895562603136,-0.8657786593525487,-0.9798643096779523,-0.1368769362608927,,-0.9994482752470494,-0.2858780536958347,-0.1022899107792592,-0.6716018173253344,,,-0.7476015287816546,-0.370368011857115,-0.9022841568823942,0.431327463406427,-0.6843673612220065,,,,,,-0.782,,,,,-0.3911704249862057,,-1.026354348063099,,,,-1.000394703811397,,,,,-1.0285017353190389,-0.6791217060440468,-0.1650011896264573,-1.0279146600338789,,,,-0.5360837709828369,,,,,0.3476780633336169,,0.0242404814291334,-0.7655212664417483,-0.763749545898671,-0.733401263061148,,-0.9844680783606408,-0.6881544071034416,,-1.1715261360651432,-0.2401688840885659,,-0.1643103690192226,,-0.0871517587601644,,,,,-0.5003013062143887,-0.0290605992340617,0.497820344879421,-0.6736491980400476,0.0,0.0,-0.4756028166351256,0.5265893779282514,-0.0727859392209484,1.956862391930836,-1.1097716113231326,-0.9529434481832224,-0.6169701547269155,-0.5216309491445765,-0.9702576846441444,,-0.9988749509426283,-0.2325197823886052,0.0,,,,0.0,0.0,0.0,-0.6077621800165153,-0.4736322444433429,-0.8416409955503399,-0.305542282868224,0.0116536736437419,0.0,0.0,-0.2262894909630088,,3.1605,-0.1199810156620787
2008-12-31,-1.0285017353190389,-0.3058063655708494,,-0.7203350234165964,-0.9803891714107144,-0.955005148897648,,-0.104541794704996,-0.8465520811762269,,-0.3341726482594941,-0.6255023379027005,-0.3940917416890759,-0.1197619024154896,-0.6791217060440468,,-0.5513895562603136,-0.8657786593525487,-0.9798643096779523,-0.1368769362608927,,-0.9994482752470494,-0.2858780536958347,-0.1118819300791598,-0.6716018173253344,,,-0.9527195673651916,-0.370368011857115,-0.9399005905222512,0.431327463406427,-0.6843673612220065,,,,-3.3516125294910686,,-0.782,,,,,-0.3911704249862057,,-1.026354348063099,,,,-1.000394703811397,,,,,-1.0285017353190389,-0.6791217060440468,-0.1719406772939963,-1.0279146600338789,,,,-0.5360837709828369,,,,,0.3476780633336169,,0.0242404814291334,-0.7655212664417483,-0.763749545898671,-0.733401263061148,,-0.9844680783606408,0.39342284963049,,-1.1715261360651432,-0.2401688840885659,,-0.1643103690192226,,-0.0871517587601644,,,,,-0.5003013062143887,-0.0290605992340617,0.497820344879421,-0.6736491980400476,0.0,0.0,-0.4756028166351256,-0.0197667658424814,-0.391066710102436,1.956862391930836,-1.1097716113231326,-0.9702576846441444,-0.6169701547269155,-0.5216309491445765,-0.9702576846441444,,-0.9988749509426283,-0.2325197823886052,0.0,,,,0.0,0.0,0.0,-0.6077621800165153,-0.4736322444433429,-0.8416409955503399,-0.305542282868224,0.0116536736437419,0.0,0.0,0.0947066206785111,,2.7871,0.6710559362778514
2008-09-30,-1.032532397546812,-0.3043849290590073,,0.8575931462195794,-0.9864219699730568,-0.9525059519588114,,-0.2830278017155573,-0.8465520811762269,,-0.3309454525703264,-0.5777675737814177,-0.3940917416890759,-0.0939318267332947,-0.6920360407934255,,-0.479698502822387,-0.8572513215712699,-0.9874076424116228,0.0374970304190505,,-1.0073343721008658,-0.2862990956304696,-0.1193887168410863,-0.5449955745476236,,,-0.5988248141022308,-0.3633021544087595,-0.924587657707852,0.2471958947899725,-0.6970615871398005,,,,-3.3516125294910686,,-0.782,,,,,-0.0137397452144334,,-1.043835161004505,,,,-1.016516181256819,,,,,-1.032532397546812,-0.6920360407934255,-0.1719406772939963,-1.048541544267427,,,,-0.5360837709828369,,,,,0.0439206542450109,,-0.040047210362966,-0.7659267199324715,-0.7759676372956187,-0.6551008787300148,,-1.0055793734389695,0.0122021264375151,,-0.6710007880220646,0.6873189650940155,,-0.6233959041245478,,-0.3793254231872114,,,,,-0.482696711398518,-0.5442667267402568,0.2715800173227106,0.0620992151392556,0.0,0.0,-0.1040909419490685,-0.2975958414554905,-0.4138187797651366,,-0.3300995113599886,-0.991221147603376,-0.1355306343237972,-0.330481153650621,-0.991221147603376,,-0.2507115135834411,-0.4534271610096306,-0.2101385552974323,,,,0.0,0.0,0.0,-0.0901000091751536,-0.4956039409245735,0.2666079898293482,-0.6164341208830111,-1.0524749038872276,0.0,0.0,-0.1289860795173292,,9.5816,-0.2054667278951323
2008-06-30,-1.034009281198807,-0.3029218510974913,,0.7074933108475603,-0.9864140260746098,-0.9601069450341048,,-0.2697529456630502,-0.8465520811762269,,-0.3396650642094816,-0.5897989065010453,-0.3940917416890759,-0.0848911279176488,-0.6924690583847651,,-0.4706032226488464,-0.8536306433703151,-0.9884011545277648,0.0377038510564447,,-1.0083023301894711,-0.2868594382187328,-0.1232583500271287,-0.551178741811591,,,-0.4950535593572877,-0.3466537817363561,-0.9255542247925423,0.2315069261398687,-0.6852058378288105,,,,-2.982974174250084,,-0.782,,,,,-0.099695009186105,,-1.0448124206231046,,,,-1.0176739817693303,,,,,-1.034009281198807,-0.6924690583847651,-0.1738837338409073,-1.0493502069172544,,,,-0.5360837709828369,,,,,0.9317608471009552,,-0.1250414062082598,-0.7508811461477946,-0.7763773098501983,-0.6345461604089971,,-0.9941120313386198,-0.2104122259520679,,0.1736931967428421,-0.1963768471697186,,-0.1573274931216866,,0.4270161482465656,,,,,0.0413516804574867,-1.087825443310913,-0.0958618764361028,-1.5329007210047807,0.0,0.0,-0.0164557032412804,0.2580623097705277,-0.4096820398264638,,-0.4211854969425322,-0.979834105715629,-0.1744267295717963,-0.3406043180495207,-0.979834105715629,,-0.2730671395555039,-0.4000292187466933,-0.3472063629562547,,,,0.0,0.0,0.0,-0.0099091659785301,-0.4638193867672097,-0.0325265268202043,-0.5390114423412522,-0.2160268047842802,0.0,0.0,-0.0503995894294001,,11.0663,-0.0451280012289563
2008-03-31,-1.0517804860490525,-0.306433613353325,,0.3407780953528185,-1.0056001086990105,-0.9701448084453546,,-0.0551737027286436,-0.8465520811762269,,-0.3513174863325553,-0.6061622461810884,-0.3940917416890759,-0.1013701009959362,-0.6764006355702451,,-0.4743967925447562,-0.864020518758245,-1.013058073311581,,,-1.0308298289844662,-0.2873686848705217,-0.1399430439123019,-0.5694444706777421,,,-0.8633261400863189,-0.3288688539394464,-0.9480493504513564,0.15918905277326,-0.6813784589850215,,,,,,-0.782,,,,,-0.5507054807394967,,-1.0623674305369262,,,,-1.0392062722678168,,,,,-1.0517804860490525,-0.6764006355702451,-0.1938298041081767,-1.065909316637005,,,,-0.5360837709828369,,,,,0.2829545523216112,,-0.2154443942551011,-0.7194012850544651,-0.7611751749851369,-0.6612770094881869,,-0.9970937093779834,-0.5327176960615382,,0.4804307853953244,-0.7855073886788747,,-0.4979159473160852,,-0.334971703428384,,,,,-0.1247366168091464,-0.7508769671418917,-0.0516674898533296,-0.0390826877968415,0.0,0.0,-0.0992680381606238,-0.0197667658424814,-0.4551861791518649,,-0.3784879504464338,-0.982794904515638,-0.1465901150645744,-0.3305118717947536,-0.982794904515638,,-0.2508888468973937,-0.4634489180530211,-0.2160972643313077,,,,0.0,0.0,0.0,-0.0724312846525893,-0.503091050167982,0.0289863576353234,-0.6095902765893633,-1.0161122383596757,0.0,0.0,-0.1310571396383838,,15.0092,-0.0045572049143192
2007-12-31,-1.057496896550662,-0.3077736427067955,,-0.29578829790729,-1.0107606114652077,-0.9776344123287726,,-0.2954155614980476,-0.8465520811762269,,-0.3599599768619684,-0.5507387121588974,-0.3940917416890759,-0.0983662281109188,-0.6427806669715643,,-0.4780759818826806,-0.8689770041853712,-1.0217495441947118,0.0418934363889011,,-1.0372118491177504,-0.2878356846027676,-0.1478924675701136,-0.6027211526801847,,,-1.0718306380323437,-0.3195939384968015,-0.9719554515107104,0.2609360103191072,-0.6691026105116903,,,,,,-0.782,,,,,-1.0436628002158583,,-1.065185261813557,,,,-1.0446567116482128,,,,,-1.057496896550662,-0.6427806669715643,-0.202910619398842,-1.066594712352853,,,,-0.5360837709828369,,,,,0.2604075876133008,,-0.1598605060057215,-0.6980259748057276,-0.7293677410698164,-0.6916086738783209,,-1.1168568378853476,0.22465229470603,,-0.5036774363015498,-0.294565270754578,,-0.5097518926800105,,-0.2538254329978108,,,,,-0.039523063432231,-0.275802143339877,0.0877874889943522,-0.2592239939492927,0.0,0.0,-0.1416361914259076,-0.0405594883895899,-0.3848616001944268,,-2.021110992220597,-1.1017193901538047,-1.0155091794419906,-0.761541190727421,-1.1017193901538047,,-0.260682878613893,-0.1715044855554941,-0.1808350067593285,,,,0.0,0.0,0.0,-0.1882479388672617,-0.5276909738907172,-3.4202141704562123,-0.054325237725393,-1.2312980563861595,0.0,0.0,-0.1572799470172751,,17.3689,-0.1667578257690469
2007-09-30,-1.0615190593031776,-0.3072836991637853,,-0.1172308186500505,-1.0142441851425528,-0.9836946404362948,,-0.0385696033304278,-0.8465520811762269,,-0.3676236748047415,-0.61759189497742,-0.3940917416890759,-0.0745782259281835,-0.6199521907842315,,-0.4689884933002834,-0.8766549299116422,-1.028008931778868,,,-1.0418851882915308,-0.2870866581373562,-0.1528869381115365,-0.6038459693251742,,,-1.2945049659404086,-0.3702652303320942,-0.9590888226572548,0.0525208905838147,-0.6857740047286982,,,,,,-0.782,,,,,0.4739848292839689,,-1.0694691853273053,,,,-1.049820569910558,,,,,-1.0615190593031776,-0.6199521907842315,-0.2077880878737409,-1.0797642043870743,,,,-0.5360837709828369,,,,,-0.3659856185470446,,0.0427127501979241,-0.7134762957161613,-0.7077700038326509,-0.6733378131485275,,-1.0083271391179671,-0.0205006786050093,,1.427764644076701,-0.0245471058962148,,-0.8385746792662319,,-0.5281367989976371,,,,,0.086269164114222,-1.1203295465516687,0.0023908203949864,0.329877070174866,0.0,0.0,-0.0888771086302545,0.001025956704627,-0.5172372782319573,,-0.3814800283752026,-0.993949672017373,-0.1047202564369206,-0.3190094627243,-0.993949672017373,,-0.2175298341497449,-0.4226710167099827,-0.1781575251670144,,,,0.0,0.0,0.0,0.0512497870053609,-0.461269055406227,-0.2102195491662999,-0.5496820899839577,-1.2476372276804784,0.0,0.0,-0.1413896813412276,,20.4494,0.0260537604785705
2007-06-30,-1.0570103158530502,-0.3061811386179147,,0.1684005533836343,-1.006968131631582,-0.991089542113048,,-0.0294117163174054,-0.8465520811762269,,-0.3758803899151579,-0.6243611323327846,-0.3940917416890759,-0.0751518590219663,-0.6364528768040435,,-0.4634415037334577,-0.8739928060967855,-1.0183611440453415,,,-1.033640108589157,-0.2880123794892347,-0.1508763547008221,-0.5863690022654237,,,-0.5320511153866153,-0.3745463042873116,-0.950855591544485,0.1535107397229544,-0.6810220633841828,,,,,,-0.782,,,,,-0.5193150743074041,,-1.0663412431554522,,,,-1.0421818455760024,,,,,-1.0570103158530502,-0.6364528768040435,-0.2037037037037037,-1.0708135772026504,,,,-0.5360837709828369,,,,,0.5037943179826733,,0.3852229621102838,-0.7911912756862998,-0.72338109753704,-0.6491761110963326,,-0.9276330112341344,-0.3337566637310086,,-1.6983188862621488,0.0,,-0.3819869327297905,,-0.3472167329582881,,,,,-0.100715238613742,-0.6768577221381907,-0.0814024237478615,0.0079834144777078,0.0,0.0,-0.1549557097286606,0.0346773366163947,-0.5234423881399666,,-0.4068750421070569,-0.9138206058163744,-0.1329290474652772,-0.2869059302913155,-0.9138206058163744,,-0.2400046513656118,-0.5339848840773532,-0.1339965787735209,,,,0.0,0.0,0.0,-0.0439358787831124,-0.551565555453268,-0.1843430639088553,-0.6675886193515426,-1.5171267620674924,0.0,0.0,-0.2071173915566748,,24.5211,-0.0590752242926155
2007-03-31,-1.0678837401843897,-0.3050631969960383,,-0.2485170705710145,-1.0187225578920962,-0.9971108339217456,,-0.0881673663737209,-0.8465520811762269,,-0.3817183220264132,-0.6294261850087166,-0.3940917416890759,-0.1158248794883141,-0.7194511841503491,,-0.4927095250409662,-0.8796753252915999,-1.027290044708156,-0.0774554891785263,,-1.0467503860043634,-0.2902534643901286,-0.1505272889589714,-0.6586147484102937,,,-1.0433154802142377,-0.3774323797181514,-0.963947028839002,0.0,-0.6848632159709994,,,,,,-0.782,,,,,-0.7050017280791642,,-1.0707772423813762,,,,-1.0519168066250422,,,,,-1.0678837401843897,-0.7194511841503491,-0.201919264017765,-1.0746332397023823,,,,-0.5360837709828369,,,,,0.2049308237144757,,-0.0076877121916391,-0.7974793366173418,-0.8019047632642196,-0.7388186781306757,,-1.0189349237495025,-0.4577286515969554,,0.5005253480430786,-0.2454710589621483,,-0.5388742137981101,,-0.3393892761739783,,,,,-0.7969694828754171,-1.3125221253178,-0.0499352187886987,-0.1728424843659315,0.0,0.0,-0.0434357906911654,-0.0197667658424814,-0.5544679376800128,,-0.3612171218191833,-1.0044831754986905,-0.0883955725589142,-0.3179189686075926,-1.0044831754986905,,-0.2045234530575461,-0.4648279336679836,-0.2121422915217458,,,,0.0,0.0,0.0,0.070412750842148,-0.4879782377119248,-0.1977213828174661,-0.5945321113843131,-1.039820055531824,0.0,0.0,-0.0869503867306495,,21.8529,0.0317247641897877
2006-12-31,-1.070937333540059,-0.3106345228438522,,-0.7314939532982175,-1.0195382011493166,-1.009077541674765,,-0.0080825789231059,-0.8465520811762269,,-0.3955556157651346,-0.6476027865706612,-0.3940917416890759,-0.1281369886664382,-0.7261667287463518,,-0.4550742698363587,-0.881274497708011,-1.03180422156746,,,-1.0514132089240849,-0.2909516803712248,-0.1530960879016614,-0.6945578079674765,,,-0.95999948000624,-0.3688054347593339,-0.9850246263848682,0.1499635466322696,-0.6853177494909095,,,,,,-0.782,,,,,-1.1466926990171171,,-1.070406787943407,,,,-1.0576814575898732,,,,,-1.070937333540059,-0.7261667287463518,-0.2062019192640177,-1.072264957008384,,,,-0.5360837709828369,,,,,0.4521274444588547,,-0.3691520105689043,-0.7380570901824982,-0.8082582564364625,-0.5022535937794567,,-1.0361373460106318,-0.1759650443965095,,0.3585500394011032,0.0,0.9999397991700312,-0.4091092660488894,,0.0713651028571268,,,,,2.0850805630478058,1.540340488527017,-0.2081015883923522,-0.569246116493144,0.0,0.0,-0.3810687124774563,-0.000341985568209,0.6265713148110803,,-1.6309796974632726,-1.0215651375736,-1.01151740381335,-0.7158694540310653,-1.0215651375736,,-0.4567873599139497,-0.2722122209456087,-0.1933867954657811,,,,0.0,0.0,0.0,-0.2910620895757146,-0.6012014175026985,-1.516170358417681,-0.2978345971343092,-1.1547015164459633,0.0,0.0,-0.1745038843756721,,17.826,0.2979308413831723
