,totalAssets,intangibleAssets,earningAssets,otherCurrentAssets,totalLiab,totalStockholderEquity,deferredLongTermLiab,otherCurrentLiab,commonStock,capitalStock,retainedEarnings,otherLiab,goodWill,otherAssets,cash,cashAndEquivalents,totalCurrentLiabilities,currentDeferredRevenue,netDebt,shortTermDebt,shortLongTermDebt,shortLongTermDebtTotal,otherStockholderEquity,propertyPlantEquipment,totalCurrentAssets,longTermInvestments,netTangibleAssets,shortTermInvestments,netReceivables,longTermDebt,inventory,accountsPayable,totalPermanentEquity,noncontrollingInterestInConsolidatedEntity,temporaryEquityRedeemableNoncontrollingInterests,accumulatedOtherComprehensiveIncome,additionalPaidInCapital,commonStockTotalEquity,preferredStockTotalEquity,retainedEarningsTotalEquity,treasuryStock,accumulatedAmortization,nonCurrrentAssetsOther,deferredLongTermAssetCharges,nonCurrentAssetsTotal,capitalLeaseObligations,longTermDebtTotal,nonCurrentLiabilitiesOther,nonCurrentLiabilitiesTotal,negativeGoodwill,warrants,preferredStockRedeemable,capitalSurpluse,liabilitiesAndStockholdersEquity,cashAndShortTermInvestments,propertyPlantAndEquipmentGross,propertyPlantAndEquipmentNet,accumulatedDepreciation,netWorkingCapital,netInvestedCapital,commonStockSharesOutstanding,investments,changeToLiabilities,totalCashflowsFromInvestingActivities,netBorrowings,totalCashFromFinancingActivities,changeToOperatingActivities,changeInCash,beginPeriodCashFlow,endPeriodCashFlow,totalCashFromOperatingActivities,issuanceOfCapitalStock,depreciation,otherCashflowsFromInvestingActivities,dividendsPaid,changeToInventory,changeToAccountReceivables,salePurchaseOfStock,otherCashflowsFromFinancingActivities,changeToNetincome,capitalExpenditures,changeReceivables,cashFlowsOtherOperating,exchangeRateChanges,cashAndCashEquivalentsChanges,changeInWorkingCapital,stockBasedCompensation,otherNonCashItems,freeCashFlow,researchDevelopment,effectOfAccountingCharges,incomeBeforeTax,minorityInterest,sellingGeneralAdministrative,sellingAndMarketingExpenses,grossProfit,reconciledDepreciation,ebit,ebitda,depreciationAndAmortization,nonOperatingIncomeNetOther,operatingIncome,otherOperatingExpenses,interestExpense,taxProvision,interestIncome,netInterestIncome,extraordinaryItems,nonRecurring,otherItems,incomeTaxExpense,totalRevenue,totalOperatingExpenses,costOfRevenue,totalOtherIncomeExpenseNet,discontinuedOperations,netIncomeFromContinuingOps,netIncomeApplicableToCommonShares,preferredStockAndOtherAdjustments,adjusted_close,10%DDret
2023-09-30,0.9859482698366766,,,,-0.6086691787153774,0.3353929828550515,,,0.5145328298209283,-0.7527678331229435,4.359150023533347,,,-0.0034121264740641,8.043019251301526,0.939261039286494,,,-11.68001590146142,-1.2390450126503054,,1.3684172280989504,1.3994330059342763,,0.8997816520753207,-0.5583920767425207,,0.4218041815058104,0.9851224274708128,1.4402027089511291,,,,,,-7.937280004845237,,,,,,,-5.054311680020536,,0.4323015159304044,,1.0453990271419478,,0.001672215592228,,,,0.4483486870724468,0.9859482698366766,0.6531276589754746,,,,,-0.9982416857761808,0.4434671275826682,,,5.507134897029159,,-1.9718309261463576,,22.80600759228518,3.727829533302797,,8.412109031742343,,0.8060925600468658,65.90650526411326,1.047912131407085,,,-64.28710570005533,-1.4779656962755554,,39.830262423227246,,,,,5.151033337025141,,,,,,8.218879581443241,42000.0,,,0.7666522000575179,,,0.9248513323591976,,,0.9934293879495116,-0.4221035155368455,0.3076694296296411,1.1199204737910649,0.0603646280941085,0.4109596600629104,,,,5.101218161683278,0.8020694466509639,-0.2091170595356314,1.1745372851783007,1.106584169974317,,8.83639873053581,9.183940166022849,,53.74,0.0406337371854613
2023-06-30,1.0060063176974414,,,,-0.6086325287930368,0.5910537308345933,,,0.4919722256060421,-0.8294187033089833,3.945214011105605,,,-0.2164657457093636,3.643585910024907,0.1947744175245887,,,-5.130952320856155,-1.2390450126503054,,1.3765454526580228,1.3626245638174217,,0.932644689491138,-0.2153887579579629,0.0623839396235216,0.5799594935219723,0.9910048284708208,1.4479263638773636,,,,23126000.0,,-6.155146461551616,,0.4711408457270735,1.0,3.4058029940373142,,,-6.035389784301347,,0.62202153215658,,1.0549387623320572,0.4853296479364655,0.0017009892392715,,,,0.4237970765659467,1.0060063176974414,0.6856593890008972,,,,,-0.8071355173775737,0.4115795959033864,0.4315811424635898,34.478604568618,0.3918442775890194,0.2679955894007787,-0.6588096253530152,,6.120190483287176,1.8458301547642129,3.749607781343543,6.577657903837541,,-0.0594191982592685,-0.2197086585587221,-0.6807639026320997,,,-0.0442722744881018,-0.7670146754653797,0.0,10.06030150753769,0.4343982472230714,0.5060423376551876,,2.2066146630297387,8.807881271458633,3.588116137744767,-0.8450110612106301,6.845202942203339,,,6.006331227562408,217000.0,2.9686393133224747,,0.600059609401553,-0.0797357074864214,0.6566265744975517,0.601232602314132,-0.0559508124725516,,0.6549416527744701,-0.2307696999491315,0.084369767164475,0.7197753069017389,-0.5305897314109734,0.6449325936433842,,,,3.5693949461391323,0.6430362409723203,-0.319617922146597,1.1532575351526415,0.8628735699276209,,6.591303056736141,6.701939672885675,0.0,52.11,0.0713874496257915
2023-03-31,0.9382584181287388,,,,-0.627749933367235,0.6076114880353312,,,0.4847849920818614,-0.853837717029158,3.638751994106431,,,0.9561889134307648,1.7585636956800117,-0.1242152594269772,-0.383496736683102,,-2.323743658345743,-1.2390450126503054,,1.3846996294027882,1.3383610962654806,,0.8998892096398,0.3976710299588079,0.0815753040240552,0.6009452846381076,0.832278041487267,35.90341732273756,,,,23324000.0,,-5.462528679530297,,0.4642640682549303,1.0,3.0889545890235803,,,-6.168979887690975,,-0.5499044094803212,,43.61202640179586,0.3755454609744527,0.001729854756197,,,,0.4076130934736663,0.9382584181287388,0.6545166559556842,,,,,-0.7942184231705638,0.5513678085091442,1.4665603294534892,5.598935172273914,1.2654384006814003,-1.0295303400985494,-2.515205910498051,,2.3540692965061965,1.1192257640631045,1.8421540071520768,2.2763551015085977,,0.2969286132730772,8.934073788346343,-0.6807639026320997,,,-65.71245157719977,-2.114554459624882,0.3917719657608107,4.272473478503629,0.2152247019260165,2.0343656233655407,,0.7880650821635287,1.7781902757780486,3.175653515964117,2.4075015427032675,2.37088212842256,,,-2.936659894804219,103000.0,2.186044106621164,,-0.1907040706946587,0.3971107004871493,-0.5000738828582795,-0.5016407943892517,-0.2314448836187966,,-0.4983591331269349,0.4107099508271313,-0.1160351507134083,-0.6652009719869981,0.0,0.8549164602654703,,,,-1.7325279371791,-0.1064464467032625,-0.5074327795704011,1.114643797967818,-1.4521363530235816,,-2.893246227798296,-3.805108079230706,0.0,36.49,0.5300082214305288
2022-12-31,0.9260070292259136,,,-0.8739465417324332,1.026525147258791,0.8856644200826803,,0.0015511388425553,0.6567182360823487,-0.2696852430519628,3.1008606354270745,,,-0.2931227143064329,1.0307922452049834,-0.2473711448669172,0.4200416108530225,0.3214067032402912,-1.238712486433277,1.8787971827853505,,1.3928693774589695,1.9844549896516657,,0.8869652159349987,-0.1761784484479786,,0.606915933768365,0.9851224274708128,1.463437790916321,,,,,,-3.892504310836231,,,,,,,-6.147541399214675,,0.6437093122714426,,1.0740974259162803,,1.2803760116676954,,,,0.8385643836882081,0.9260070292259136,0.6404388089791123,,,,,-0.58642159438501,0.6443212089609569,0.4699938197175247,,-1.5052256840992144,,-2.129671947837563,,0.2934552073113347,1.0247898757669842,1.1057221553715777,2.4295477609147964,0.7215302491103203,0.0148966440706335,-27.62704211290616,-1.8906194339996043,,,-9.76889872717211,-2.2205634740846008,,7.124511446119486,,,,,2.001679034223059,1.3294106298832835,1.6028545933073188,2.523226363846168,,,-0.8032031837030028,-361000.0,2.1021225988262366,,-0.424278804674632,0.0197099501651828,0.1089434153024261,0.0811238345806027,0.022046552481335,,0.1077447011193141,0.1682344000263491,0.198546075286223,-0.5018356247961878,-0.1750069992213801,0.5252988894912305,,,,-1.1071378234168932,0.0,-0.1708668289607372,4.891902062972551,-2.9286131216437075,,-0.3358883465414524,-0.9791238596202844,,45.4,-0.1549295774647887
2022-09-30,0.8455375469090148,,,-0.6414398227159188,0.9384970889582196,0.9046414742470648,1.3796077501042137,-0.0040744791369824,0.6849068095992203,-0.1739130434782608,3.154195475369171,0.7662071179720119,,0.8083066219947906,0.936204675570496,-0.2633775654022979,2.6370236839855217,0.4481683293852786,-1.0945770968474722,1.8896535164503168,,1.4067434159304897,2.069194746070461,,0.9130203590270568,-0.1753045270714807,0.8114599943374899,0.6376882775891325,2.5648738960285624,1.4766212708766175,,1.264352201048191,,2930000.0,,-3.998196395998404,,0.6557415264114878,1.0,2.587975832816665,,,-6.1500410401230585,,-0.5511968136190993,,1.0903807670166397,0.3271370016353896,1.1998315914819018,,,,0.8950866751615896,0.8455375469090148,0.6675170862648966,,,,,-0.5712964530279045,0.7121799316255338,1.03749219890815,5.493243414547575,0.8860482097516068,5.571896213087075,-2.1728379344659525,0.5048490617001299,1.4232457502107818,0.5837495459690946,1.0100090039201486,2.128052202801762,-0.2553380782918149,0.2226127709431751,-25.685412506807044,-0.6807243221848407,,,-34.11621472053127,-2.083845731733056,-0.7823546408135678,28.500279173646007,-0.4098644655049424,0.8037382663033006,,0.4374604983035061,1.4256728319858234,1.0087778528021607,0.0330042609069403,2.151891543236542,,,5.282998914646703,-1000.0,2.079164404457199,,1.1972349603911214,0.2976650428355451,1.4717022670371778,1.3806124987263564,0.2400527009222661,,1.463984281971898,0.5532027017630748,0.0758655623076291,0.6204937778105046,-0.0326964622244013,0.6538432822497136,,,,3.189328500956408,1.174611288016412,-0.2237624340219778,0.7845681898527751,-4.856204763016577,,5.80169261891947,5.823292512533903,-1.0,36.9492,-0.1153123748281424
2022-06-30,0.8773341153263545,,,-0.6785682597421895,0.9573488869113168,1.2373350050568486,1.2338434321696428,0.0038150758936185,0.7872822511877208,0.1739130434782608,2.8857800748618474,0.7791840678928604,,-0.6447260499491415,0.4944559541991853,-0.3381317411630188,0.1913457975888505,-0.3907869101884552,-0.8137219515888842,-1.2390450126503054,,-0.1418909800583405,2.4052795550851127,,1.0028896992274552,0.5624853519611849,0.8114599943374899,0.7392608427113976,3.5911241104910987,14.487492833054876,,2.6886361710609843,,1169000.0,,-2.526063636493188,,0.7536948109468973,1.0,2.3104634925774588,,,0.0572075703929302,,0.7681724026612766,,17.16052767041007,0.3863007323050519,1.2272456193936807,,,,1.119258708900036,0.8773341153263545,0.7533664865678306,,,,,-0.4330294006238183,0.8614534392991718,0.4647648160154143,4.829764470248207,0.4209380984885256,-0.6207918403914406,-2.2155668294090565,-0.6458595554444913,-1.799076285769088,1.1312739874369966,0.5630035206893866,0.426452329793808,0.8879003558718861,1.1319775713448823,-1.548988019604284,0.1835939046111221,,,-41.84084117321528,-2.052248221262306,-0.7040265616857486,6.183137911781128,-0.0156679914399266,-2.3831530266743743,,-0.7762613515401503,-1.1900498394063572,-0.3277708112279348,-0.4170296390807632,0.4349099645539058,,,6.20259928199705,-4000.0,1.4005015641562606,,1.405890872963999,1.5145304888291615,1.4841815903060904,1.4048569790826466,1.194466403162055,,1.4764039056918314,0.6363098512859235,0.4180629930773604,0.8110305797208167,1.2853021922536378,0.295289508110512,,,,3.9187355280378537,1.3722645599860277,-0.3909718986018716,0.7934860700886086,-3.967910926920383,,6.692080696349363,6.809135366154352,0.0,36.2358,0.028438726342457
2022-03-31,0.9469399688826744,,,-0.5943225937119139,1.002922433446719,1.8730448640249064,0.0618926548885507,-0.0047391839784925,0.9054696065294188,0.5754609606191669,2.574676338620403,0.7960986981861968,,-0.8320804074169164,1.04285982023299,-0.2453290300151777,0.0270755550488785,,-1.6301017188722582,0.7150360024444464,,-0.1429757814203112,2.82545771034591,,1.119966971798234,0.7742718763846018,1.5482831889621929,0.843290818658537,4.598517961748054,14.81541278521359,,2.147149562374029,,1084000.0,,0.0598573861369207,,0.8667770059210219,1.0,1.988816054545421,,,0.0357033935028104,,0.8951516361391215,,17.565552174614922,0.456357588889595,1.2669236885856845,,,,1.3995218718601186,0.9469399688826744,0.8685659065473168,,,,,0.0406549743457415,1.004021285550199,-1.81825071749848,7.425084298861648,-1.4978531980166627,0.1110230522724923,-1.2790766756418988,-0.6684787102488107,-7.121152283136213,3.3115392854209724,1.1179333332332182,0.1075378850155055,223.51601423487543,0.1672106452422797,0.8374478126701761,0.1835939046111221,,,-39.71842833425567,-1.6265166758124503,-1.6016856454417403,2.2981574539363483,-0.7842402934882299,-3.4985217606738788,,-2.780877852438294,-1.5781371137446008,1.5134561589659496,-1.746143805891265,0.1123238790690518,,,9.770517351737956,0.0,1.5621913699940535,,2.526698214332401,0.223528753009687,2.4273695608606305,2.289174855459249,0.1819060166886253,,2.4150797809002142,1.31371948653327,0.844797486844816,1.3450448649842737,2.699715991793152,-0.1518420292348494,,,,5.963032316520689,2.426267328852756,-0.744402755756856,0.7523634663412743,-5.977863063273406,,10.508769324993969,11.034560696967208,0.0,39.5452,-0.1074896574046913
2021-12-31,1.0211420855787858,,,-0.45324347671573,1.0567226471607012,2.441266942168938,0.7814905767164746,0.0047049735255809,0.84441466682909,0.3680235084742255,2.0806059414362195,1.0723519081135306,,-0.9059882660380724,3.226627023735724,0.1242152594269772,1.959739362156924,1.9101896921754296,-4.880232969030011,0.7143471487855018,,-0.1443045333277968,2.6517765313860995,,1.2184546186088825,0.8689397071508782,2.206884280274527,0.8827083539516855,4.61547888463141,0.0027743013384462,,1.0444293499021402,,,,3.239692291797298,,0.8083593640729172,1.0,1.4780009824357416,,,-7.696599368331737,,0.9432647724879484,,-0.7300151380855348,0.5345353452092739,1.309161932527433,,,,1.283674734277014,1.0211420855787858,0.9660611265550988,,,,,0.46402697147789,0.8615550185260642,-7.048167324079067,57.30514413203864,-5.900713277190346,0.305382309362186,-9.590481161560543,5.759144588031877,-22.578194879692223,10.233815967833022,3.327687129542962,10.017285658402734,-0.2722419928825623,0.0487070047702736,-70.6503675803231,1.428398970908371,,,21.99955727725512,-10.569564238578325,0.3573238121281854,2.9960915689558907,-0.6039182716804239,1.8358135821840504,,-8.60293726298982,13.526299700963564,1.4131378412269702,0.8480660085218139,10.454168614525203,,,1.32531377842095,,1.8479795237725896,,0.8438704279850454,0.0649532448625343,1.4584045490303996,1.3655940358760477,0.0575318401405357,,1.4507501786139556,1.284281638184788,1.470610924108104,-0.0628320166626342,-0.619561326411649,-0.8075680799332591,,,,0.5734420618141548,1.2046721419049131,-0.1390488199782645,4.985323130609313,0.5704091758113472,,1.728568512091461,1.3138818114572204,0.0,38.5643,-0.0231250145860291
2021-09-30,1.0204721561410943,,,-0.5287619335151571,1.0547748418691003,2.4669548942920128,0.1742267349449447,0.0010963243565436,0.8443903033256183,0.36794073215653,2.0354361498909634,1.0688924670853128,,-0.8112005476845164,10.160022150742074,1.2975072529698477,-0.4239070025935532,,-15.198563820389207,0.7137606390987432,,-0.1454879529954012,2.6394601089893723,,1.2754400307640776,0.4397381601380621,2.2366580499898743,0.7491959464651033,284.5690732767425,0.0016497845292627,,0.0033726578571954,,,,3.432406266032036,,0.808336052962842,1.0,1.431300329134371,,,0.0043480735207733,,0.7802992136855283,,-0.7314040650480794,0.6659844972612995,1.3069073537531846,,,,1.2754595535160898,1.0204721561410943,1.0263289119590864,,,,,0.4830870462030282,0.8511436148721081,1.6152698420392508,1.4889638212103542,1.3899223139048675,-0.4739671272526791,-0.3766436026539528,-0.7630436819794608,3.188489311878435,9.251222814238073,10.343588906363737,-0.1387501488188039,0.0,-0.0061929868608251,4.159114630604465,0.183554324163863,,,-0.3037078029883785,-0.4560885124265406,0.1452508345673407,5.478503629257398,-0.2026648323652298,-1.821119277672255,,1.1023582512806869,-1.4855997341898328,1.7113919166586284,0.5137952079744503,-0.1531756504861263,,,2.4826065176856926,,1.4353008092246438,,1.5627430782504117,-0.0085111148440562,2.2376886331072976,2.106334860946589,-8.78348704435661e-05,,2.226306263396047,1.4632069591014942,2.221849765243671,0.1837623470750975,0.3112612945146997,-1.59471461450316,,,,1.51744689419108,1.5135458367829044,0.0332876752302875,0.7158252460399822,0.5381303992528601,,2.8370854290009464,2.5411564066737897,-1.0,29.0259,0.2978925718065589
2021-06-30,0.9250640173975164,,,-11.910376754699053,0.9528246108019888,2.4277563647116067,0.7381886825703993,0.0140558968990637,0.845389206967962,0.3713345611820458,1.9091417045617325,0.9491378933534714,,-0.9691679720189952,9.175850772519851,1.130962526008532,-0.4184170775500898,,-13.734236098841466,-1.2390450126503054,,-0.1466506109144512,2.6290621396407574,,1.2708102471454823,0.1195133652291264,2.1912247672075207,0.771284588242899,0.5119486270312666,0.0005449960851525,,1.0841178096615258,,,,3.551643639913356,,0.8092918084759196,1.0,1.3007256042255777,,,-0.0043480735207733,,0.8072606618255952,,-0.7327686248709303,0.4815905425853152,1.2268384888245938,,,,1.2685240007237366,0.9250640173975164,1.0207973041635956,,,,,0.4537921013518269,0.9238559997683172,0.6829065706905153,-2.6025707983672643,0.8619076318364232,-0.3558802246648978,-0.8891590653027709,-0.3658395638600663,1.1920632883619455,8.88110613358711,9.347705995512412,0.2561610984811978,-0.1352313167259786,0.000334756046531,6.244350154292976,0.1835939046111221,,,-21.053458771444383,-0.803790106607008,0.5567789570359057,6.362925739810162,0.5284061958626312,-0.3011203787816225,,0.3503831664559909,-0.932559530402038,2.7728368862737534,1.4646464304610285,0.2566853463834924,,,-1.24638911307155,,1.5398536673647198,,0.9650343799837904,0.0002239767064225,1.5863756419881967,1.4867003155220573,0.0067632850241545,,1.5781090735889498,1.4406345264046472,2.20886884781191,-0.4519108380758023,-0.3770832259655095,-1.581113235537579,,,,-0.916017316017316,0.9664035618322676,0.0573293635248645,0.9104220597794478,0.5036189586738268,,-1.0150888068150183,-1.7236582559381934,0.0,31.7253,-0.0736383895502958
2021-03-31,0.8991531746467822,,,-11.671420395004114,0.9332204596857466,2.246753000137858,0.1475041261815113,0.0247520150276157,0.916749908636862,,1.9675195317887035,0.6709440964131849,,-0.9320727333171318,8.805139616670045,,-0.4947273919115342,,-13.182835255811606,0.7120562183311832,,-0.1477976975220853,2.820985937115833,,1.2370333905783262,0.4449586166610424,1.981431768968444,0.748050796521673,-0.8003823560650005,-0.0005449960851525,,-0.1070804978976451,,,,2.6277512754374963,,0.8775700498857756,1.0,1.3610819303574484,,,0.0118070383167782,,0.7789014409694425,,-0.7341149093390109,0.4499598714579777,1.2118409510752364,,,,1.3965391529971551,0.8991531746467822,0.9883046054478524,,,,,0.3188185569325678,0.9499308143325113,0.7753139118966398,-1.8032401186522324,0.6841978203010708,0.2659281210158161,2.1747327057036223,0.0882542091656269,5.4821128686611935,7.194860327816664,8.972583417126069,1.1618808429097052,,0.0446899322119005,2.4247141041931384,0.1835939046111221,,-1.0,-0.6707249584947427,2.3551917566002074,-0.9957691176546464,3.749860413176996,-0.1021094466523998,1.3649957332012002,,1.9662759463774864,0.5370517222283753,1.0118645702710525,-0.497969949155659,1.208989934256076,,,4.759858625775749,,1.1364306212673545,,1.9105817145546289,0.0595778039083935,1.814324899121482,1.704197075202175,0.0533157663592446,,1.8049678494879733,1.4680766711273163,1.1667180430105195,0.5397157674384355,-0.3958564609429518,-0.4891497352762638,,,,2.880096647538508,1.840467490485104,-0.57372516180035,0.7009317018098051,0.449962059304226,,5.2464505113119655,5.208576477356785,0.0,30.9499,-0.0735834364569837
2020-12-31,0.8714493360700508,,,-12.109002689499452,0.8879592566136639,2.565358380249856,0.2489633879762901,0.0,0.9225484224631502,,1.7257221712604889,0.8721494787687899,,-1.023768579528417,7.116185391195504,,1.447822555362385,2.019198060402145,-10.66966606931018,0.7120562183311832,,-0.1489292128183035,2.805883025153436,,1.2337144881183086,0.5081472332358306,2.35071318042841,0.7923775663145401,-0.8003823560650005,-0.0016201919816526,,1.1225505516684795,,,,4.273751460696574,,0.8831180940836403,1.0,1.1110897493685,,,-7.126434531279112,,0.833006800502614,,-0.7354429184523211,0.3613771715127085,1.1662879315469423,,,,1.3864653549581734,0.8714493360700508,0.9849988222146318,,,,,0.5561782956721063,0.86074537416702,5.200688010857908,1.0468067844737976,4.411781356867259,0.125030150580614,1.2926562231459144,0.8549480090182625,17.755857388678912,1.743195886501164,7.2635308196013,2.5164834541836507,,0.0152314001171646,0.3714376474859321,1.487532159113398,,-1.0,-18.522634200332043,1.0607186240989055,-0.6206033650993483,0.48464544946957,-2.2139254050749004,11.54064469953478,,3.876198564633091,2.496147967659763,0.3960644352271631,1.307377562382182,2.6315618176331004,,,-0.1281830072635182,,1.0800175805992915,,0.0040680802112473,0.0201579035780278,0.6131272191030561,0.5608585296546903,0.0223978919631093,,0.6095165515598953,0.4129569472077837,0.6998821183989788,-0.2738710118552959,0.4450474066666016,0.0,,,,-0.2344508204973321,0.2936972264954692,-0.0886663265152727,3.615117061433019,0.5357809946299323,,0.1622464319518939,-0.504150571217227,4085.0,27.1511,-0.0094029339511105
2020-09-30,0.8128450720851151,,,-0.5467475322594422,0.8348656421687173,2.340454023862998,0.220996858340648,0.2360934047569989,0.8302351078085028,,1.7569703639972702,0.578768970718953,,-1.1659604922889075,1.6557645779783292,,-0.4406689087126286,,-2.543924632120952,,,-0.1500451568031059,2.4130965009586496,,1.1813565254331742,0.6905554472818505,2.090036483315389,0.8921753360621286,0.3078293123309831,-0.0026805916043476,,1.129523674585745,,,,3.708757588496837,,0.7947922980092312,1.0,1.1433969831495712,,,-0.0087066662691054,,0.9548201931326996,,-0.7367526522108611,0.2679216281933282,1.1343443325988858,,,,1.124472692415779,0.8128450720851151,0.9323784235220512,,,,,0.3884898512352585,0.8237197148245726,0.4998863918662635,0.0527850315645361,0.4548262029699056,0.0810619895937424,-1.4005478498696151,0.2763570114786239,0.6700612543691518,1.53322236211219,1.7381315911023163,1.7606880247634489,,0.0202527408151309,0.1616218914503539,-0.0130813378191173,,,0.0,-1.6033192159952725,-3.659233384757473,0.5025125628140703,0.1443238561092428,1.552035675943513,,0.1537655511941986,0.9567216746040536,0.5585029420275875,-2.2423223014538074,1.842622892614312,,,11.585548103414688,,0.9819798857261046,,4.628998405187064,0.0268772047707038,3.2263645146913222,3.04741824631668,0.0276679841897233,,3.2102524410573947,3.4102207838626137,1.475112421250908,1.654965654355533,3.6437514712293697,-0.8122847395124928,,,,7.149461391321856,4.379579459863767,-1.8287423211707103,0.4015326893909156,0.4819927620826523,,12.382843674022382,13.211473658255938,-4969.0,21.3371,0.2501136518083526
2020-06-30,0.8116237726093523,,,-0.5950482640578814,0.8582667111973364,1.8192693920462093,0.0677185859482761,1.7878020145982108,0.8220246071385066,,1.1686366762549858,0.5586830845362449,,-1.10122581648012,1.445453797639572,,-0.4364330093766922,,-2.2312160831924075,,,-0.1511507199136311,2.406595461508006,,1.15314229494651,0.6296377033653143,1.4859544166506953,0.8691085353829925,0.3466858389365926,-0.0037311270445059,,1.1407862404449465,,,,3.0099888488285926,,0.7869364539139354,1.0,0.5351239175269112,,,0.0340772268712835,,0.9266648019355388,,-0.7380502023995541,0.3220002109976129,1.1526945330741267,,,,1.1201364320553735,0.8116237726093523,0.904417585698697,,,,,0.0,0.819484652023418,0.57194525400759,-0.2747559769794387,0.5148890556876439,-2.810964474001585,-1.181569159150175,0.561665218134278,1.5740123612669263,1.0459288773815985,1.5253181352939296,2.196307592877107,,0.0254414595363628,-1.3584135051733528,-0.0130813378191173,,,64.34510237963475,-1.3622809115766863,1.8766955776960264,1.281965382467895,0.7744573524915928,2.433407658215652,,0.4942483450868206,1.7254668291062134,0.1664898234783447,2.9593098616812816,2.2952529454579884,,,-4.662148999526897,,0.8199281263734843,,-1.0964365081440035,0.0338204826698023,-0.3698198993159105,-0.3742753039525356,0.0331137461572244,,-0.3687282686353894,-0.4214618651045854,0.4367722437624213,-1.0067218581361834,1.9997576389014635,0.2756859931765874,,,,-3.039927514346119,-1.0243267539034016,0.3546900657812709,0.3835828895300436,0.4989347420032687,,-4.59213823054509,-5.581758034026465,-4969.0,23.9763,-0.1104799322664463
2020-03-31,0.7458323397369497,,,-12.159029698064824,0.8227065038528582,1.0600382697760264,1.252412774047928,1.7421044013593048,0.819661347301742,,1.3940754686428154,0.548625453674568,,-0.9917708600773364,0.9573776302946168,,-0.399517627611366,-0.3242468286709178,-1.5051402105050606,0.7104147784695837,,-0.1522303308384632,1.7308498100592966,,1.069133978375281,0.4312869197385633,0.6059700464362988,0.7963574875121052,0.6853160565037296,-0.0047570020283225,,1.1629668832224165,,,,0.3382234010716525,,0.7846752762366543,0.5714285714285714,0.7682031176696772,,,0.0551721376992617,,0.8378647016831913,,-0.7393172936636299,0.2676394267905208,1.1245860239763303,,,,0.6694071134072211,0.7458323397369497,0.8210061054939924,,,,,-0.565887160226039,0.8192978110174848,1.5245711671645228,-1.8749182364424613,1.309463354757434,1.0605595947761963,-1.1159268995983425,-3.142762513574249,-1.2846968950561832,1.435648686337247,1.031433914508454,-3.477243478901745,,-0.0282868859318771,1.3399096932292611,0.0130813378191173,,,41.18937465412286,-1.5354903312649792,-0.1812210739217699,10.88107202680067,0.2084225007642922,-8.489949624246428,,-0.5825148859024682,-7.474892014619559,0.2374843252628533,0.409859312230732,-3.652175585393132,,,3.493000862716723,,0.8366296957005093,,1.2747501895474391,-0.0380760400918304,1.4143021659343191,1.322583307670721,-0.023276240667545,,1.4068587758990236,0.9186628785707054,0.9308866834065768,0.0,-0.0461739679108334,-0.242046114842383,,,,0.8139736232759489,1.2163613775654696,-0.3317289624173976,0.4217860849137292,0.442184216670558,,4.508954919173735,4.480603271143257,-4308.0,18.2418,-0.1308478329989365
2019-12-31,0.8350314246399234,2.836782483718231,,0.5043792206059147,0.8952488699987585,1.57662944336194,0.039597515140629,-1.2293050714299351e-05,0.8101352174442685,,1.1920703740512146,0.5615377496932213,,-1.1148203954421358,1.347723400664692,,0.070749137857326,0.1087634445179765,-1.986040788510563,,,0.259044336714038,1.7235707697937144,3.849238171611869,1.1692594271882788,0.6852547159342776,1.204728038729168,0.8892917671671764,166.33010073611712,0.3860471138018409,,-0.2135942559247236,,,,2.614678041099014,,0.7755606321973052,0.5714285714285714,0.5593518131826687,,,-7.738153647016195,,0.95130050215298,,-0.2566225316848963,0.3874536519291895,1.179113224310303,,,,0.6645519184795371,0.8350314246399234,0.9212053240485804,,,,,,0.815000467881019,0.4995703087919567,-0.6387647998377405,0.4545108343158497,-1.819423865476724,-0.2822848437397225,0.8643264140646676,3.172280845555919,0.4580280707517736,1.426424757197719,2.8378385273458093,,-0.007699389070215,0.9258032310764204,0.8321195329507224,,,86.36192584394023,-0.3202337568534751,-0.2388126699447405,0.5672808486878839,0.8276520941608071,3.4171442728549013,,1.0962531601357195,2.538052940524975,0.0846918105527153,0.3670990748292873,2.966770026451426,,,3.641221161606323,,0.8089661056387187,,1.1263499699338544,-0.010526905201859,1.44303930747533,1.3502067144778689,-0.0016688625384277,,1.4354584424863062,0.989227347970933,0.9350907657347152,0.351861397178713,-0.048137928536905,-0.2464511437818325,,,,2.160958421423538,1.294463944046394,5.9206433282723285,2.942672399046631,0.4884864580901237,,4.085855867559993,4.148023341826251,,29.0414,-0.1079183510436824
2019-09-30,0.8056376629227858,2.7981050941969845,,-0.8679791039118766,0.8736437641824638,1.3579294369252783,0.0207803651374094,1.8017729105877165,0.8076988670970886,,1.02048958260116,0.563707410497664,,-1.1390115404251733,0.3685325472590153,,-0.4566862370678599,,-0.4204194956965092,,,0.7049651721667999,0.8187142670805231,2.43785084202085,1.1494078673643435,0.6784204020609833,0.9512516762787848,0.8958595219750733,0.1609000073530012,0.8097729388482334,,1.228314212808043,,,,2.866751517699367,,0.773229521189799,,0.3819559302139465,,,0.0471788869567481,,0.95931711912885,,0.2667348946578092,0.3463950341153208,1.164871426584283,,,,0.0610032991611584,0.8056376629227858,0.9008517092799,,,,,,0.8096443590442647,-0.3122259519351757,0.4077478893593286,-0.2295688289962351,0.7810034113228352,0.1822693545683507,-0.1878446389295682,-0.227509131578911,0.5234169879102895,0.4355816388679303,1.0064431455476248,,-0.0508829190727257,-1.2249387366128155,0.8321195329507224,,,0.0801328168234643,0.1312490326574833,1.1993983891689413,1.5432719151312115,-0.2192244981147457,-0.0757343023095769,,-0.1843138763222673,-0.0763628308782811,0.1421819234108228,1.2788632166519447,1.052592180556131,,,0.4432972476553586,,0.7339900204245198,,0.2453020994012915,-0.0683128954588722,1.134978298779886,1.0564996803795144,-0.0469916556873078,,1.1288711597999523,0.2401870789169038,1.248262369435671,-0.1428841925880731,0.2325858675621955,-0.5745917151695953,,,,0.26698882512836,0.2349944889092382,1.1031534156476126,0.3061045285041453,0.5019845902404857,,0.6933798556077282,0.3921673378811539,,23.2445,0.114556131558003
2019-06-30,0.7635075845697996,2.7223797051182643,,-0.8721923454673522,0.8425299928185109,1.047568409259224,0.9970136951946508,1.7640362258886395,0.8059690583505909,,0.9872492853247112,0.5336633268870881,,-1.0988209385699643,0.4340264909985049,,-0.393247499073731,,-0.518192029076958,,,0.7037038959421162,0.8132544097293966,2.5020048115477147,1.112340561607808,0.5749585886151248,0.5915259292797936,0.8555006118498788,0.7428328662815873,0.8085744406700246,,1.2491613500077092,,,,1.81675116143191,,0.7715744323744697,,0.3475890769335494,,,0.0674404327928064,,0.910054938444482,,0.2652545909214129,0.2963959773863677,1.1401169950085532,,,,0.0573615179990991,0.7635075845697996,0.8637419001149846,,,,,,0.8119487314507753,-0.3858551309472596,-0.8113480211951424,-0.2906389912963352,-4.253402708383584,-0.0151560480970598,0.5608163107809396,0.2618275853028151,0.4386840258168958,0.5018549534325488,1.976446943970429,,-0.0475353586074148,-0.7213763840987475,0.8321195329507224,,,-0.0278915329275041,-0.0858062125667759,0.6508077373550794,0.350642099385818,0.6323754203607459,1.986742643213037,,0.0,1.552247203455532,0.5716214912703772,1.2276195214291918,2.068232251803372,,,0.0563409679125038,,0.7703922024871377,,0.1383021778347146,-0.0638333613304216,0.4723561452889956,0.4260612225497802,-0.0434782608695652,,0.4694189092641105,0.1804696734780015,0.4765483771529657,-0.2379685050966201,-0.4615753192828897,0.234008641257949,,,,-0.0970099667774086,0.1318063451057863,1.2185301745825556,0.2803772422994902,0.4589802708381975,,0.3450195801859653,0.0064929727952658,,25.7898,-0.0773697413661829
2019-03-31,0.7228734582640102,3.0349634673107886,,0.2371427753448117,0.8113751716692543,0.7723762157213858,1.135858906621208,1.7262496592262715,0.8022658058228773,,0.9707092123490908,0.5039797864687794,,-1.0221800163746793,0.349157432243916,,-0.4766223957591131,,-0.3921956636967111,,,0.7024581910288484,0.806538669757123,2.3736968724939858,1.0596430503353296,0.4392888433710114,0.2725628232057725,0.8043243318291611,-0.0219773037361416,0.8073907387656208,,1.2651022979357056,,,,0.8614431325884968,,0.7680311436430602,,0.3304884398221313,,,0.045848015475827,,0.8475890506067276,,0.2637925625397869,0.2402861262535097,1.1160875270456894,,,,0.052882050176507,0.7228734582640102,0.8121098093093475,,,,,,0.8106719845768977,-0.2838643125041656,-0.2372943234540983,-0.2048213151807929,2.189156128320871,0.4467840873164904,1.152583746915361,2.1148226189934083,-0.2145227235588911,0.4159759620861377,2.976367573941685,,-0.0505481630261946,-10.72792249047014,0.8321195329507224,,,0.0177089097952407,0.4242588397517975,0.6715339012346953,0.3953098827470687,-0.5276928564149598,4.109791615052165,,0.6979502777592974,3.0900166131354525,0.9767531590624096,1.5191977717385787,3.11182088775009,,,-0.8155455987532352,,0.7365236950283099,,-0.1670401840570995,-0.0678649420460272,0.04866218184755,0.0228760606817849,-0.0466403162055336,,0.0477518456775422,-0.0190421354516743,0.122132154414054,-0.3858599034324605,1.0028623681465088,0.6053652408482846,,,,-0.6631631933957516,-0.1532408864715303,-0.1218921024451108,0.315797876586573,0.3461212934858744,,-0.556968133479334,-0.9921098052108162,,26.2605,0.0058787081376314
2018-12-31,0.6614299203551637,3.431072146359784,,0.072822805592512,0.7571687663510931,0.5058165472513851,1.3078241890824795,0.0007289239655649,0.7921549518820806,,0.9974099971795573,0.4770499812838315,,-0.9566531872808623,-0.3050984868465128,,0.5673005671616268,0.6692280573715232,0.5811466720512886,,,0.7012280574269965,0.797530482279704,,0.9923491279329306,0.2908035954443058,-0.0363947046812322,0.7536472025166778,0.0386767865750537,0.8062218331350222,,1.2889831603248754,,,,-0.1470235635296129,,0.7583570329619096,,0.3580941482521291,,,-6.88196980179505,,0.7857324272982061,,0.2623488095129313,0.1426527458830961,1.068146349934714,,,,0.0468734962254054,0.6614299203551637,0.7454428996117315,,,,,,0.8068728841229208,0.1860694211337384,0.0873462971883477,0.1907045301729597,-0.1077323317597601,-0.3310502719092207,-1.8418579311282568,-2.18040715733638,0.4499888661885196,-0.2460655314619109,-1.7150984471820805,,-0.0604234663988618,-0.5545697948811037,0.7514150009895112,,,0.2837852794687327,-0.3789942451914282,0.6647851279325948,0.4544946957007258,0.5424436971364517,-5.221284444077408,,-0.9198936780653316,-4.194019271237125,0.3779299700974245,1.083405250944518,-1.7852404594381883,0.0,0.0,0.6549550552416998,0.0,0.7091186431913958,,-0.1078030798190802,-0.0810795677249566,0.5862541989094052,0.534259729924959,-0.0570048309178743,,0.582772088592522,0.0125890350968148,0.4907282480563477,,,,0.0,0.0,0.0,0.2165710258733514,0.080906956802324,2.6055555506429124,2.3758510189419426,0.4545149427971048,0.0,0.9989235537573542,0.7304388920851483,,26.8368,0.0472448279973767
2018-09-30,0.7006507549498845,3.2203820283818576,,0.3848286393479898,0.7977326710431807,0.5503034972281663,1.235943565359732,1.7097135470767415,0.7899378730661469,,0.9720010997057664,0.4727178372834625,0.0,-0.9205910428740256,0.360480430260356,,-0.5157002593553168,,-0.4096405764910775,,,0.7000134951365604,0.788582318604031,0.0,1.0079951823174245,0.3545227561135999,0.0151681523966981,0.7512082796431895,-0.3804442846755284,0.8050677237782286,0.0,1.2940227001543254,0.0,0.0,0.0,0.0715821481502593,0.0,0.756235721945079,0.0,0.3318241108864551,0.0,,0.0309022364180501,,0.785015423398676,,0.260923331840846,0.2157314002495083,1.1055784209994486,,,,0.0409049787691087,0.7006507549498845,0.7612295738384709,,,,,,0.8077759489849318,-0.6130724082702682,-0.470522019116193,-0.4819487572689924,1.9814789290513768,0.0355890234820081,0.4566138518895538,-0.3744699406499117,0.5604633697602294,0.4274337025505529,1.8930630594878368,,-0.0620972466315172,1.891983572336177,0.7514150009895112,0.0,0.0,0.183951300498063,-0.0319656868952643,-0.0919442968221945,0.4131769960915689,-0.6732650565576276,2.30599829328048,,-0.2396682273301842,1.4712814265145642,0.2795408507765023,0.5006593857841163,1.9810313097302192,0.0,0.0,2.623298917429661,0.0,0.6368313555159131,,1.05166880179874,-0.0833193347891819,1.301145932105542,1.2144553843386532,-0.0587615283267457,,1.2942438675875207,0.7823841339122012,0.978023833460096,,,,0.0,0.0,0.0,1.261653075606564,0.9827740176493052,2.113427815246505,0.1548882984182736,0.4249066075180948,0.0,3.1426291271505726,3.1037642804306733,,33.6293,-0.0736935208227146
2018-06-30,0.6614716269364159,3.115588671712373,,0.2379704228407994,0.7565653064228978,0.5194908773268471,1.2038158113242077,1.6597928876468395,0.788841515409916,,0.8213449686236862,0.4574382329548131,0.0,-0.918270561687758,0.4711323761250279,,-0.4529954114059338,,-0.5745993084126303,1.6624420255840249,-0.0252506498329001,0.6988196945946787,0.7811578360496028,0.0,0.9875815128433606,0.2684941263117221,-0.0205453931935828,0.7266860383709038,0.1947564931086038,0.8039333427865083,0.0,1.3218207351782938,0.0,0.0,0.0,0.2677394473579205,0.0,0.7551867219917012,0.0,0.1760620516717045,0.0,,0.0353069926830069,,0.7550818203832498,,0.2595222213084545,0.141585279238267,1.072934755176549,,,,0.035952772334782,0.6614716269364159,0.7406123764065577,,,,,,0.7959426852758232,0.6149133649618378,-2.7286058362700607,0.5509209869763797,-2.3865304434719685,-0.2156623106024439,-0.0755187614037473,1.4647287158661098,0.1066966277674718,0.5394023945664979,0.6734943789011787,,-0.0748179763996987,1.3794359230350337,0.7514150009895112,0.0,0.0,0.654344216934145,-0.3146384132299625,-0.0525867717851743,1.461753210496929,0.3819168450015285,0.3554436094365072,,0.4530854983035061,-0.3381238232362388,0.3266132921771004,0.7596891354205798,0.705279633585618,0.0,0.0,1.3232265605432332,0.0,0.5983608676542826,,1.0031111924494758,-0.1003415644772943,1.1129749665732414,1.035237945070815,-0.0721124286341677,,1.106973088830674,0.9551930379708232,1.023862891770439,,,,0.0,0.0,0.0,0.5365549179502668,0.9381721729880572,1.1922636485746805,0.1689379511683335,0.375890147093159,0.0,1.7427850262615765,1.5539779732062136,,33.9151,-0.0763851564679793
2018-03-31,0.6544557368042415,2.949216213934341,,0.2182885962809808,0.7461192828359111,0.5787599537053593,1.146708781395412,1.6471023710895838,0.7827750030454379,,0.7377966914515671,0.4424389433371386,0.0,-0.9569403076303458,0.0166368016092361,,-0.3073645509732949,,0.1014790883162119,2.2017002876456067,5.627099063415439,0.697641465364213,0.7690168678425945,0.0,0.9918933154070726,0.3022275972781913,0.048150773121285,0.7447178577058755,158.38555870554498,0.802813758068593,0.0,0.1851350243850942,0.0,0.0,0.0,0.6588783631647951,0.0,0.7493822555830109,0.0,0.0896822169931947,0.0,,0.0446957438297162,,0.7770882233682713,,0.2581393861308332,0.1197347795839047,1.063982549646645,,,,0.0278546213279027,0.6544557368042415,0.7456048714587067,,,,,,0.7918321831452908,-0.0170982765898574,0.4088228583018533,0.0194091980540648,1.919920057889115,0.0428519595923589,-1.6537165421173807,-1.9745654306779648,0.7080587628176417,0.0794983720217286,-1.4319798853670014,,-0.0587496861662063,2.9261776184425488,0.7514150009895112,0.0,0.0,0.9925843940232428,-0.0325050536318142,-0.383913875746209,0.818537130094919,-0.4455569142973606,-4.237663445921767,,-0.8423612035127404,-3.535044855465721,0.7147680138902286,0.4360858318357548,-1.4906887430542817,0.0,0.0,2.2049926251634986,0.0,0.5383799994829236,,1.421385134251876,-0.0788398006607312,1.4701564103100986,1.375314141683805,-0.055248133509003,,1.4624458204334363,1.2853209655009203,1.2899686010505558,,,,0.0,0.0,0.0,1.1933554817275749,1.3302776464830162,0.189866377095844,0.1392877099750253,0.313390147093159,0.0,2.616172676824855,2.5209172351442426,,27.9895,0.1099514691608577
2017-12-31,0.6701448966002114,2.6340248455282027,,0.4066172049885045,0.7560949189458064,0.7282912488282687,1.028658304724012,0.000948892919224,0.766865635278353,,0.7258671971827603,0.7172173902729506,0.0,-0.9454300460176506,0.618964834424899,,-0.3065059708724029,-0.5827130867190737,-0.7951677225573588,1.6637724972224437,-0.0113050295003507,0.696478807445163,0.7519585651079331,0.0,1.0043086981461609,0.3349090288328437,0.2214658869496006,0.7404409543060869,157.94035898986104,0.8017089696244829,0.0,-0.0254810690825342,0.0,0.0,0.0,1.2371307287807105,0.0,0.7341601007039955,0.0,0.0773484169722213,0.0,,-6.81027301709155,,0.7718677664746075,,0.2567748263079824,0.1393116060596575,1.0718099370892504,,,,0.0164765574773928,0.6701448966002114,0.7578966604942005,,,,,,0.7790024340712048,-0.0403419958272994,0.2246583677712141,0.0,-0.2296957375693463,-0.4224554792413276,1.017076451273269,0.395143807706266,0.5824261887566284,0.6889940430819451,1.6883252357006389,,-0.0160682902334923,11.178435287711018,0.66778151593113,0.0,0.0,86.26054233536247,-0.4401467077523415,-1.1580363546304944,0.6130653266331658,0.4635687353510649,4.357899083326451,,0.0502149723903931,1.5194063572931664,-0.2405710427317449,0.7642241753729281,1.7667984306670848,0.0,0.0,1.2327247933654302,0.0,0.4817084205899842,,1.1742152736019242,-0.0217257405229856,1.5830326669917114,1.483296343120418,-0.0104523495827843,,1.5747820909740415,1.3637560215721412,1.6525761234767171,,,,0.0,0.0,0.0,2.5740461089298297,1.2558280894918252,6.726524469235605,1.974204290161822,0.3960570861545645,0.0,0.6830422597947329,0.3807224459603846,,29.8281,-0.0255612748507793
2017-09-30,0.6346325492635868,-0.0002911357886431,,0.2464887090473607,0.7195027799118219,0.6851384881046301,-0.0568670844248933,1.6148508569753943,0.7571933244000487,,0.7137179397065849,0.674200319668236,0.0,-0.944519504585106,0.4931304714325814,,-0.5251232650269331,,-0.6085880511875615,1.757846289194543,0.9747493501670998,0.6936707809531719,0.7327278624716186,0.0,0.9830911012337724,0.2588464893998867,0.1714494296543167,0.7219364093243947,-0.4668828993700929,0.7990407082483061,0.0,-0.2159778971450479,0.0,0.0,0.0,1.121151420794619,0.0,0.724905590004196,0.0,0.0647874056889284,0.0,,0.063475516460018,,0.7492794655214039,,0.2534791706644005,0.0748654310553706,1.044209174455311,,,,0.0036494804879832,0.6346325492635868,0.7366345336422014,,,,,,0.7694735427686069,0.0918554581386847,-1.0101969931293258,0.1108661077302722,-7.516229626821956,-1.152721107921332,0.0432363949734394,-0.8126504968379278,0.8273285541200606,0.5616622648216604,1.0536909898009512,,-0.0701313917482634,0.0316414049736794,-0.2485849990104888,0.0,0.0,0.8059767570558938,-0.382800298293256,0.7620283469117138,1.1546621998883306,-0.3739427290329155,0.1162165882126242,,-0.4047135919100526,0.3511529516003987,-0.1595447091733385,0.8097054367457817,1.1029386528117215,0.0,0.0,0.9412239445634932,0.0,0.5024948938700586,,0.816912337577453,-0.0940702166974634,1.2241785392730764,1.1411117328325662,-0.067193675889328,,1.21764467730412,0.7958075585445026,1.252884691346933,,,,0.0,0.0,0.0,0.9188362025571328,0.7550638388570876,1.5854232453095805,0.0832259462418319,0.3310179780527667,0.0,1.0570887696961824,0.7948343880989562,,27.3817,0.0982543510561251
2017-06-30,0.6186269227683057,-0.0002911357886431,,0.1913467537786556,0.7046914837738613,0.6302621250305495,-0.0568670844248933,1.5856655079354411,0.7524911682299915,,0.6630416117629369,0.6446700031784474,0.0,-0.9325208995196368,0.7384261948637755,,-0.5611586912531706,,-0.4756505716953986,3.462396954873197,18.84135825390932,2.7417549906053087,0.7217850616917708,0.0,0.9730921691067272,0.2085394686229946,0.1078446631413896,0.7049708484152664,-0.7974411555649964,2.7451847376435703,0.0,-0.2159778971450479,0.0,0.0,0.0,1.033208580345437,0.0,0.7204065457597091,0.0,0.0123935924584258,0.0,,0.0591543085923623,,0.7285696521492036,,2.657224400035332,0.0315506775268255,1.0327667622777963,,,,-0.0036494804879832,0.6186269227683057,0.7269688885162671,,,,,,0.7598512309630424,-0.1916003700090684,-0.7334026316456659,-0.1274735400598945,7.513300713276592,1.1226169485483677,-0.0432363949734394,1.0955383250331523,0.4868244252963583,0.8098769807498032,0.7686363662133127,,-0.0413423717465896,-0.0545471047377019,-0.2485849990104888,0.0,0.0,0.1923630326508024,1.169356465131113,0.387719090050719,0.8107202680067002,0.3995719963313971,0.0140336388911828,,0.3140260129066595,0.1056949828330933,0.0299025754798881,0.91554559802173,0.8063128369302144,0.0,0.0,0.2938802771825342,0.0,0.3778277618345872,,0.7181092316138984,-0.0555462231927879,1.0472114455614947,0.9731194333239792,-0.0369784804567413,,1.0415241724220052,0.7871830936089909,1.16790150612721,,,,0.0,0.0,0.0,0.2539414074297795,0.6562746999983224,1.4377102918198306,0.0189533464858762,0.2824538874620593,0.0,0.5001020767988716,0.1781868989890687,,24.822,0.1851784707114657
2017-03-31,0.5737373915966315,-0.0002911357886431,,0.1686555365666162,0.6608846928498378,0.5241302060200296,-0.0568670844248933,1.543732861503524,0.7498111828480936,,0.6390669583793398,0.6048985141234932,0.0,-0.8745508844874657,0.3973751540248288,,-0.4944138854846524,,-0.4662106565031929,1.664961261822451,0.0011552584890869,0.6931673085507262,0.7159165807672196,0.0,0.9219384636751052,0.1087767529611329,-0.0151681523966981,0.6620860189345756,,0.7985622953952763,0.0,-0.1065915458524503,0.0,0.0,0.0,0.7026297882346235,0.0,0.7178423236514523,0.0,-0.0123935924584258,0.0,,0.0496745926145335,,0.6762227770951016,,0.2528882675268267,-0.0315506775268255,0.9980300616811631,,,,-0.0075638177877526,0.5737373915966315,0.6763464122094882,,,,,,0.7556161681618878,0.1260166665656816,-0.463159495981543,0.1396199085175888,-0.2245442955101478,0.0624234824325213,0.151258936954848,1.0384568149107956,0.163832130909916,0.4647674695251521,1.2357119775042662,,-0.0492091388400703,-0.1529996369577055,-0.2485849990104888,0.0,0.0,0.8157166574432761,-0.0090003892820794,0.6310670594851738,1.156895589056393,-0.4674666259044125,0.0057312742588157,,0.2925256553123544,0.7897928895780264,0.2814700491945596,0.6860094017470056,1.2929243915284427,0.0,0.0,0.8673086021206133,0.0,0.4034230460973655,,0.8371879003372638,-0.0660731283946469,1.015411306171163,0.942754633358588,-0.0452349582784365,,1.009876160990712,0.8294832274284822,0.9990597354557184,,,,0.0,0.0,0.0,0.826457263666566,0.7718211071322494,1.624734606749323,0.0557880691991013,0.2090386411393882,0.0,1.0010764462426458,0.7328223884277143,,22.319,0.3180922084322775
2016-12-31,0.5415779823751945,2.819239611547222,,0.1053348245815565,0.6292781836410825,0.4527912792852691,1.1405385217594648,0.000301279108961,0.73446217566086,,0.5910758343216747,0.5680293561971296,0.0,-0.8450099793920104,0.073864074837622,,0.0768981389118477,0.0626534638768454,0.0147075897927761,1.6648510452370198,0.0,0.6910288484496164,0.7032423241677758,0.0,0.8889130628872134,0.0399309573008312,-0.0978539486861104,0.6370308402828457,-0.4535821371089633,0.7965302737927166,0.0,1.441719555442578,0.0,0.0,0.0,0.5519696246366071,0.0,0.7031563243041634,0.0,-0.0620111968238257,0.0,,-6.157519227104674,,0.6456388158052925,,0.2503784521383688,-0.0876369626925234,0.9702694270785612,,,,-0.0160176776523215,0.5415779823751945,0.6433846213947652,,,,,,0.73076631437276,-0.37032262690281,-0.3686230763380067,-0.2772626000827949,0.3792081596085593,0.3074961224026463,0.4094774442376279,-0.0738364222701512,0.1820763415396156,0.1374066435930039,1.1560273032898878,,-0.0622646246547828,-3.846966327827192,0.587116564417178,0.0,0.0,0.2129496402877697,0.3177597050836487,-0.073978525692291,-0.0457844779452819,0.4138642616936717,-0.0420128279241335,,-0.1264314167387399,0.6269442906191162,0.0653998263721423,0.1547644430305348,1.2129369367236922,0.0,0.0,2.3438621879609274,0.0,0.4428759792135267,,0.829097754189652,-0.0835433114956044,0.8349433016364903,0.7708619962419689,-0.0589371980676328,,0.8302714932126697,0.7432873727830429,0.4366669093488939,,,,0.0,0.0,0.0,2.4073291050035235,0.9115156634376378,3.81927172820194,1.7584417657859024,0.2776675227644175,0.0,2.2419034539076854,2.106558724418509,,21.1289,0.0420112777600163
2016-09-30,0.5371631719014395,-0.0002911357886431,,0.0601546882161025,0.612275100448813,0.7098962069813364,0.0030791650709838,1.4847943550765366,0.7319527348032647,,0.502382250962465,0.544843269678084,0.0,-0.9286546966225632,0.0921375890121464,,-0.5194765867700288,,-0.0130063858249829,,,0.6888903883485067,0.6968382462430295,0.0,0.9186614358398004,0.0961278853626821,0.200145007136735,0.6670470005148271,-0.4150850905644654,0.7944982521901568,0.0,-0.2159778971450479,0.0,0.0,0.0,1.66322126346691,0.0,0.700755279966432,0.0,-0.1537107186683028,0.0,,0.0521197454377201,,0.6822750896375609,,0.2478686367499109,-0.1229082174084834,0.9599962061413528,,,,-0.0202892636749652,0.5371631719014395,0.6728096301772432,,,,,,0.6643131965958191,-1.4561134304001229,0.2005628375123596,-1.191271513710036,1.6363150821818684,0.9657901493113684,-0.368072079951638,-2.040707454155817,0.8037299538475997,0.1558976106037303,1.3043075248456537,,0.0006695120930621,-0.0063418950807769,-0.2485849990104888,0.0,0.0,30.6868843386829,0.681834597327555,0.744980986827509,0.0,-0.5243299704473657,-0.0219175819638285,,-0.8672742997804538,0.9544046959796212,-0.1051413137841227,1.01123719725506,1.367589014669594,0.0,0.0,-0.4191829237748031,0.0,0.3172781095684997,,0.3874422860728385,0.0006719301192675,0.4564883806492718,0.411618816567441,0.0071146245059288,,0.4536270540604906,0.5244674972339499,0.5618785463231319,,,,0.0,0.0,0.0,-0.4257726769354676,0.342627028915218,1.1083936335685212,0.0,0.2689119775858043,0.0,-0.1377108813867597,-0.5279444398783595,,16.5525,-0.1139344509892764
2016-06-30,0.4914151390394496,-0.0002911357886431,,0.0238188810101747,0.5671666521935359,0.6115104773314833,-0.0030791650709838,1.4329250625707055,0.5950542087952247,,0.5089840444793614,0.4945097495583432,0.0,-0.8674952448754407,0.7147896909157364,,-0.4374483426910251,,-1.065574598046392,,,0.1708484288546781,0.395082434611571,0.0,0.879368729528788,-0.0399309573008312,0.0861104572498351,0.6085225151625331,0.3373720373532463,0.302241018970056,0.0,-0.2159778971450479,0.0,0.0,0.0,1.5375229792509832,0.0,0.5697701524546599,0.0,-0.1468851819621854,0.0,,0.0538386931698731,,0.6108384723564148,,-0.3601341411040142,-0.1994768270975739,0.924158757366506,,,,-0.2215635021153898,0.4914151390394496,0.6333759906570738,,,,,,0.5441121494454014,0.1984330156344989,-0.9592880866059884,0.2015460714501262,0.0787533165638675,1.341215836298555,-0.4262589828913931,2.303512018358372,0.0926358515503091,0.7859592049690827,0.62014354636627,,-0.0637710268641727,-0.0844754038845525,-0.2485849990104888,0.0,0.0,0.0015495296070835,1.4129790397396031,0.4161769334358376,-0.1161362367392518,0.6104657087536941,-0.1962617336966994,,0.7690221458984765,-0.0097906744932993,-0.1772933346194656,0.6641013231712338,0.6537733225239513,0.0,0.0,0.0499540812066902,0.0,0.3505261252876238,,-0.0765635702894193,-0.0855591018534072,0.1354503115344004,0.105274961847617,-0.060518225735617,,0.1341247916170516,-0.0949130295293384,0.0417929776024958,,,,0.0,0.0,0.0,0.0408335850196315,-0.0918600646726747,0.96605884501211,0.0385453135513006,0.1733160168106467,0.0,0.2729719196006013,-0.0732719651516396,,13.3036,0.1024534712408672
2016-03-31,0.4385367864360733,-0.0002911357886431,,-0.0065641579420206,0.5185032784888465,0.4245395135807395,-0.0568670844248933,1.373901384891656,0.5920331343647216,,0.4958979017507209,0.4396449137300993,0.0,-0.8272022706515966,0.0025534412093694,,-0.5323944765867701,,-0.0060993462732527,,,0.1689954427961923,0.3924760164511389,0.0,0.8252090609311968,-0.1250670390035634,-0.1305993213848939,0.5736615045416905,-0.5335827907090744,0.3004802623872555,0.0,-0.2159778971450479,0.0,0.0,0.0,0.8906962534914211,0.0,0.5668795748053522,0.0,-0.160414830732209,0.0,,0.0535505117415012,,0.56828557729402,,-0.3623089083216828,-0.2829385875743906,0.8864431023500031,,,,-0.2233020099090324,0.4385367864360733,0.5803713565671961,,,,,,0.537167892058214,-0.3156089496953282,-0.8083259386963466,-0.2311380218139903,-0.2292650149891457,1.5910158562435153,,0.8396002114027789,-0.1693499293447476,0.0652474211609929,0.2256858420876585,,-0.062934136747845,-0.1625521873298239,-0.2485849990104888,0.0,0.0,0.8208079690094079,1.6803853423571733,0.3484957149417221,-0.1362367392518146,-0.5912310200754102,-0.2438406694744955,,0.2176242016499235,-0.4506944290619116,0.216263142664223,0.9763015959505026,0.2420956393611418,0.0,0.0,-1.227979851390087,0.0,0.4187802166550324,,-0.3144971110355826,-0.0844392183212945,-0.1166009099257282,-0.1345400168832477,-0.0596398770311813,,-0.1167206477732793,-0.1483725134520915,0.0,,,,0.0,0.0,0.0,-1.2595187757978457,-0.3163533847570235,0.7344546538989043,0.0387049686961876,0.1059129115106233,0.0,-0.8322228614910636,-1.296848031560779,,15.6842,-0.185116231621632
2015-12-31,0.3907479488143022,2.8190057324636784,,-0.0390428154968357,0.4732878527144001,0.2816106056454701,1.1535145577106216,0.000815855423503,0.5725179680838105,,0.5357942660487198,0.385787631233236,0.0,-0.7646266933241089,-0.2598531368486753,,0.3698485193946476,0.3798420365777478,0.3988149625179838,1.2716022047253392,-4.121921029830425,0.2282598540449076,0.3800903358216277,0.0,0.7720604754543858,-0.2364485962515519,-0.2962619000965714,0.5259873844430352,0.1387429635863038,0.3567948804892634,0.0,1.5889774651448034,0.0,0.0,0.0,0.3056053340363678,0.0,0.5482073756352277,0.0,-0.1191663278428544,0.0,,-5.456586012696632,,0.5100929706470803,,-0.2927529080658278,-0.3648676327237694,0.8462914071683184,,,,-0.2315633866255009,0.3907479488143022,0.5272764351316012,,,,,,0.5648826412716523,-1.319265616826526,0.1436097659914306,-1.0761075517616867,0.0322180489990007,2.156758901499479,-0.6494885425069227,-0.3617333371970917,-0.0627828432621813,-0.200281766707721,1.053676816581533,,-0.0625993807013139,0.3448901797059357,0.4617257075004947,0.0,0.0,10.667847260653016,2.3535150295713674,0.5480463126828438,0.037967615857063,0.5462142056455722,-0.4639854653563465,,-0.2348708502428314,0.9312969321076532,0.1417960837272113,0.2460428392057588,1.105882631413879,0.0,0.0,0.4704728244232321,0.0,-0.3089531787274748,,0.1086961750634003,-0.0839912649084495,0.3379144693745083,0.2979352459711596,-0.0592885375494071,,0.3356203858061443,0.2167607388006992,0.2102877643235439,,,,0.0,0.0,0.0,0.4899627504278667,0.2198989353776503,2.583982760160549,1.6212979963279317,0.1146246789633434,0.0,0.6268629015794065,0.3185255198487712,,22.4341,-0.1215159065886308
2015-09-30,0.3496061594189221,-0.0002911357886431,,-0.0645304780362276,0.4237164689924865,0.3829073833441392,-0.0568670844248933,1.2586079000168997,0.5685467170179072,,0.5216457861962014,0.3270902295850229,0.0,-0.7630854119344072,-0.1531148845015192,,-0.5478311055376636,,0.2399038340190312,,,0.227984760876561,0.372118713228207,0.0,0.7503287823272278,-0.2980765898026842,-0.1788532831053537,0.5012410576899438,-0.6751852547814933,0.3565334796520409,0.0,-0.2159778971450479,0.0,0.0,0.0,0.7062138388531038,0.0,0.5444076646929927,0.0,-0.1337943176946979,0.0,,0.0491838971361819,,0.4798861410568851,,-0.2930757726667702,-0.4541595881815621,0.8121061279774466,,,,-0.2368805411086259,0.3496061594189221,0.5063366343349037,,,,,,0.4935093770051348,-0.736741678330435,0.2359962477499176,-0.5856956939002942,-0.3032459253643913,2.086431698058761,,-0.5944833810093517,0.1151888048890555,-0.0922733407375577,-0.7267941878461809,,-0.0060256088375596,0.0087130150662552,-0.2485849990104888,0.0,0.0,24.62468179302712,2.101337629506644,-1.1171206265833562,-0.050251256281407,-0.6197900743911138,-0.3328048008368431,,-0.3225386285010977,-1.7723114409126148,0.1201890614449696,-0.1326397655316657,-0.7523211569983845,0.0,0.0,1.8029527175576767,0.0,-0.3089531787274748,,0.5059687834976078,-0.0082871381376336,0.6824706188511963,0.6265495047447847,8.78348704435661e-05,,0.6785282210050012,0.2715571977686179,0.359698433770213,,,,0.0,0.0,0.0,1.787858652974932,0.4532100006808688,0.2237482856104465,-0.0145058103068799,0.1273639971982255,0.0,1.805942725636124,1.6239007150489029,,21.5829,0.0770702732255629
2015-06-30,0.3306577561276383,-0.0002911357886431,,0.0,0.408766483557086,0.2634730302643939,-0.0568670844248933,1.2398134437285249,0.4614203922524059,,0.4350697592480717,0.308774773981715,0.0,-0.7061389368511619,0.0251426187231437,,-0.4865726622395759,,0.0025316136197279,,,0.3427505164484953,0.1350985717798096,0.0,0.7209990389143408,-0.3612601263622048,-0.3172843619107156,0.4656572664845699,-0.113252559252935,0.4655869496865039,0.0,-0.2159778971450479,0.0,0.0,0.0,0.6389220415550362,0.0,0.441908713692946,0.0,-0.22330451644476,0.0,,0.0428018288017661,,0.4364510768500304,,-0.1583803162245553,-0.482021517329997,0.8000530383202783,,,,-0.3949754199019876,0.3306577561276383,0.47690150375631,,,,,,0.4208905060323954,-0.5558704604714384,-0.6953730699997465,-0.4334253371086899,-0.8604803418214396,1.812729552702436,,1.2000943860970934,-0.2573917078081462,0.0881054074365043,0.974315291769895,,0.0,-0.0739131421310582,-0.2485849990104888,0.0,0.0,0.2828998339789706,1.9311275578881213,0.3370697528029595,-0.0770519262981574,0.5882757566493427,-0.3122691111294629,,0.3534081647927616,0.9010654557536826,-0.0052088357287547,-0.1041073698911703,1.0233506322896757,0.0,0.0,1.4954220354548744,0.0,-0.3089531787274748,,0.7541007608042041,-0.0002239767064225,0.8514571673850553,0.7874219235176355,0.0064119455423803,,0.8467063586568231,0.6158209526923091,0.6469484775304657,,,,0.0,0.0,0.0,1.480197322057787,0.688072262882483,0.7708620538718455,-0.0060440876278666,0.0461417230912911,0.0,1.537554982275756,1.3267650201364347,,24.981,-0.0359513230054842
2015-03-31,0.3121862575911382,-0.0002911357886431,,0.0298681844778474,0.3788632127890629,0.4701160103450223,-0.0166598094670024,1.2035588807674158,0.4586673163600925,,0.3613601118212142,0.2705327252217678,0.0,-0.736526105903312,-0.3480363265385734,,-0.517203665175136,,0.5575102854690931,,,0.341214147055465,0.1280734783677681,0.0,0.7171668805330261,-0.3399818474121105,-0.0777736187913013,0.472797308513966,,0.4641270506710727,0.0,-0.1421350257741624,0.0,0.0,0.0,1.53842433591746,0.0,0.4392745582544641,0.0,-0.2995122776871181,0.0,,0.0576293989858253,,0.4451648533100375,,-0.160183484561894,-0.5395607560881296,0.7767341287727826,,,,-0.3996612296593433,0.3121862575911382,0.4736133065661125,,,,,,0.4174962277579406,-0.4203970528535333,-0.1742970869355779,-0.3193876917819689,0.0,0.8875655902753465,,-1.1396872839572614,0.0878411158534468,-0.2895143267880247,-0.5731933397207308,,0.0026780483722487,-0.1573447994191323,-0.2485849990104888,0.0,0.0,0.8980630879911455,0.9020955570251344,-0.5537863817184606,-0.0792853154662199,-0.6027718332823805,-0.0442315633000247,,-0.5278954743530038,-1.6359109535939749,0.0052088357287547,0.5809273367018979,-0.5919172253815337,0.0,0.0,-0.1409011215317396,0.0,-0.3089531787274748,,0.1283756438076812,0.0033596505963379,0.5141493151627368,0.4665104330615658,0.0092226613965744,,0.5110121457489879,0.1636964920263345,0.5745713431531857,,,,0.0,0.0,0.0,-0.1569314406523708,0.090263476516438,0.7194874030502206,-0.0914823980202762,-0.008244805043194,0.0,0.1095562443161782,-0.2541916659817539,,26.9717,-0.0920001334732329
2014-12-31,0.2820951205375585,1.9974399459651977,,0.0492083520942107,0.3504949325104903,0.3779587989534629,-0.0547550217408249,0.0002381956016003,0.4435863077110488,,0.3561080380839851,0.2396820890310421,0.0,-0.6844356272256726,-0.0022489957114738,,-0.517713113118819,-0.7521903972588336,0.0425553396097831,-1.153709821380246,-29.543342822956635,0.3397089202852664,0.1096392454084677,0.0,0.6858547214281254,-0.4282201780217267,-0.184588968509898,0.4306303199057632,-0.5261971094535086,0.4626967442032514,0.0,1.816612423549153,0.0,0.0,0.0,1.231434012141595,0.0,0.4248449811180008,0.0,-0.3049423508914592,0.0,,-4.854666730437907,,0.3936943521286435,,-0.161950102189692,-0.5871270377421189,0.7544649796189882,,,,-0.4119570531599958,0.2820951205375585,0.4423990507835064,,,,,,0.449757441449089,-0.1069517069495862,-0.9002864893643993,-0.0557802994047097,-2.629389063092244,0.1443145192946273,-0.3486133594497904,-0.2552619559172769,0.1617442237532036,0.060387835761803,0.4491153076439007,,0.1106368733785254,7.446564712288982,0.3457154165842074,0.0,0.0,0.7993359158826785,0.314821328905836,0.1268439165587447,0.2333891680625349,0.5522775909507796,-0.0265367357612794,,-0.1947672726365511,-0.0989522649241333,0.2810842095109482,0.4508957832025279,0.474329690098172,0.0,0.0,0.4399020399076058,0.0,-0.3089531787274748,,0.3836900311119245,0.1478246262388711,0.7993168079015772,0.7393154827806242,0.1225296442687747,,0.7948154322457728,0.5071892905371199,0.8144518815359616,,,,0.0,0.0,0.0,0.5045404208194906,0.4504944193422017,3.729581410402089,1.2875275120026457,0.0476593509222507,0.0,0.5793693509771534,0.2659447686364757,,27.0273,-0.1027775619466243
2014-09-30,0.2598070503846367,-0.0002911357886431,,-0.8626505020659245,0.3301009825888646,0.2966743668211548,-0.0568670844248933,1.142888558881832,0.3999269094895846,,0.3416926393561205,0.2118020959572958,0.0,-0.6314881359519754,0.0717728141194868,,-0.5511229230199219,,0.0,,,0.6177398760523611,0.1758131782256733,0.0,0.6544937786188493,-0.5000891648513108,-0.278802160443408,0.3965413910731478,,0.7268891450836298,0.0,-0.1950363033002874,0.0,0.0,0.0,0.918862758650174,0.0,0.3830714718634901,0.0,-0.3198463058392374,0.0,,0.0573085247063357,,0.3520840082593159,,0.1643624490193749,-0.6261160661824261,0.7386261158642189,,,,-0.3678183575028006,0.2598070503846367,0.411564108154881,,,,,,0.4283641462697271,-0.8460256340343713,-0.0736556549958167,-0.6775453268060806,1.382912373798284,0.7202973920903379,,-1.879274110197148,0.7338722718986832,0.1352904970992016,0.0849741197013419,,0.1554941836136915,0.0784852060265021,-0.2485849990104888,0.0,0.0,0.4349750968456004,0.7221323277661306,-0.2586230025849659,-0.2356225572305974,-0.7172118618159584,0.0,,-0.8064687146563768,-0.5115871082068889,-0.4442943956785955,0.0895320673577526,0.0954855049736965,0.0,0.0,1.1855119249714747,0.0,-0.3089531787274748,,0.7523417605689038,0.2078503835601097,1.096463493791746,1.0226603239693737,0.1696091348265261,,1.09054060490593,0.6577331685698636,1.0331478105157823,,,,0.0,0.0,0.0,1.1885633746098865,0.6780210595701053,0.812051616942369,-0.1030231842078253,0.0395604716320336,0.0,1.2586069300866725,1.017937864716035,,21.0303,0.1530743736418406
2014-06-30,0.2393767836540572,-0.0002911357886431,,-0.8690246654569795,0.3093053813471811,0.2664560900067252,-0.0568670844248933,1.1176778682714446,0.3955171153611889,,0.2813556275841083,0.1895590751440809,0.0,-0.577601593321953,0.6448198047308625,,-0.4685959187163336,,-0.8540283702264065,,,0.6126428667822404,0.1679408257659095,0.0,0.631072908880093,-0.5833587113609938,-0.3138268292358741,0.3556312714297852,0.0516507487806272,0.7220458314581112,0.0,-0.2159778971450479,0.0,0.0,0.0,0.9369255187254176,0.0,0.378852160939904,0.0,-0.3822282157752687,0.0,,0.0577179421242694,,0.3021477028325722,,0.1583803162245553,-0.6633754200849703,0.7218739736124526,,,,-0.3730692977829791,0.2393767836540572,0.3877539693400512,,,,,,0.42995229482016,0.5589999858620989,-1.386598382475978,0.5049205160485243,-1.207229247786086,0.3273265053671039,,2.153093145554677,0.0689246431465251,0.7151566847295703,0.8085056324373969,,0.1919825926855803,-0.0206820657106552,-0.2485849990104888,0.0,0.0,0.4241283895960155,0.4405758560688138,0.3441771191818918,0.0625348967057509,0.6827422806481198,0.053062460428882,,0.7123652784245892,0.5651788680917045,-0.4207581749782965,0.322547383834726,0.8499103491943263,0.0,0.0,0.5069017337823171,0.0,-0.3089531787274748,,0.6279003372637193,0.2566773055602217,0.8331174677622467,0.7725833361320286,0.2079051383399209,,0.8284543939033103,0.6322208546149426,0.8432949224165573,,,,0.0,0.0,0.0,0.4758683177287828,0.561136597096341,1.1836242747833745,-0.0968422493129126,0.0,0.0,0.6819472541341104,0.3795101504068381,,22.6113,-0.100003095797234
2014-03-31,0.2079903765559025,-0.0002911357886431,,-0.8626531047310063,0.2812132158730626,0.1387778777118136,-0.0568670844248933,1.0822750178309566,0.354123522962602,,0.2486634037317038,0.1544816312076986,0.0,-0.5360362986757187,-0.0211958517392827,,-0.5002030666628666,,0.196868926525152,,,0.8584048748585605,0.1753699255358567,0.0,0.5887223746226703,-0.6397486270861863,-0.4618130008202207,0.331601874340164,,0.9555754209231642,0.0,-0.1156204898688302,0.0,0.0,0.0,0.5385543735393035,0.0,0.339246584922374,0.0,-0.4160284207253467,0.0,,0.0401013387571176,,0.2728160763531151,,0.4468202405645866,-0.7167361051168607,0.6999819870722356,,,,-0.3676320338154394,0.2079903765559025,0.3464474509016195,,,,,,0.4330040312504039,0.0170982765898574,-0.9838906776867884,0.0489586459039052,-1.547569001757348,-0.0297073819693314,,-0.6169952931143686,0.2538026411263522,0.0412155142027883,-0.0392087941991847,,0.2927441626914386,-0.1241604646941368,-0.2485849990104888,0.0,0.0,1.3416712783619258,0.0116034200541242,0.0184791525852239,-0.1853713009491904,-0.3351421583613573,0.1135959479175269,,-0.3310179795090147,-0.7592380108539152,-0.6314266422301533,0.6751614056818861,-0.0342685026836066,0.0,0.0,-0.4698327442740656,0.0,-0.3089531787274748,,0.1307140055949175,0.391511282826586,0.5468013508299109,0.5015246722538111,0.3136583223539745,,0.5435079780900214,0.2191272822200617,0.6900798217989569,,,,0.0,0.0,0.0,-0.4784053156146179,0.0884497997357439,0.789026845726605,-0.137942045182406,-0.0580054868083119,0.0,-0.1810100035262894,-0.5758814826991041,,21.7105,-0.0948342967688446
2013-12-31,0.1881373340720926,-0.0002911357886431,,-0.862655707396088,0.2659369150690824,0.0054763413226032,-0.0568670844248933,0.0002637753676363,0.3089292240224144,,0.2573409363692093,0.1358315161432209,0.0,-0.4665615341536025,0.1639790941771194,,0.5470045885940662,0.722106838690524,-0.0431724677553699,,,1.0045312516220115,0.1940211676245465,0.0,0.554021568699535,-0.727735867357838,-0.6163169187712781,0.2907170047782662,,1.0944285864009913,0.0,-0.1595650549307063,0.0,0.0,0.0,0.0286661702673431,0.0,0.2960044757331344,0.0,-0.4070567954565106,0.0,,-3.971511888467733,,0.2229106497733324,,0.618322261514235,-0.745107126607737,0.6825876743452647,,,,-0.3547017858586481,0.1881373340720926,0.3120920875002236,,,,,,0.4150984348484633,0.0837019286116783,-0.9681109449078416,0.1049149057166731,-5.350952758347404,-0.2311790654300791,,-0.1175907258760037,0.2854700796808364,0.228594021886155,0.5562960275300614,,0.4751862080508829,0.2003766563804683,0.2518305956857312,0.0,0.0,1.2909795240730493,0.1091678274776866,-0.223602131951933,-0.0435510887772194,0.3550137572607765,0.3959424119800699,,-0.1429119403233318,0.2463661535053715,1.1036944149705796,0.162476267188309,0.586937611323814,0.0,0.0,0.8373639829683022,0.0,-0.3089531787274748,,0.7492044236450626,0.635645892827146,0.9331410983120608,0.8716081948074051,0.5051383399209486,,0.9279995236961182,0.8890664474157712,0.9236867664348792,,,,0.0,0.0,0.0,0.8598409342595389,0.8157716859201252,4.498892444659814,1.5231556979780816,0.0423330609385944,0.0,-1.9545665447931555,0.6715706419002219,,24.2474,-0.1084157476677911
2013-09-30,0.1685992956534913,-0.0002911357886431,,-0.863112356814972,0.2444446844606096,0.0103992777128494,-0.0568670844248933,1.0328473012175727,0.1673285418443172,,0.2232509473395751,0.1018089589565431,0.0,-0.4743530115298909,0.1956973964397685,,-0.458107703707926,,0.0881344809308665,,,1.7387030135678028,0.0476069549117361,0.0,0.5468268592806037,-0.757368548916393,-0.610610960830208,0.2824288633657245,,1.7920581000351412,0.0,-0.0499675652549565,0.0,0.0,0.0,0.2380249600980448,0.0,0.1605203039768754,0.0,-0.4423021376256331,0.0,,0.0346619142965989,,0.2127928662897486,,1.4799869635802638,-0.7906162131535406,0.6708981138111842,,,,-0.450834029480719,0.1685992956534913,0.3049690005839617,,,,,,0.2755593435839499,-0.3010469115755075,0.3222371523464239,-0.2189559512445161,6.0639709176113845,1.3634205182719177,,0.5045958025785068,0.1262591155435628,0.2606897685046434,0.1450345543089421,,0.6156163695706753,0.0655404792158286,-0.2485849990104888,0.0,0.0,3.006972883231876,1.4408572648009268,-0.2575214252913891,-0.0368509212730318,-0.3016406807296443,-0.1043961791504941,,0.0914412297917637,-0.2285391516225495,0.4851934021414102,0.07005621418926,0.1576493144524199,0.0,0.0,0.9264464419892576,0.0,-0.3089531787274748,,0.505437527778504,0.8235623495156503,0.8192358657904419,0.7651378580361357,0.6525252525252525,,0.8146391998094784,0.4152527382981137,0.731913074324272,,,,0.0,0.0,0.0,0.9073190375515956,0.4451323303181039,1.0103097706277209,-0.1020652533385031,-0.0408008405323371,0.0,1.0426866613463002,0.7788896194624805,,19.357,0.1168362866146614
2013-06-30,0.1379571757296906,-0.0002911357886431,,-0.8635209752328025,0.2099945765838099,0.033782362412658,-0.0568670844248933,1.0020720888057932,0.1375563406017785,,0.1732650495534892,0.0722668091121735,0.0,-0.4683463288772516,0.0362307103247729,,-0.5586898281414769,,-0.164684873419319,,,-0.2771122483935597,0.1036045447252352,0.0,0.5257366368537545,-0.7969260986366457,-0.5835086610536071,0.2652320951579414,-0.774793911714965,-0.1234231179447975,0.0,-0.2159778971450479,0.0,0.0,0.0,0.3815205851336715,0.0,0.1320341274651499,0.0,-0.493982121141318,0.0,,0.0455887430037677,,0.1918012212422993,,-0.8858856389216322,-0.8350397897021993,0.6443702811551877,,,,-0.4128886715968017,0.1379571757296906,0.2840507143812911,,,,,,0.1454557231190677,-0.4675721992313021,-0.5023248738686206,-0.3590255363604757,2.4457117259915235,1.009164072760913,,-0.3875184045989764,0.2407367111821567,0.0993254461252572,0.1690950115936934,,0.5854883253828772,-0.0814576148121256,-0.2485849990104888,0.0,0.0,1.1397897066961815,1.033928512801752,-0.9433732515362746,-0.1742043551088777,0.4756700295526342,-0.1147576183004377,,-0.24458306998869,-0.3410610255842285,0.0183273849715443,-0.3753388588621111,0.1831273041440567,0.0,0.0,2.304399855286228,0.0,-0.3089531787274748,,1.145749169912939,0.7832465423595946,1.0606479556583202,0.9944312605342416,0.6209046991655688,,1.0548964039056918,0.9307834844546156,0.7376630940744745,,,,0.0,0.0,0.0,2.320628209000302,1.057586704703225,0.7705118806864456,-0.0064318215511637,-0.0837030119075414,0.0,4.628663165123141,2.0925248623325388,,14.3672,0.5047190823542513
2013-03-31,0.1285881224195061,-0.0002911357886431,,-0.8738795822580581,0.1930566488090349,0.1759082906421544,-0.0388031192915507,0.981261912885282,0.1200877086124984,,0.0663969599719557,0.0551769786603809,0.0,-0.4924497698627506,0.1508921779556018,,-0.5282333912845213,,-0.322861505843156,,,-0.2258722529611443,0.0842122395457583,0.0,0.5313984409054863,-0.7861612287837263,-0.4187767806214669,0.267845850266909,,-0.074733512943657,0.0,-0.1593372477278315,0.0,0.0,0.0,1.1250204853787835,0.0,0.1153200615413305,0.0,-0.6044721063679865,0.0,,0.063810164116599,,0.1949903768488142,,-0.8257475381574179,-0.8678008262632797,0.6309153305945513,,,,-0.4254277937966531,0.1285881224195061,0.289694170334773,,,,,,0.0932648021283681,-0.6330926860598276,-0.3612199883376011,-0.4982416709948393,-0.2932187036973226,0.2974387700324848,,-1.0808974406740604,0.567933606923114,0.2153513727813875,0.8719959861442607,,0.5617206460791698,-0.2406062806316936,-0.2485849990104888,0.0,0.0,1.56524626452684,0.2428041442125949,0.5999597550215929,-0.321608040201005,-0.7257209823703251,0.0010735816334957,,-0.5057516549131794,0.7484815594196478,-0.1479695186649947,0.2580731043927841,0.9171987525815288,0.0,0.0,0.2835555060807614,0.0,-0.3089531787274748,,0.161269575675181,0.751441850047595,0.4504724614358401,0.4135268626360521,0.5959595959595959,,0.4476399142653012,0.123736064535883,0.3976281168530414,,,,0.0,0.0,0.0,0.2609080841638981,0.118139629429718,1.304685158051021,-0.1280206183215682,-0.1133259397618491,0.0,0.9840017817041258,0.1593860442179666,,13.5827,0.5831191370636438
2012-12-31,0.0916030315974028,-0.0002911357886431,,-0.8734553478497372,0.153048343833657,0.1709799287133557,-0.0301325461674806,0.0001105522851766,0.0949202095261298,,0.0432364091581645,0.0075987734021301,0.0,-0.4688134200345328,0.4786146118574313,,-0.3719611252030667,-0.5275137151091952,-0.8146280824856761,,,-0.24257507967321,0.0655771577113847,0.0,0.5068332315061035,-0.8785092388279748,-0.4244890270644259,0.2333428009149234,,-0.0906049826452038,0.0,-0.1895522616115692,0.0,0.0,0.0,1.1698104300860743,0.0,0.0912396848337917,0.0,-0.6284175977422376,0.0,,-3.609342602765664,,0.1528746735750989,,-0.8453509020410526,-0.9401779820723696,0.5986990618367081,,,,-0.4373694483048009,0.0916030315974028,0.265373504762435,,,,,,0.005792071183932,-1.0754029806734893,-0.12712014806176,-0.8708000078204626,0.0887977671341442,0.5325071027398859,,-3.129906455650264,1.5237387254283554,0.5469736680923768,-0.3042394933924451,,0.532931626077496,0.0824900163369032,0.1156738571145854,0.0,0.0,0.3661317100166021,0.5173535384802991,-0.6873945504171547,-0.0067001675041876,0.5875878936105167,-0.1247722079995595,,-1.2775326824562572,-0.9524199800642374,-0.0109964309829265,0.1084980105614537,-0.311378255389404,0.0,0.0,0.4799487935880667,0.0,-0.3089531787274748,,0.2102371303824936,0.7129178565429195,1.9017591299171728,1.794032346845434,0.5657444005270093,,1.8919838056680165,0.3317796284526831,0.5971593787128444,,,,0.0,0.0,0.0,0.4118393234672304,0.3142831486928797,2.7002473319190816,1.6048079006488842,-0.0790479803875788,0.0,1.7219242404558193,0.3723802087614038,,11.138,0.9409768360567428
2012-09-30,0.0800803786269279,-0.0002911357886431,,5.367575809127168,0.1406346219576308,0.1683736972850358,-0.016830075881071,-0.0087316999805738,0.0899744183213546,,0.0190411028376145,-0.0075987734021301,0.0,0.2757661421902285,1.4359549284977098,,0.5280766380710804,,-2.2433693429919987,-0.0317955167435722,,-0.2592727159481371,0.0580372447689833,0.0,-0.0322773295240029,-0.9565689650966438,-0.427509794698993,-0.3460891145753799,,-0.1064715202554823,0.0,-0.2081157705092463,0.0,0.0,0.0,1.2150189890554637,0.0,0.0865075294885542,0.0,-0.653432913805062,0.0,,0.0576769247045799,,0.1015513371733447,,-0.8649481741397638,-0.9632968703742172,-0.0086065359118771,,,,-0.4418627749140563,0.0800803786269279,-0.2683702727955197,,,,,,-0.0139819352773413,0.7361499061849278,1.1651547803158988,0.6543075022887603,0.0256021501671203,0.4259840397880742,,2.716768573293426,0.6858631074594843,1.5157062306398017,0.7575018850381826,,0.5972047870114654,0.0,-0.2485849990104888,0.0,0.0,0.6554510237963476,0.3945139367674579,0.5186571592204857,-0.2914572864321608,-0.6167583817385102,-0.0434277534616125,,0.9246796204510678,0.7015837855797984,0.0808334137166007,0.3845082132732271,0.7976110871121789,0.0,0.0,-0.439595914618874,0.0,-0.3089531787274748,,0.4025893487411435,0.7989249118091718,-0.2139587751598053,-0.2181957693973773,0.633201581027668,,-0.2136127649440343,0.5726425140986214,-0.3015755239999814,,,,0.0,0.0,0.0,-0.4683781334944125,0.3787012377011893,0.8635288437475959,0.2517305477311863,1.9239289049731496,0.0,-0.1453016833392104,-0.5363483192241308,,10.4894,-0.0743918373621306
2012-06-30,0.0485870486740001,-0.0002911357886431,,5.210481784065396,0.1095812082882605,0.100652125072474,-0.040703704582349,0.879964903766067,0.0573516871726154,,0.0260067957545663,-0.0433100916226576,0.0,0.2771425498638873,0.5967335287777319,,-0.5220345142075412,,-0.9853870617632954,,,-0.2219223302986577,0.0315390449058838,0.0,-0.0550975995032931,-0.991071476291066,-0.5060028752745681,-0.3460930231824822,-0.4385493345533868,-0.0709801914884434,0.0,-0.2159778971450479,0.0,0.0,0.0,0.9793231274582456,0.0,0.0552939530980465,0.0,-0.6462311446848202,0.0,,0.0643406661683025,,0.0859963594863849,,-0.8211116898306788,-1.0176218208208692,0.5653472629633249,,,,-0.459161620400134,0.0485870486740001,-0.2912391538989577,,,,,,-0.0453712242741343,-1.0269725906491922,0.0026062926248003,-0.8297969824915143,-0.1604700044795148,0.2637445177881463,,-3.103395553642075,1.6335350401790891,0.6664981873094283,-0.0546859498041261,,21.0648589840154,-0.0810151570157923,-0.2485849990104888,0.0,0.0,0.0684006640841173,0.2214217707175453,-0.2605784957665378,-0.3171412618648799,0.0,-0.0552756902579348,,-1.2675470693899276,-0.625282977073873,0.0943378026430018,-0.3435168670770765,-0.0500742651888584,0.0,0.0,0.1323713578048033,0.0,7.071434111533391,,-0.2116761222515621,,-0.1404252900724769,-0.134986290188078,,,-0.1151035960943081,-0.2862932000912461,-0.3007731236145813,,,,0.0,0.0,0.0,0.1162186650558743,-0.2349806741785909,0.3428743736011863,-0.1421158868273101,-0.5819810880224142,0.0,0.3481561218240196,0.0099654803977973,,9.562,0.0361169763513513
2012-03-31,0.0465421786517862,-0.0002911357886431,,4.881932228020908,0.1121321458586869,0.0,-0.0568670844248933,-0.0085576951126109,0.01868680716287,,0.0093163584791674,-0.0399739724396044,0.0,0.2835774938313222,1.5459275962459071,,0.506241627953373,,-2.3860521466972915,-0.055921140033124,,-0.1730076507043423,0.0024598215677062,0.0,-0.0292504290456775,-1.0651829723603248,-0.6226643039050025,-0.3460022379892954,-0.552700593959101,-0.0245001633755232,0.0,-0.1659714379774054,0.0,0.0,0.0,0.6744917844724392,0.0,0.0182992214089234,0.0,-0.663487242133615,0.0,,0.0596910162315465,,0.0446522761581042,,-0.7637027087121662,-1.0125468328805105,-0.008719150013237,,,,-0.4783852973672155,0.0465421786517862,-0.265373504762435,,,,,,0.0068293190283707,1.8150454533519955,0.2675354308749334,1.562404316215304,-0.1583680782881361,0.2897132805852785,,5.842430414401884,-0.163251310022039,1.6269875612033802,1.121739450872787,,19.895723491505564,-0.2406062806316936,-0.2485849990104888,0.0,0.0,-0.111344770337576,0.2492319886686083,0.8510419837678587,-0.1954215522054718,0.0085855497809028,0.0235582349216835,,2.1019933803472823,1.2801727766087052,-0.2189640204495032,-0.2910367530016436,1.1775441005035832,0.0,0.0,-0.0419113349845545,0.0,0.8137749166214224,,0.6331857042014171,,-0.1703972026214954,-0.1636274733587929,,,-0.1450607287449392,0.7366268949120537,-0.3009404194478308,,,,0.0,0.0,0.0,-0.0544045102184637,0.5677538530763925,1.0606268276873805,-0.0780029422162414,3.3550373569927623,0.0,0.1943356656335257,-0.1603312238020876,,11.4978,-0.0956811094269935
2011-12-31,0.0,-0.0002911357886431,,4.960624043372704,0.0606699210284277,0.0173099341364281,-0.0568670844248933,-0.0084736878676603,-0.0004385430624923,,0.0,-0.1005809505064471,0.0,0.2646797628170328,-0.2537447220259957,,0.4956999743494741,-0.6627017064255364,0.2884487240970241,-0.0675686713292218,,-0.1882675358918728,-0.0024598215677062,0.0,-0.0785877934535303,-1.047136906041043,-0.60260112446989,-0.2705382091432475,-0.552700593959101,-0.039000511704469,0.0,1.315481027410485,0.0,0.0,0.0,0.7608545787493587,0.0,0.0,0.0,-0.6731193438653879,0.0,,-3.1355254142267484,,0.0612483246579139,,-0.7816125563870842,-1.104743683746407,-0.0087735186094067,,,,-0.4811539749694914,0.0,-0.3144147855084234,,,,,,0.0068293190283707,,,-2.483567253003016,,1.0047061619318605,,-0.4762578948312572,-0.021549640288988,-0.1941006624113472,0.3281298720441751,,-14.858816637375512,0.118272372481394,0.0251533742331288,0.0,0.0,-0.111344770337576,1.16640870866223,,0.2858738135120044,,,,,0.278790563739063,0.8004244236519726,0.1662847982527686,0.3479072602358733,0.0,0.0,0.811106782066624,0.0,-0.3089531787274748,,0.1671008392376271,,0.0152994349606506,-0.0220062831182891,-1.0602547211242863,,0.0030673969992855,0.1551696165101779,-0.2981645478442847,,,,0.0,0.0,0.0,0.8345514950166113,0.2183891826711965,1.989691113648,0.9669627889473024,0.9196532804109268,0.0,0.0,0.6457014876304759,,9.3819,0.0939304531085352
2011-09-30,-0.0214831266819552,-0.0002911357886431,,4.720742791150087,0.0384449962189847,-0.0069284127315687,-0.0568670844248933,-0.0096928859505122,0.0,,-0.0380653008131238,-0.1280870705435387,0.0,0.2562200936717891,-0.1118154534499441,,0.6486911106677687,,0.1313788838688508,0.1014720802691646,,0.0344177886661614,-0.0113664303037088,0.0,-0.0744573542309651,-1.1002785224204092,-0.6306947208169564,-0.3459980656111617,-0.2391359406531099,-1.1519219743161346,0.0,-0.2159778971450479,0.0,0.0,0.0,0.7563673901271162,0.0,0.0004195999813511,0.0,-0.7124747261966307,0.0,,0.0656153846503128,,0.0349212246222891,,-2.1562177325767338,-1.1883154327890924,-0.0079844665668549,,,,-0.4865635213637046,-0.0214831266819552,-0.3105471963725331,,,,,,-0.093825325146168,,,-1.4697318346380188,,0.8395279409798917,,-1.0552917620532012,0.2977917799450845,-0.0504824509370019,-0.4181128074879953,,0.5975395430579965,0.0285328553276456,-0.2485849990104888,0.0,0.0,-0.0086330935251798,0.8581254426324849,,0.8096035734226689,,,,,-1.0750780817366263,-0.1016687566316195,0.2914789758029671,-0.4324009255040268,0.0,0.0,-0.5545459605376674,0.0,-0.3089531787274748,,-0.6733896311014667,0.7993728652220169,-0.2311043842147927,-0.2345052371652309,0.6335529205094422,,-0.2306763515122648,-0.6626321574214924,-0.2981800381992152,,,,0.0,0.0,0.0,-0.5900734923990738,-0.6765586716544423,-0.0335405780864096,-0.210516712472488,-5.295178613121644,0.0,-0.2425344741188916,-0.6439960549026054,,7.7884,0.1737198911201274
2011-06-30,-0.0496424037070805,-0.0002911357886431,,4.215245134376781,0.0152951406427312,-0.1647647276860546,-0.0568670844248933,-0.0095988284978183,-0.0005603605798513,,-0.0264383146030426,-0.155406545046432,0.0,0.2779158088170446,0.2080388876121211,,0.6368883062102773,,-0.3488490370781695,0.0884310964286874,,0.0170142529403826,-0.0155727136414478,0.0,-0.0658542429276758,-1.2137876535626435,-0.8136358159910029,-0.345969026818518,-0.5199879083979444,-1.1682619926881748,0.0,-0.2159778971450479,0.0,0.0,0.0,0.1663386037165821,0.0,-0.0001165555503753,0.0,-0.7004536866177166,0.0,,0.0408284519829046,,-0.0349212246222891,,-2.176399816028096,-1.22950107074438,-0.0080453395506704,,,,-0.4889087360401596,-0.0496424037070805,-0.3018311282424692,,,,,,-0.0056363703456543,,,-0.5675063179987097,,0.5372663097791839,,0.545179064501306,0.1261304205363364,0.2731781220830312,-0.329269398885418,,-0.383128295254833,-0.0620461971319658,-0.2485849990104888,0.0,0.0,-0.0084117321527393,0.5217177189008175,,0.5918481295365717,,,,,-0.8506634178757337,0.3042345905276357,0.1213495466652226,-0.3390901182917231,0.0,0.0,0.1220187571313277,0.0,12.01918353628584,,0.0063395121441083,,-0.1422056575723947,-0.1351342889881492,,,-0.115258394855918,-0.0357030890710829,-0.2986695334150191,,,,0.0,0.0,0.0,0.1057887848585523,-0.0337434663724786,0.5294335595015869,-0.1938441537707124,-0.7482488909642774,0.0,0.3391548041053432,0.0,,11.3133,-0.0747438855152784
2011-03-31,-0.0653849711571243,,,,0.0,-0.2034118252572136,,-0.0095068719360085,-0.0040687050797904,,-0.0426972330299652,-0.1748251353393164,,0.2766063121889938,0.0361018086097865,,0.6253491321572092,,-0.0971150205709381,0.0756813992782781,,0.0,-0.0248856373431156,,-0.0708070493619896,,,-0.3458963219305775,-0.6280933667758724,0.1398963027810829,,,,,,0.0667565054437667,,-0.0034733554011842,,,,,0.0397135652174702,,-0.0488809220488094,,,,-0.0081048528602323,,,,,-0.0653849711571243,-0.306516433715243,,,,,,0.0,,,,,1.0962132158702471,,0.3967665862176979,0.0,0.0991950104938469,0.5037559031458878,,-2.6984684910871204,,,,,-0.266961815163254,1.1351301280878745,,2.5572305974316025,,,,,0.6938708605604165,0.0175557056043214,-0.0338706565993292,0.5252057826249046,0.0,0.0,0.4051846492082487,0.0,0.5945862095710851,,0.3349399984313315,,-0.0935087777023328,-0.0886558350519219,,,-0.066644439152179,0.2999996340396774,-0.2984743549428948,,,,0.0,0.0,0.0,0.3989932548072083,0.2779721159529549,0.8149661897178188,-0.1746855363842671,1.7424410459957973,0.0,0.0,0.2685337388016767,,11.6782,-0.0823157678409343
2010-12-31,-0.095672531366968,,,,-0.0324134862025153,-0.2148202531408319,,0.0001496742802904,-0.0216104275794859,,-0.0705840273965533,-0.2117200661456808,,0.2589800135328738,-0.0902312004905049,,-0.0323481631373443,-0.0626534638768454,0.0868472197682929,,,-0.0166249701549864,-0.0371397273303375,,-0.074141077104512,,,-0.2732762483663956,-0.6280933667758724,0.1240988144485613,,,,,,0.0921245297269566,,-0.0202573546552286,,,,,-2.4616385717522564,,-0.0690673170132334,,,,0.4513424720775963,,,,,-0.095672531366968,-0.3099590229598906,,,,,,0.0,,,,,1.510728903430321,,-0.1985944199049791,0.0565182751143649,-0.0286413477089989,0.6314679486816072,,-44.067453343376016,,5.727983376212151,,,-0.266961815163254,2.316634070155197,,-0.3819095477386934,,,,,1.0046915494517663,1.4258705507861484,0.9424264268736088,0.6664398274443899,0.0,0.0,-0.073330921437119,0.0,35.07551901548644,,0.1976145781589061,,-1.352924953561483,-1.4981668071706558,-14.507773386034255,,-1.5409168849726125,0.4607123295692281,1.4423441244309232,,,,0.0,0.0,0.0,-0.0876271015805899,0.3401068273385625,2.14642367948896,2.040894524968924,2.515132500583703,0.0,0.0,-0.1897756225856826,,11.1709,-0.0127563580374007
2010-09-30,-0.1356441274428799,,,,-0.0784407335006864,-0.1613826442447243,,-0.0093291479233722,-0.0283103910342307,,-0.073604659335888,-0.2661354007764939,,0.2152386246935259,-0.0336221466714948,,0.603047424972212,,-0.0013503621999545,0.0510401198211735,,-0.0328866097102698,-0.0554677643327027,,-0.0585410287876374,,,-0.3331797526502739,-0.5749556777424653,0.1086465725048242,,,,,,0.3057977184632047,,-0.0266679099258706,,,,,0.0595560068648933,,-0.1012132211163838,,,,-0.0082198739525007,,,,,-0.1356441274428799,-0.2945518467601202,,,,,,-0.1000516771082243,,,,,0.7789483064818999,,-0.513499005772179,0.2096450134494749,0.0286413477089989,0.1684997363781188,,7.898736295924345,,,,,,1.141384437159085,,-0.0100502512562814,,,,,0.3270173884151068,0.3763866113629787,-0.4782684721089402,0.1820710223742374,0.0,0.0,0.1710405476859711,0.0,0.5293828692572197,,0.1923961410755836,10.569460776079287,0.2680039364308298,0.3397164456835865,8.296442687747035,,0.2660442962610145,0.1717037038844248,0.1864450100145144,,,,0.0,0.0,0.0,0.1574549481526225,0.1409832733214855,0.6898712406123079,-0.203446270341776,0.944621176745272,0.0,0.0,0.0460261362702391,,9.0317,0.2210768736782664
2010-06-30,-0.1603241635961836,,,,-0.1023004180326183,-0.2244767253027635,,-0.0089129160145446,-0.0310391034230722,,-0.0918681385166606,-0.2943851376835401,,0.2117135303259845,0.1197505412599973,,0.5508165417391057,,-0.2481435674802493,-0.0066700715718951,,-0.109175654773645,-0.0996983803962263,,-0.0580057618456579,,,-0.3367805629380971,,0.0361546950426317,,,,,,0.1488227141879952,,-0.0292787542542775,,,,,0.0572163490288785,,-0.1320987999587365,,,,-0.0084892548205114,,,,,-0.1603241635961836,-0.2938425815400658,,,,,,-0.1282663505732048,,,,,0.548386686102394,,0.3753448059358367,0.0900865050584757,0.1838391539876296,-0.6435123505434013,,0.3456356180433509,,,,0.527317880794702,,0.549267633774676,,4.483528754885539,,,,,-0.9393731310222616,0.1622455869586186,-0.1061018849746906,-0.6774050381977526,0.0,0.0,-0.3040798152116439,0.0,0.5546679076501461,,-0.4692849486261078,0.4622879220561061,0.3521454445385013,0.3170293680849695,0.3691699604743083,,0.3497832817337461,-0.5156283355758569,0.4011630158481821,,,,0.0,0.0,0.0,-0.3308970099667774,-0.4823946059397421,0.1242495815165151,-0.1922932180775239,-3.4727994396451085,0.0,0.0,-0.6813306484753843,,9.1023,-0.0620172923327069
2010-03-31,-0.1799678558193806,,,,-0.1210863116553762,-0.2790127591403678,,-0.0090514044703977,-0.0347667194542575,,-0.0905184187369932,-0.3170295503181846,,0.2349535279055501,0.0,,0.5681947729928464,,-0.0637497160453317,0.0125312321328582,,-0.0837373223572889,-0.1078108280629742,,-0.0718007197347006,,,-0.3454566156211571,2.559841175173,0.0603268743488098,,,,,,-0.0443080929715556,,-0.032845354095762,,,,,0.0557106616079524,,-0.1637435301315422,,,,-0.0083996265636288,,,,,-0.1799678558193806,-0.3075002122139702,,,,,,-0.1424039866888239,,,,,-0.14446516739975,,0.4718145727166223,-0.0590676216061983,0.0626635942782522,0.3325065622005907,,4.747175495857394,,,,,-0.0181516325401217,-0.2300750892300188,,0.2657733109994416,,,,,0.4001284749141655,0.0800617343493778,-0.2254388666461348,0.352528862825391,0.0,0.0,0.0488269835527231,0.0,0.517593526202849,,0.1237010117911579,6.352203370849431,0.3362561431951494,0.3617864821311372,4.988757136583224,,0.3339699928554417,0.1124449687164917,0.3020185481509937,,,,0.0,0.0,0.0,0.0304439746300211,0.0757145916118929,0.6304284581149541,-0.2086464664895254,0.7700210133084286,0.0,0.0,-0.0696350784910002,,9.3933,-0.0600960258907945
2009-12-31,-0.2056875451984857,,,,-0.1478241150567909,-0.3052906152733349,,-0.0090091311389575,-0.0402485077354123,,-0.103762043602088,-0.3479804513259451,,0.2327661644837027,-0.1493936955188845,,0.5628901017470859,,0.1566483252984679,0.0066700715718951,,-0.091652738993678,-0.1135384839141982,,-0.0734925105926578,,,-0.2770241229938422,2.559841175173,0.0528054351645777,,,,,,-0.1078768953428718,,-0.0380903538626509,,,,,0.0673435650857907,,-0.1945297990897823,,,,-0.0084269854144894,,,,,-0.2056875451984857,-0.3115712078553642,,,,,,-0.1424039866888239,,,,,-0.8598951404316174,,0.7532507316992395,-0.2945625512769169,-0.0885078700097376,0.55386673772174,,7.264373587747928,,14.100118741341776,,,0.000442722744881,-0.1673608082058786,,1.791178112786153,,,,,-2.039007642042308,-0.0873926883379955,2.089304187240744,0.5795406801626142,0.0,0.0,0.3228647761110956,0.0,0.3089531787274748,,0.2368668461920573,9.720589058737891,0.2473334868820536,0.3114190751099602,7.630654369784804,,0.2454727316027625,0.1574019744779271,0.1258808203072357,,,,0.0,0.0,0.0,-0.0276250880902043,0.1509476411840803,-0.046843622028723,7.029342334842455,-0.1065257996731263,0.0,0.0,0.3646543930303279,,6.5621,-0.036284116365188
2009-09-30,-0.2060214774697294,,,,-0.1481093104294878,-0.3069375128394137,,-0.0081923104412644,-0.0402485077354123,,-0.1318454682068479,-0.3595994475985007,,0.2171938358788724,-0.2350378606385892,,0.4603913130219169,,0.2477472929654963,-0.1065814062652224,,-0.2411684712086451,-0.1510348911433726,,-0.0824048498938254,,,-0.2816426098793533,,-0.0892683859114813,,,,,,-0.0286661702673431,,-0.0380903538626509,,,,,0.0558810882299833,,-0.1689247079611097,,,,-0.0089556230895141,,,,,-0.2060214774697294,-0.3139050213519924,,,,,,-0.1519017378237662,,,,,0.5468271599437298,,0.3038735557478235,-0.3921946478117192,-0.327187912907614,0.2867469059862009,,-0.4798727927023182,,,,,,0.5351854718051902,-0.4832157801592256,-0.1183696259073143,,,,,2.7361080961346773,-0.0082955531976463,-2.2704485741134954,0.3057832166590725,0.0,0.0,-0.3369326246069073,0.0,0.4129372527728224,,0.1122560066929854,-0.642365194019822,-0.0234762034380954,-0.0516037662279261,-0.4972332015810277,,-0.0240414384377232,0.161793498348909,-0.0778235431708446,,,,0.0,0.0,0.0,-0.3666163294070271,0.0609209886215957,0.6938840838328755,-0.2548096112397222,1.3463109969647444,0.0,0.0,-0.5606558724418509,,6.1273,0.0128278360778809
2009-06-30,-0.2583055919502297,,,,-0.2017550374657107,-0.3752785829085178,,-0.0074875751112851,-0.0435863077110488,,-0.1291798383717236,-0.4114206171497634,,0.1947981730130389,-0.4830557847612732,,0.3719575626300339,,0.5854678310911431,-0.2042923455565494,,-0.3701923576003571,-0.1571296156283511,,-0.0850964032521691,,,-0.2867271322190602,,-0.2118703106600987,,,,,,-0.2758748147409223,,-0.0412839759429344,,,,,0.0558810882299833,,-0.2152902771862381,,,,-0.0094117203057087,,,,,-0.2583055919502297,-0.3206635387350998,,,,,,-0.2368521151881029,,,,,1.0371252097933998,,0.058817441557205,-0.4146468465066502,-0.4261405019154515,-0.0724251512282511,,2.253410327224036,,,,,,1.0793900934746006,-0.4500807479374448,0.1585706309324399,,,,,0.2533037988703068,-0.2220507379183949,-0.496819267376705,-0.0698507003414423,0.0,0.0,-0.0732752622937133,0.0,0.5638718684557512,,-0.0284681952469345,3.0151744218601264,0.0148088767113453,0.0220062831182891,2.371453667105841,,0.0140604905929983,-0.0414633045485208,-0.3099496098754111,,,,0.0,0.0,0.0,-0.0864190073492399,-0.0661015126143292,0.5060391610345673,-0.1882334158218248,0.0634047396684567,0.0,0.0,-0.1903098545245335,,4.8704,0.3351264783180026
2009-03-31,-0.287495724887215,,,,-0.2310578205533911,-0.4270801453156517,,-0.0077674478455612,-0.165403825070045,,-0.137198081387124,-0.4455986984252195,,0.1854647711660614,-0.5055440458008146,,0.4070774075868555,,0.6313321891011888,-0.1654882348715435,,-0.3192015031505953,-0.2205262933109244,,-0.0857153727606033,,,-0.345806783654994,,-0.1634174460398389,,,,,,-0.3890823619107336,,-0.1578395263182432,,,,,0.0547074754171706,,-0.2453141459495579,,,,-0.0092305896463506,,,,,-0.287495724887215,-0.3212763464734486,,,,,,-0.3117534358893234,,,,,-0.0575412107439682,,-0.3092000226305846,-0.3241962700461524,-0.4488963708216351,-0.0068853499934803,,5.843501548246715,,,,,-0.0146098505810736,-0.1303813557334684,,-0.1485203796761585,,,,,-0.0516070439694318,-0.4786341275200154,-0.4647806766685732,-0.0006272597624697,0.0,0.0,0.2205911001029694,0.0,0.4389461981954032,,-0.2239138278124918,7.819250797917016,-0.1043728481991427,-0.0425576241866469,6.13939393939394,,-0.1045510835913312,-0.3268635614526673,-0.3066873411270472,,,,0.0,0.0,0.0,0.0608074096446189,-0.2552863546971564,0.354562730077489,-0.243337248685696,-1.26237450385244,0.0,0.0,0.1685090819429604,,3.631,0.2043238777196364
2008-12-31,-0.2965470424479109,,,,-0.2405435740487048,-0.4347232494438206,,-0.007362316589919,-0.1733706907053234,,-0.1736761046215224,-0.4565525049787904,,0.1804679400241847,-0.4149481891429138,,0.3562394904095534,,0.4784585678588556,-0.2216593303751989,,-0.3934455159813559,-0.2554139737719072,,-0.0832218018809736,,,-0.2903314194886615,,-0.2541876537425325,,,,,,-0.3161508507666876,,-0.1654622593127884,,,,,0.0687163621211545,,-0.2559817192542943,,,,-0.0094927862895886,,,,,-0.2965470424479109,-0.3188075988044009,,,,,,-0.3117534358893234,,,,,-1.0526674262726052,,0.530615455309425,-0.4913897113421788,-0.3572224332981571,0.0321193498460788,,1.2544982843752617,,0.8085295863843261,-1.4223354238251995,7.447847682119205,-0.0101826231322634,-1.0988846833917256,,-0.2244556113902847,,,,,0.0683708051832982,-0.1167165042924664,-0.1471789682445672,0.0402866458763588,0.0,0.0,-0.473714969526619,0.0,0.4317588355438351,,-0.4904682475358833,1.6784814379304551,-0.2228749704618127,-0.2177381115694646,1.323056653491436,,-0.222486306263396,-0.4229330256013643,-0.3055224664362734,,,,0.0,0.0,0.0,0.0092620557736836,-0.4314715352408845,0.0785378324102968,0.6272166406276728,-1.067797104833061,0.0,0.0,0.0513890030410125,,6.1099,-0.0600009820127989
2008-09-30,-0.2953503066213435,,,,-0.2399045407603831,-0.4207485418248601,,-0.0077645236325737,-0.173297600194908,,-0.1508518715906674,-0.4661365522422617,,0.1745520542824049,-0.5824101737374628,,0.4067104625644825,,0.7455072061384689,-0.1658936744536652,,-0.32008387746416,-0.2589761555447564,,-0.0874979853380459,,,-0.344881067230542,-0.3622415215810586,-0.1642559015554582,,,,,,-0.3086336074217636,,-0.1653923259825633,,,,,0.0591425028405698,,-0.2433367875201808,,,,-0.0092324821659199,,,,,-0.2953503066213435,-0.3233709574321913,,,,,,-0.3075402957661984,,,,,-0.429796922110686,,-0.0034553039052937,-0.4947374748854233,-0.5266771973416017,-0.05960689158621,,3.127793120763244,,8.539145062339204,,,-1.7066961815163253,0.0,,-0.3193746510329425,,,,,-0.1005692767748366,-0.4944535545480852,-0.3868637265619095,-0.0552047766422666,0.0,0.0,-0.0214426849970778,0.0,0.3885829519894516,,-0.4287066328531465,4.185228736211434,-0.1084265344153532,-0.1133625270453576,0.9741765480895916,,-0.139969040247678,-0.5256873649758893,-0.1427715033234556,,,,0.0,0.0,0.0,0.8695459579180509,-0.4504450810184614,-0.0400400046336047,-0.2655521217028361,-1.4544711650712117,0.0,0.0,-0.4505219035094929,,6.4625,-0.1973384912959381
2008-06-30,-0.2972900605720876,,,,-0.2437136519100138,-0.3849518249168844,,-0.0072645399925517,-0.1524424412230478,,-0.1410630667021372,-0.4736595173505834,,0.1679195925830836,-0.5857633144023073,,0.3439699888847721,,0.7285330270829652,-0.2352159703832289,,-0.4104182454246297,-0.2451545208888601,,-0.0872142929251374,,,-0.3439083276249385,0.1641680079085613,-0.2500940179898029,,,,,,-0.2111392364475859,,-0.1454380157583104,,,,,0.0584738129505767,,-0.2399928279121712,,,,-0.0095560662643127,,,,,-0.2972900605720876,-0.3234623309067155,,,,,,-0.2757175667758078,,,,,0.1366866328451061,,-0.0315034297755018,-0.489480453175761,-0.5300702400165791,-0.0224418756271649,,8.076157000585823,,2.30961804868395,,,-0.6149418926397343,0.2679644299362609,,-0.3696259073143495,,,,,0.516141322405582,-28.02951673579628,-0.707380495492599,-0.0162791660995686,0.0,0.0,-0.1648206384103748,0.0,0.3167093254737713,,-0.3637407513921932,10.806876084887172,-0.1666593880584961,-0.0714515437697912,8.482652613087396,,-0.1665396522981662,-0.4281589390078327,-0.3015166606512455,,,,0.0,0.0,0.0,-0.1804087385482734,-0.3918883848705017,-0.1147047093872057,-0.2972550719018348,-1.4966145225309362,0.0,0.0,-0.3004438234568916,,7.0226,0.0895679662802951
2008-03-31,-0.307943543227027,,,,-0.256049276218447,-0.369273004961655,,-0.0125052974744381,-0.3131928371299793,,-0.1453044076313886,-0.4868222814224044,,0.1585131551096643,-0.5804978489526311,,1.001606720437769,,1.2849895252277947,0.4914104869112884,,1.9104026741132136,-0.2132056981056719,,-0.0869423412793584,,,-0.3443131442206541,0.3420125981421417,-0.213004691651819,,,,,,-0.1589211152596477,,-0.299244720033568,,,,,0.0613111286313849,,-0.2458401107646192,,,,-0.0061643037166484,,,,,-0.307943543227027,-0.3233188463585819,,,,,,-0.2332273062524941,,,,,0.0,,-0.0122729524495538,-0.4901230815342138,-0.5247421160992967,-0.020199672315167,,8.328563059670266,,7.564159905006926,,-7.447847682119205,-3.6876591034864417,0.4812018966948544,,-0.3405918481295366,,,,,-0.5535984051389966,-0.6376000771679368,-0.3212838901166588,-0.0140157051642414,0.0,0.0,0.7812873959869757,0.0,-0.3089531787274748,,-0.4954524301288923,11.14463295817235,0.0006807991313529,0.0912059682223807,8.747562582345191,,0.0,-0.6282026102729942,-0.2955156971511688,,,,0.0,0.0,0.0,0.7702808819087889,-0.5149480319436043,0.120341082830991,-0.283159803396093,-2.546608685500817,0.0,0.0,0.6120243281006,,7.9963,-0.13685079349199
2007-12-31,-0.3114624903128721,,,,-0.2595676219560978,-0.3758166976867723,,-0.0073271976436521,-0.2699476184675356,,-0.1890363961681126,-0.486093241471676,,0.3248275563020467,-0.5811415094899648,,0.3518325875680451,,1.063022792094702,-0.2265285416672817,,0.9935586675109778,-0.1810514092318915,,-0.0872128224115605,,,-0.3007033040912572,-0.0118791820194609,-0.1846550310413494,,,,,,-0.1229701661631419,,-0.2578674996503333,,,,,-0.7024846869561124,,-0.4092509396133122,,,,-0.0095155148983963,,,,,-0.3114624903128721,-0.3233363861833577,,,,,,-0.2455438965037844,,,,,-0.4646730193487334,,0.012267432794753,-0.4982943678154107,-0.5253934361271945,0.048044379184643,,-15.0347309398276,,1.540292895309717,,8.843543046357615,-0.6324294410625346,-0.4621669410401804,,-0.3930764935790061,,,,,-2.06756008417322,-0.1853959679753062,2.3980479022055863,0.0573558042239435,0.0,0.0,-0.5599170678763253,0.0,-0.3089531787274748,,-0.4452529477894847,-20.118931631110364,-0.2265266382102999,-0.4428010252901488,-15.773122529644269,,-0.2261205048821148,-0.483487260311237,-0.2910575730021702,,,,0.0,0.0,0.0,-0.6108929829860062,-0.4926806596731237,-0.934598083420803,0.7407998722758841,-1.7972069810880225,0.0,0.0,0.1491534478507438,,7.1432,-0.1483648784858326
2007-09-30,-0.3164150554219486,,,,-0.2651294231977415,-0.3721687628563684,,-0.0099026911347585,-0.2678523571689609,,-0.1746975141845139,-0.4939304694393607,,0.1602789023869206,-0.5893259203540048,,0.6750185253797703,,1.132187839168076,-0.0319490327018513,,1.2279276660680365,-0.1772883785839692,,-0.0878421788809741,,,-0.3454120622960274,-0.5776354381980245,-0.2057545174873461,,0.0134128436034098,,,,-0.1415602020749016,,-0.255862744183878,,,,,0.0564462507581033,,-0.2579271451509373,,,,-0.0078486828812537,,,,,-0.3164150554219486,-0.323559412334757,,,,,,-0.1848918494192281,,,,,-0.4495148494473761,,-0.0502619766159824,-0.4872824779207628,-0.5336752405925983,-0.1128103226391668,,-7.889865260691272,1.168950807769105,3.310211755392836,-1.5110171324218469,-11.235099337748345,-1.5771997786386276,-0.3363397166214067,,-0.2802903405918481,,,,,-0.0598028574592978,-0.6673097328060191,-0.1457936376322579,-0.1108415340643473,0.0,0.0,-0.108980602788523,0.0,-0.3089531787274748,,-0.2041276896128003,-10.55803796405174,-0.1472907125956813,-0.270213932265503,-8.274308300395257,,-0.1472636341986187,-0.253029846504042,-0.2888734329569693,,,,0.0,0.0,0.0,-0.1247155944830363,-0.2423044549546038,-0.2353535201690027,-0.3090695526234761,-0.5830609385944432,0.0,0.0,-0.304738226349963,,9.2783,-0.0644865425560954
2007-06-30,-0.3242324475330831,,,,-0.2732297113337673,-0.3807154657689209,,-0.0125630151929189,-0.0972834693628943,,-0.1812788439209671,-0.505630885842499,,0.1592363149916019,-0.5782963433466786,,1.008849431413344,,1.230198894469825,0.3219761046506478,,1.6985342205520548,-0.1773230077003612,,-0.0876468573315897,,,-0.345673195617159,-0.7292053039649017,-0.2020307885797426,,0.0344822317327099,,,,-0.1716950849341617,,-0.0926616625483705,,,,,0.0561943947198623,,-0.2678131763025426,,,,-0.0061269494226258,,,,,-0.3242324475330831,-0.3232588550738411,,,,,,-0.1682188119932618,,,,,0.2409669486544578,,-0.0315779451153124,-0.4820025959137642,-0.5225144128154724,-0.1202030738878274,,-1.725500041844506,0.557632964240334,,-2.0683374582502343,4.896523178807947,,0.1989137622940439,,-0.3350083752093802,,,,,-0.0079078524753571,23.975499180090672,-0.7821612736919173,-0.1184130328009515,0.0,0.0,0.2544736036512398,0.0,-0.3089531787274748,,0.0,-2.3091998432163057,-0.0889621402697472,-0.1308582621183979,-1.8045674132630647,,-0.0892140985949035,-0.0725455346131372,-0.2942795668277147,,,,0.0,0.0,0.0,0.2348132487667371,-0.044759727297217,-0.3648486252607508,-0.2520270501431194,1.0176716086855009,0.0,0.0,0.0478754006739541,,10.2968,-0.1037698955848422
2007-03-31,-0.3393421891311294,,,,-0.2897840553108645,-0.3783134318824868,,-0.0076697848098633,-0.1051528809842855,,-0.2031564046739274,-0.521092452246508,,0.1522841807956663,-0.5730079808818404,,0.3948221563542052,,1.0153562684570534,-0.3264753031202118,,0.8472973393819228,-0.171900088073386,,-0.0873906378469347,,,-0.3460305334272142,-0.5742693976257977,-0.1984057014975062,,-0.0078510140893198,,,,-0.1228276591802998,,-0.1001911511026155,,,,,0.0582230164028812,,-0.2820504321231211,,,,-0.009293796125169,,,,,-0.3393421891311294,-0.3231147465793716,,,,,,-0.227848932195866,,,,,-0.6683344048445036,,-0.0184246077250328,-0.4807579797254563,-0.5171631194110317,-0.2818373027796518,,-7.126119340530589,-0.0549441822472318,,-2.67259373172822,-8.469370860927153,,-0.8056591296027916,,0.1518704634282523,,,,,-0.3652586111418762,-25.29391337899103,0.1022121293140695,-0.2884152222925752,0.0,0.0,-0.0551860406868338,0.0,-0.3089531787274748,,-0.2368208319171743,-9.536032252645724,-0.1399227669878228,-0.252813827186355,-7.472727272727273,,-0.1399309359371278,-0.301014564000971,-0.2913116148230304,,,,0.0,0.0,0.0,-0.0709151313802476,-0.2734902226243844,-0.2022639227001536,-0.3129696997342882,-0.5511469764183983,0.0,0.0,-0.1715089997534314,,11.2812,-0.0571604124739532
2006-12-31,-0.3416669384907618,,,,-0.292044227469311,-0.3839890384392008,,-9.919611823501602e-05,-0.1060786941162139,,-0.2119887502591337,-0.5280678683622996,,0.3088668067807439,-0.5717613656119057,,0.9726180636703052,-0.7584396627969545,1.2092783765365105,0.2802630633715844,,1.652489852695394,-0.1756446498592326,,-0.0874323023982792,,,-0.3079245156607845,-0.6806428157092786,-0.1935179990505724,,0.0368547604065525,,,,-0.1226851521974576,,-0.1010769732854678,,,,,-0.570253758580549,,-0.4348216396091136,,,,-0.0063138127626209,,,,,-0.3416669384907618,-0.3230807761677504,,,,,,-0.227848932195866,,,,,-1.3469807785748689,,-0.0453743222898839,-0.4712455560005317,-0.5159016695546288,-0.0365045439341455,,-6.349150556531927,,-0.1427864634870374,,5.124172185430464,,-1.5583407203125512,,-0.196538246789503,,,,,-1.9049108428397383,-0.5322658435420083,1.7283465943767762,-0.0314162460278479,0.0,0.0,0.1533826844404864,0.0,-0.3089531787274748,,-0.008083871473764,-8.496332381432332,-0.1003574494560486,-0.2045980950277526,-6.6572683355292055,,-0.1005548940223862,0.0,-0.2865250951495051,,,,0.0,0.0,0.0,0.1599114064230343,-0.0004144419194186,-0.9530193152345674,0.348618412799781,1.3791442913845435,0.0,0.0,0.0186981178597846,,11.2897,-0.0591869659256107
2006-09-30,-0.3411583289908694,,,,-0.2907842050115211,-0.3988811553043148,,-0.0209795531504455,-0.0490924594956754,,-0.2318822140386872,-0.5354397711384884,,0.1481309494178218,-0.5622336631916912,,2.064999144982472,,1.5987569095635932,1.5157398140685567,,3.312651171481662,-0.1951939403663529,,-0.0869724984784269,,,-0.3475564248649446,-0.4040392486866723,-0.1640092969920408,,-0.0033726578571954,,,,-0.1257223322692812,,-0.0465522868198983,,,,,-1.3652990964513272,,-0.2810764752402063,,,,-0.0006798555008024,,,,,-0.3411583289908694,-0.3228211451646449,,,,,,-0.213458064236872,,,,,-0.8433174834552309,,0.0009686994175384,-0.4759505438634072,-0.5062605885092645,-0.1029372579922784,,-9.261360783329147,,,-1.3178749068890117,-9.67384105960265,,-1.00043149338924,,-0.2892238972640982,,,,,-0.0634577472588326,-26.1481624385068,0.2074611560290648,-0.1005124593908479,0.0,0.0,-0.0714802549188768,0.0,-0.3089531787274748,,-0.0532531569452796,-12.393303096477966,-0.1253065241255948,-0.2679529659813373,-9.71374615722442,,-0.1253846153846153,-0.0886282709228665,-0.2687607561152049,,,,0.0,0.0,0.0,-0.0975334742776603,-0.1039992658457427,-0.3466802963031085,-0.3559397415867441,0.6279622927854308,0.0,0.0,-0.1819881647078162,,10.4446,-0.0001601477127138
2006-06-30,-0.3462088905848274,,,,-0.2947659873789229,-0.4307793761469157,,-0.0230805008154792,-0.0534535266171275,,-0.2402607975358049,-0.5423843152238276,,0.1446030071201927,-0.5669462081270835,,2.328636674551828,,1.707304576087231,1.8703459324667555,,3.730242601031859,-0.1975094739490928,,-0.0868377714250035,,,-0.3475569524070074,-0.0338074657472691,-0.2115152000887776,,-0.0927397566630134,,,,-0.2220445833095821,,-0.0507249755233344,,,,,-1.3463230153585264,,-0.2847460530211461,,,,0.0006798555008024,,,,,-0.3462088905848274,-0.3229495625642228,,,,,,-0.1642012321230136,,,,,-0.3372226006106553,,-0.0354720615772689,-0.4694759996511688,-0.5110292122181287,-0.1445016412588086,,-5.575696711021843,,,-2.0893064532923247,-2.1332781456953644,,-0.4401349823885035,,-0.3640424343941932,,,,,-0.1982545132351312,-21.71679367222919,-0.2560785893092638,-0.1436987022823971,0.0,0.0,0.6602426738652493,0.0,-0.3089531787274748,,-0.3416162514052654,-7.46133602105381,-0.0006807991313529,-0.0992343339000928,-5.845498462889768,,-0.001355084543939,-0.5523048791050075,-0.2703283800341717,,,,0.0,0.0,0.0,0.6712976945535085,-0.3752929462972081,-0.0107439500065878,-0.3467253589389775,-1.325429021713752,0.0,0.0,0.5062258568258404,,9.089,0.1677302233469028
2006-03-31,-0.3488683680607301,,,,-0.2974018329431244,-0.4362132996226538,,-0.018209273005873,-0.0547204287976611,,-0.2784399837357432,-0.5417101465660038,,0.1407744703952461,-0.5604612646106277,,1.7173703935930686,,1.5248163759812212,1.1780283236943023,,3.019396663587007,-0.1984213740140802,,-0.0872269206687102,,,-0.3475572401572236,-0.7687807906927344,-0.0195236832857592,,-0.068847781727362,,,,-0.1644343541583537,,-0.0519371532472376,,,,,-1.349055138763747,,-0.2842177174130955,,,,-0.0024727513700302,,,,,-0.3488683680607301,-0.3227728470964215,,,,,,-0.2788246081438078,,,,,0.3675580366520474,,-0.205129691189113,-0.4109527917926452,-0.504467098577372,-0.2572552710203017,,-4.278684408737133,,,-2.530488342103788,-5.696192052980132,,0.3384760779126976,,-0.3629257398101619,,,,,-0.1996854579687673,-23.39288125783737,-0.0330042609069403,-0.26139275337448,0.0,0.0,-0.1808643864970918,0.0,-0.3089531787274748,,-0.1310716620042354,-5.7257405229856095,-0.1512127856230538,-0.2248215618313371,-4.48423364075538,,-0.1511669445105977,-0.1586291614263181,-0.2779465365889929,,,,0.0,0.0,0.0,-0.1948655995167623,-0.1761378157529373,-0.3000259092786167,-0.3410461973565669,0.2930335045528835,0.0,0.0,-0.2938481137503082,,12.2266,-0.0976313938462041
2005-12-31,-0.3620433458714415,,,,-0.3124432325526389,-0.4213305541423123,,-0.0002499776248023,-0.0567182360823486,,-0.2819748793749115,-0.5518779634178771,,0.2758532949754919,-0.5018440577581448,,0.947313107418702,-0.7321610806330907,1.089521441732502,0.3224760155917105,,1.587884481631043,-0.1999704498206788,,-0.0855708422833341,,,-0.3158658701045288,-0.7687807906927344,-0.3077994858294853,,-0.0621969226580655,,,,-0.1022656828934617,,-0.0538486642733927,,,,,-0.5779710877138601,,-0.4333292693258446,,,,-0.0064443231169951,,,,,-0.3620433458714415,-0.3211755213673918,,,,,,-0.2788246081438078,,,,,0.841552142279709,,0.1290660882068435,-0.4549563241319225,-0.4451523533226653,-0.1058824529874312,,-5.760314670683739,,-0.1844250940035622,,-4.019039735099338,,0.4617706237424547,,0.4198771635957565,,,,,-2.7890752021264813,-22.318317738979456,2.827234155845181,-0.1054654444963873,0.0,0.0,-0.0118832271171346,0.0,-0.3089531787274748,,-0.3038845460012026,-7.708382328237863,-0.1349884688899325,-0.2295393081966858,-6.039262187088274,,-0.1350202429149797,-0.3270977760591196,-0.294564589358436,,,,0.0,0.0,0.0,0.0084163898117386,-0.2884476288494993,-0.6478345414013471,0.2454811892027506,-0.3699509689469997,0.0,0.0,-0.1480438892085148,,10.8965,-0.0038553216078587
2005-09-30,-0.3793011162145928,,,,-0.3272177617506268,-0.5056947192493422,,-0.0098232547470019,-0.4339627238396881,,-0.2903810444891484,-0.566731927247677,,0.1248653204674672,-0.5459182678323227,,0.6650504460341436,,1.0272760544183346,0.019679564959392,,1.0621243421120927,-0.5513290077719281,,-0.0868266375364929,,,-0.3182878636736352,,-0.4279945500391485,,-0.0750096887514637,,,,-0.091429808185601,,-0.4147978926756492,,,,,-1.210943886504951,,-0.3109255492413923,,,,-0.0079000932672229,,,,,-0.3793011162145928,-0.3223765487366303,,,,,,-0.734151437437924,,,,,0.2265110959755737,,0.0221972917813719,-0.4661739567025968,-0.4897510417151599,-0.1862672842410808,,-4.57561302201021,,,-2.1570191668468817,-12.558774834437086,,0.1619601056220774,,3.4550530429927413,,,,,0.001679034223059,-15.926111700588406,-0.1931520896719541,-0.1974122576025658,0.0,0.0,-0.0598474939470681,2500000.0,-0.3089531787274748,,-0.2571675076472587,-6.123075200179182,-0.1529740093864133,-0.2305365924187045,-4.795871761089153,,-0.1529197427959037,-0.3306719885430021,-0.2994254627356276,,,,0.0,0.0,0.0,-0.0737742877277761,-0.2981416226979971,-0.1947051338395517,-0.3759878662089886,-0.1927533271071678,0.0,0.0,-0.2283019643297444,,9.6447,0.1439339740997645
2005-06-30,-0.3969736078538375,,,,-0.3464270251659406,-0.5061065669485563,,-0.0125937620149133,-0.4744548666098185,,-0.2967541775028315,-0.5914173579889543,,0.1170756498425247,-0.5571539179761074,,1.0127076980078091,,1.1398735455210884,0.3964825164020976,,1.4564470419698747,-0.5766705951475374,,-0.0870930105672739,,,-0.3204387965391538,-0.7685193506482896,-0.525423080954113,,-0.0646694642502434,,,,-0.0576431838910106,,-0.4535409576204018,,,,,-1.1268151910965258,,-0.3271942819634152,,,,-0.0061070504061838,,,,,-0.3969736078538375,-0.3226827215145691,,,,,,-0.7327807718183974,,,,,0.694958805169564,,0.0308107130980028,-0.4800340703098078,-0.5011203948767116,-0.2804993508665506,,-2.0410076157000585,,,-2.8502935499114943,3.861754966887417,,0.7081650743622575,,0.1686208821887213,,,,,-0.129143869753018,-17.82752966142568,-0.3581237569534459,-0.2870630632763079,0.0,0.0,-0.0075000695739292,0.0,-0.3089531787274748,,-0.2996219509006771,-2.7313959348227783,-0.1419208944910907,-0.1855404033878064,-2.1357048748353096,,-0.1419195046439628,-0.3867249112851185,-0.3045155933657908,,,,0.0,0.0,0.0,-0.0257324071277559,-0.3360591112589068,-0.150638137573848,-0.3512413187514968,-0.4555656082185384,0.0,0.0,-0.1241472836360647,,10.0951,-0.0959574447008945
2005-03-31,-0.4132316032598113,,,,-0.3634100983431391,-0.5209996702752252,,-0.0086192739278518,-0.4746010476306493,,-0.3076373497802813,-0.6076809597909193,,0.1130395816960287,-0.5710362934651071,,0.5139688488614017,,0.967206390873066,-0.1610047816284697,,0.6613343575795954,-0.5767721738889536,,-0.0875179889909884,,,-0.3218870913352697,-0.2861951486531752,-0.582442988107495,,-0.0555960700479367,,,,-0.0895522786866556,,-0.4536808242808522,,,,,-1.0351159816732352,,-0.3449269939909324,,,,-0.0086792968584239,,,,,-0.4132316032598113,-0.3230610178671135,,,,,,-0.7009963140940555,,,,,0.2036422892570926,,-0.1129983730817474,-0.4497755034133811,-0.5151679691279456,-0.1801671306033823,,-8.27014812955059,,,-2.2101705232637303,-8.058774834437086,,0.1580602496095453,,-0.083752093802345,,,,,0.0788437257725108,-19.227356033568054,-0.1877326041169589,-0.1816686293190681,0.0,0.0,0.0,0.0,-0.3089531787274748,,-0.38554315145494,-11.066913041043732,-0.1425789604352807,-0.2709038343642967,-8.67342995169082,,-0.1425744224815432,-0.4921385623370714,-0.3070374231484766,,,,0.0,0.0,0.0,-0.0159468438538205,-0.4202658151529833,-0.0784723960069645,-0.3874602287630147,-0.951975834695307,0.0,0.0,-0.1180652584860688,,10.8684,-0.1032074638401235
2004-12-31,-0.4250383083767625,,,,-0.3763553143036842,-0.5189182363941673,,-0.0094683177492417,-0.4749665001827263,,-0.3045829081167361,-0.6255408173864735,,0.108580151899404,-0.5440178155738713,,0.6205111579787386,,0.8873255256316414,-0.1964157960048456,,0.4981677756900686,-0.5769984174493809,,-0.0863869539770098,,,-0.3475576478033631,-0.2861951486531752,-0.5778314827715887,,0.1605540715675774,,,,-0.0879490751296813,,-0.4540304909319781,,,,,-0.9667420620319606,,-0.3581490821072492,,,,-0.0081298047201845,,,,,-0.4250383083767625,-0.3223247611907505,,,,,,-0.7009963140940555,,0.4955302588545496,,,0.56236513281434,,0.0530797603917851,-0.4737508752530508,-0.4878279742810111,-0.1172578788926747,,4.637208134571931,,-0.2182267959627943,-1.994697679634124,5.879966887417218,,0.5709243807835357,,-0.1060859854829704,,,,,0.0817233359175988,-15.806501398668852,-0.4815355058656568,-0.1159454165655752,0.0,0.0,0.0229315670831825,0.0,-0.3089531787274748,,-0.2158843368454077,6.205050674729828,-0.1464531741212576,-0.0990066434384447,4.873342116820377,,-0.1464301024053346,-0.318129308420381,-0.3171588210600669,,,,0.0,0.0,0.0,0.0,-0.2762551422867918,-0.4346374336903744,2.751428343349793,0.2665187952369834,0.0,0.0,-0.0890729021122709,,9.1519,0.0649919688807789
2004-09-30,-0.4430222120239342,,,1.5548191064956132,-0.3957459550485894,-0.522648540764414,,-0.0087106910717318,-0.4774515775368498,,-0.3161609591996704,-0.6394251943855388,,0.1016850069281258,-0.5647430064459338,,0.5254403340268475,,0.5704144476135188,-0.2110313024943391,,-0.9320727491669348,-0.5788637725190258,2.1568564554931835,-0.0867179595807169,,,-0.3267647212695841,0.0490363483361792,-0.7457839867326745,,0.0329098064055496,,,,-0.0766197699937296,,-0.4564082241596345,,,,,-0.8764198876062158,,-0.3756155043246703,,,,-0.0086201326544136,,,,,-0.4430222120239342,-0.3228895250612349,5.152838427947598,4.506649778340722,,,,-0.763396414489956,,0.3084045331237482,,,-0.4580529899405258,,0.0,-0.4781586792505548,-0.5087997926759964,-0.1695939089172227,,-5.900577454180266,,,-1.1118533291683688,-6.108443708609271,,-0.5755277586263502,,-0.1887213847012842,,,,,-0.0913722449883708,-13.896209125108518,-0.1560550116139891,-0.1703542834148968,0.0,0.0,-0.0350652603456432,0.0,-0.3089531787274748,,-0.3847818243614212,-7.896074808219945,-0.1590353949741709,-0.2543279687563148,-6.186473429951691,,-0.1589521314598714,-0.4851340817628553,-0.3205357184349165,,,,0.0,0.0,0.0,-0.0433705829054666,-0.4195731050876692,-0.0912784769942407,-0.3877567311749478,-0.71420441279477,0.0,0.0,-0.1553998520588477,,8.0479,0.2110861218454504
2004-06-30,-0.449675583991887,,,1.483446221959537,-0.4021851778984539,-0.5395101281240929,,-0.0116158540891534,-0.4774515775368498,,-0.3256712787282561,-0.6489805866404933,,0.0980899086016553,-0.5691578901842193,,0.8899948698948329,,0.6672657058482041,0.1138242104506972,,-0.5607644475817753,-0.5788637725190258,2.2017642341619887,-0.086898669360274,,,-0.3295094746644417,-0.0338401457528247,-0.3929569736687977,,0.1429295728476039,,,,-0.1184758521917574,,-0.4564082241596345,,,,,-0.8485425723734208,,-0.3810063948921294,,,,-0.006739942023306,,,,,-0.449675583991887,-0.3230098311584461,5.356622998544396,4.683977200759975,,,,-0.7524398710610218,,0.1658595948584032,,,0.4433467643545365,,-0.6195674522515362,-0.2924915776737869,-0.5132672130518012,-0.1090402462738606,,-6.160348146288392,,,-0.7988241984445459,-5.000827814569536,,0.6210503111911563,,-0.1909547738693467,,,,,0.0,-14.501205749011286,-0.1137956592222068,-0.1071430684837474,0.0,0.0,-0.0428575404224529,0.0,-0.3089531787274748,,-0.3602415749431357,-8.243686656587714,-0.1611388130285092,-0.2598631238789802,-6.45911286780852,,-0.1610454870207192,-0.4562598123111492,-0.3215240030794825,,,,0.0,0.0,0.0,-0.053397765025672,-0.3973215210807856,-0.1135834477733495,-0.3982027392261287,-0.4987888162502918,0.0,0.0,-0.1620572039122216,,8.438,0.1550959943114482
2004-03-31,-0.4510027738748211,,,1.4174584880834613,-0.4040780083065434,-0.5300524279654946,,-0.0015616716873936,-0.5300523815324644,,-0.3349048923560662,-0.641419738169848,,0.0936608567259656,-0.3834537688062938,,-0.3716547439222504,,-0.0458113531386456,-0.810814215184106,,-2.356899648088362,-0.5802858748988541,2.2595028067361667,-0.0818312328914206,,,-0.3321230858983013,-0.0953112362029101,-2.0996923608071367,,0.0848665174807301,,,,-0.0620021162286952,,-0.5067369108116928,22.321428571428573,,,,-0.8282350143765299,,-0.3849334524993404,,,,-0.0132469020258512,,,,,-0.4510027738748211,-0.3179493721739311,5.61863173216885,4.9119696010133,,,,-0.8600187806351131,,-0.0026062926248003,0.671772635351381,,-0.6841651867081692,,0.5919940166941959,-0.4785151305534647,-0.325088928996892,0.0,,-5.084107456690936,,,-0.0107648316793617,1.8634105960264904,,-0.5861134170993326,,2.090452261306533,,,,,0.1650060914829992,-12.0202565833896,-0.1767086214268228,0.0006272597624697,0.0,0.0,-0.0430662622102245,0.0,-0.3089531787274748,,-0.3533122434573453,-6.803516434290834,-0.1620744631527939,-0.2461128969000512,-5.32955643390426,,-0.161976661109788,-0.4459958451304709,-0.3226888777702563,,,,0.0,0.0,0.0,-0.0563777307963354,-0.389048470956009,-0.1201341623123456,-0.3781546146038841,-0.3419332243754377,0.0,0.0,-0.3754828634831922,,10.8973,-0.0941701155332054
2003-12-31,-0.4707432365513725,,,1.2506652766857758,-0.4247327671263583,-0.5474210565644454,,-0.0049059776804475,-0.5496650018272627,,-0.3441910000293611,-0.6684827863731218,,0.0860609868610592,-0.5695149140132277,,0.0480056716162681,,0.3682096973674247,-0.810814215184106,,-1.7929067486063677,-0.5939828447357395,1.009783480352847,-0.086753345272503,,,-0.3475585590123808,0.1833838511752547,-2.1945364758974866,,0.1349118705610585,,,,-0.0941356595223165,,-0.5255023544221176,22.321428571428573,,,,-0.7588061448635368,,-0.3983595458889447,,,,-0.0110825027277775,,,,,-0.4707432365513725,-0.3230195600994614,-0.0524017467248908,-0.0227992400253324,,,,-0.746211837529912,,0.3319727201277793,,,-0.0379993931639709,,0.0452252916102626,-0.4967974416787247,-0.5136284854256418,-0.0666651548565953,,2.6571261193405307,,-0.2346526815753018,-0.9627155569438772,-3.5910596026490067,2.0546762589928056,-0.0752791809129837,,-0.2278056951423785,,,,,-0.0502248310997895,-14.59535063181248,-0.2410339891091354,-0.062814739420909,0.0,0.0,-0.1505858124843458,0.0,-0.3089531787274748,,-0.3585683285837538,3.555406237751274,-0.1572598134083927,-0.1362249262994437,2.795169082125604,,-0.157185044058109,-0.3916409782851343,-0.3056525854176897,,,,0.0,0.0,0.0,-0.1071982281284606,-0.3603296194732443,-0.5285386724722315,0.011061820752888,-0.0271859677795937,0.0,0.0,-0.2068299498643872,,8.4549,0.1675005026670924
