,totalAssets,intangibleAssets,earningAssets,otherCurrentAssets,totalLiab,totalStockholderEquity,deferredLongTermLiab,otherCurrentLiab,commonStock,capitalStock,retainedEarnings,otherLiab,goodWill,otherAssets,cash,cashAndEquivalents,totalCurrentLiabilities,currentDeferredRevenue,netDebt,shortTermDebt,shortLongTermDebt,shortLongTermDebtTotal,otherStockholderEquity,propertyPlantEquipment,totalCurrentAssets,longTermInvestments,netTangibleAssets,shortTermInvestments,netReceivables,longTermDebt,inventory,accountsPayable,totalPermanentEquity,noncontrollingInterestInConsolidatedEntity,temporaryEquityRedeemableNoncontrollingInterests,accumulatedOtherComprehensiveIncome,additionalPaidInCapital,commonStockTotalEquity,preferredStockTotalEquity,retainedEarningsTotalEquity,treasuryStock,accumulatedAmortization,nonCurrrentAssetsOther,deferredLongTermAssetCharges,nonCurrentAssetsTotal,capitalLeaseObligations,longTermDebtTotal,nonCurrentLiabilitiesOther,nonCurrentLiabilitiesTotal,negativeGoodwill,warrants,preferredStockRedeemable,capitalSurpluse,liabilitiesAndStockholdersEquity,cashAndShortTermInvestments,propertyPlantAndEquipmentGross,propertyPlantAndEquipmentNet,accumulatedDepreciation,netWorkingCapital,netInvestedCapital,commonStockSharesOutstanding,investments,changeToLiabilities,totalCashflowsFromInvestingActivities,netBorrowings,totalCashFromFinancingActivities,changeToOperatingActivities,changeInCash,beginPeriodCashFlow,endPeriodCashFlow,totalCashFromOperatingActivities,issuanceOfCapitalStock,depreciation,otherCashflowsFromInvestingActivities,dividendsPaid,changeToInventory,changeToAccountReceivables,salePurchaseOfStock,otherCashflowsFromFinancingActivities,changeToNetincome,capitalExpenditures,changeReceivables,cashFlowsOtherOperating,exchangeRateChanges,cashAndCashEquivalentsChanges,changeInWorkingCapital,stockBasedCompensation,otherNonCashItems,freeCashFlow,researchDevelopment,effectOfAccountingCharges,incomeBeforeTax,minorityInterest,sellingGeneralAdministrative,sellingAndMarketingExpenses,grossProfit,reconciledDepreciation,ebit,ebitda,depreciationAndAmortization,nonOperatingIncomeNetOther,operatingIncome,otherOperatingExpenses,interestExpense,taxProvision,interestIncome,netInterestIncome,extraordinaryItems,nonRecurring,otherItems,incomeTaxExpense,totalRevenue,totalOperatingExpenses,costOfRevenue,totalOtherIncomeExpenseNet,discontinuedOperations,netIncomeFromContinuingOps,netIncomeApplicableToCommonShares,preferredStockAndOtherAdjustments,adjusted_close,10%DDret
2023-09-30,0.852097494391253,0.2176541368497447,,2.675917924167736,-0.5092654261233626,2.942375515174725,,1.0102292335895913,0.8242486497433079,,1.375915649684534,,0.8209014617739314,-0.7075809386628324,1.3604858843762682,-1.5808140516804594,0.7496238297169895,-0.1477064324190922,0.4011293521107615,-0.2593126365112849,,0.5681542981387142,4.09127479948706,1.094769020384191,0.8001089473721918,,,0.0784885043864272,0.619794191221646,0.4680223313336681,1.875185686962996,4.1182385147866265,,,,-1.483273216020489,,,,,,,,,0.98783587357882,,0.0642443094678008,,0.7673987458079992,,,,,0.852097494391253,0.7487968141908407,,1.1932257028238695,,,,0.8860103626943006,,,-1.463057790782736,,-6.790288179236213,,-4.595220702284577,1.548853778935928,,3.1192228323770594,,1.2275755279816836,-12.540567291853309,6.60811132972383,,,-2.239379375432291,,,8.50318506055794,,,,,-9.793557295363613,,,,0.7199365020980443,,1.5202804891199997,,0.6175891188630094,,0.9636278979559132,0.4536104557210044,1.6579807295472533,1.5151802566942754,0.5362776025236593,,1.3635752508807517,0.968929804508784,-0.4960564456328787,0.0,-0.2358974358974359,1.7419354838709675,,,,0.3234075344406208,1.0464612017427988,0.7535880976236697,1.1811686136237567,0.9003723736084225,,0.9573320255026974,0.960383567670679,,95.0041,0.1413769250221003
2023-06-30,0.8784509418561064,0.3109769764355181,,2.4930166279953485,0.7389831592449718,1.1658952806033664,,0.9797991933347444,0.8186983934759102,0.5546875,1.346911116699546,,0.8194911207527302,-0.7088757472214308,1.65759025138829,-0.8201317345043067,0.934484856412236,-0.1869492381227288,0.4244312279117636,0.3161349338211959,0.710986517153918,0.6588508764176201,-1.3834775645891897,1.0464324438855757,0.8576296580340744,0.0079903653949704,1.0296117562942355,0.057750257355885,1.0166247973633613,0.4753430635050692,1.9783418693907369,4.486463497305145,,0.9374946733257198,,-1.4006118055955206,,1.5014646790265804,,2.787703476326757,,,,,1.0024074748318432,,0.0721571275278864,0.4033369107482265,0.7812929503361967,,,,,0.8784509418561064,0.9150432135609048,4.852675839405923,1.1601869225129935,-0.8911671374158396,-0.3097151205259313,0.9248719408081958,0.8963730569948186,0.1226049066613386,,-0.5803100128042726,0.0076,-1.26467327039044,,-1.954827402336184,1.8955319562244288,1.6146193078075244,0.1445127927306754,,0.9274095051193832,-11.427946998815132,-3.611474774166679,-2.104197752897813,-0.7253304317323443,-0.9174574496279873,-0.0576599848354239,0.1863308353015209,1.6715662939558342,-0.6008403361344538,-1.126006435642802,,-0.697355293668981,-1.2404819668541844,0.5763351109050159,-1.912840216056856,-0.0357232233903754,0.8586768366558417,,1.4589081510355706,,0.6537406770403563,,0.948841092738028,0.4599106009393516,1.3220967024406978,1.501688494089933,1.0569212701950512,2.779549498136896,1.188425790007473,0.9547538015167024,-0.5679617104464868,0.1688311688311688,0.0,2.0,,,,0.5198333402586022,1.013547343891567,0.7790707603194251,1.1173553917857215,0.9132350198406318,,0.8974987739087789,0.8624363644246124,,107.9023,-0.0526235307310408
2023-03-31,0.9010515249667876,0.4157961078543215,,2.6436853186947333,0.7603595516182942,3.062264767094332,,1.225346210468086,0.8233799139797152,0.0703125,1.3219107493301845,,0.785420250819501,-0.7148462533527449,2.197708048256504,0.0756628947812869,1.095460933939672,,0.1671396826090333,0.3007336606492803,0.7115204912561741,0.6538274695781966,1.4873299769220911,0.968061489756752,0.97520171704451,-0.0328492799571006,1.070412222161373,0.020882262634921,0.9550960114615904,0.4799077553295899,1.6525363701393192,5.069731869614479,,0.8693132425383947,,-1.3965696828363534,,1.4900258379435398,,2.672343694453865,,,,,0.980532848837352,,0.0770910023182927,0.5452725552919385,0.8063702950944068,,,,,0.9010515249667876,1.2173775950867889,4.74950180763475,1.0681274084428838,-0.8409683796721108,0.0272705137570002,0.8622652248150257,0.9067357512953368,-0.0914671525886177,,0.0245655175441086,-0.0356,-1.44296644478253,,-1.0899449191370618,2.084034947042686,1.9631812401129067,0.0854125932675022,,0.939830168134375,-0.0272013987226541,-3.611474774166679,-3.793971165153117,0.7356869676566847,-1.2859149057201404,-0.0724868380788187,1.1604815181059631,0.7485709925106563,1.2016806722689075,-1.7667980597568995,,-0.4385711026590075,-0.32937815399067,2.4188268026895434,-3.0943789572494573,0.0438358767012065,0.6618591527482686,,1.329149493371349,,0.6657911964328053,,0.9216746366400528,0.4378600926751361,1.2631383359805044,1.3600249867443432,0.8463238315863983,2.148444056530934,1.1333788165901568,0.9079729916428328,-0.6488551333617958,0.0584415584415584,-0.2461538461538461,2.290322580645161,,,,0.3914010826083836,0.9674679428998424,0.7601642686419292,1.0378503940858743,0.3858665243200483,,0.8415890142226582,0.7709119286045173,,99.7235,0.0002336460312763
2022-12-31,0.9010515249667876,0.4157961078543215,,0.3131929834490256,0.794275363700804,1.140914087205942,,1.225346210468086,0.8233799139797152,0.93359375,1.290544785341109,,0.785420250819501,-0.7431162402154734,2.197708048256504,0.5627427799358217,1.095460933939672,,0.2815858746941629,0.3007336606492803,0.6933653717794687,0.7187188757367764,-1.345650272915661,0.9117470317001124,0.97520171704451,-0.0506056475014793,1.011611550764616,0.020882262634921,1.0971934355800126,0.4718980130714687,1.6525363701393192,5.069731869614479,,0.8437452059931477,,-1.3965696828363534,,1.5104128047125074,,2.5276109907077933,,,,,0.980532848837352,0.2530864197530864,0.0684334484407873,-0.8077973226405984,0.8063702950944068,,,,,0.9010515249667876,1.2173775950867889,4.623185936961631,1.0681274084428838,-0.7519796727627733,-0.0272705137570002,0.6055776892430279,0.917098445595855,-0.0188123930856022,0.2170087976539589,-0.1123570392591201,0.6028,-1.5122208183067305,,0.3524789247437875,2.008738329351066,2.1527085049637216,1.2506715260164003,,0.9419002786368736,0.0305970580585498,-3.4190317530984764,-1.5211765170904277,1.10349554372665,-1.7545669332057738,0.8830214820510645,0.075186126525175,2.4201372864664905,1.6554621848739497,0.170980457395829,,0.0,0.730044884222719,0.3661179380168483,0.6916574418124123,1.1754750168098285,0.8909420307390504,,0.9048036129018684,,0.7073654883367542,,0.9498727303113688,0.4536104557210044,0.8968818170611219,1.0321751554588343,0.7351751834318315,1.665044143811474,0.7914203453613751,1.0376834190203803,-0.5230209199379817,0.3376623376623376,-0.3076923076923077,1.8387096774193548,,,,0.7162591460765834,1.0360883495715014,0.8781243362819583,1.174891903279032,-0.0900513862716976,,0.5620402157920549,0.3132897495040419,,105.7152,-0.0511721550121336
2022-09-30,0.866921308590233,0.4827451014702024,,0.3630410826107623,0.7727592563446495,1.0891600164584088,,1.1045623583796167,0.8161887123810869,0.3515625,1.283255150502404,0.6875225688791106,0.7471925862974681,-0.7908802892659867,2.1217168780083138,0.3681810504982266,0.7952737621501429,,0.1585228431201211,-0.2285100901674538,0.0878387398211186,0.6291233181350044,-1.2939350709116892,0.6897742095268576,0.9492797796594284,-0.054156921010355,0.0514914970301842,0.0496853835106741,0.6015560168989712,0.5386458652224786,1.4476243154525394,4.371577302759367,,0.7585184175089914,,-1.6783056391503033,,1.4966677456691764,,2.4939742575949584,,,,,0.9371969756073204,,0.1405797307533326,0.8591038748899086,0.8915428984623818,,,,,0.866921308590233,1.1779165815179016,4.331984464112151,0.9164056308987656,-0.610836412353458,0.8224981738495252,-0.1741605008537279,0.9689119170984456,-0.0071357353083318,0.0,-0.4957401983081607,0.0172,-1.638941586882927,0.1348684210526315,0.8799857616040783,1.8369679202420577,2.077002745910969,1.6978630352877442,,0.9584611626568628,0.7675273820189001,1.3173643922965346,-1.5705850963961383,1.7471605518490896,-2.1197923063497504,0.0296537064867894,0.1274895188905143,1.3808591123982978,2.4495798319327733,0.0,,0.2342677939669233,1.5140179325006269,0.4650436664348095,0.1633732931061048,1.8843822221034767,1.07485363701334,,1.672834586644152,,0.6248194304984788,,1.047190541396521,0.4599106009393516,1.7294454161656694,1.6973190518528911,0.8141492229100764,1.1145053543254222,1.5687503336180206,1.0029522116897802,-0.3432577579039615,0.5714285714285714,0.2358974358974359,1.1935483870967742,,,,0.9882333387476344,1.0997218080838829,0.8029093802606158,1.1937220343132062,-0.4502054807735595,,0.956351152525748,0.9587778758141862,,94.4168,0.0696602723244168
2022-06-30,0.8961311028135396,0.6081899329423833,,0.2775871983334993,0.792633712652526,1.130880657070911,,1.052831289946377,0.8098662465460514,-0.16015625,1.2510164837509483,0.7208247512065883,0.7813376847054974,-0.7698756170931706,1.9483620208796293,-0.0756628947812869,0.6577586406100244,,0.2802508713930638,-0.7474863255362443,-0.5059404618875984,0.6529328902780253,-1.2298665343043949,0.7503122519377453,0.9568716927194392,-0.1074260236434912,-0.1840384650210187,0.0957703769118791,0.760087839857606,0.664217953527217,1.5246413747311696,4.901821277586035,,0.9034039579320572,,-1.5289492031990777,,1.4845831635572544,,2.345214621011434,,,,,0.9816351921945548,,0.2763078334780952,0.8905619069259819,0.978635839041571,,,,,0.8961311028135396,1.0853407436015392,4.380839457349591,0.9577842975017068,-0.6183336294190798,1.3503774044314585,0.4866249288560045,0.9740932642487048,0.0966567782674045,0.0,0.184040024879634,0.006,-0.5632885512942832,0.2039473684210526,1.7448682448032,1.5070223246628058,1.9042989830718768,1.3334118052648427,,0.9729519361743528,0.7241785394329971,1.323108960089615,-4.357228969238219,-0.698085352023458,0.4432494715544379,-0.0708394099406637,0.2517100757581949,0.7413033129717178,-0.5672268907563025,0.0323476541019135,,0.4975920585033874,-2.017392194877337,0.6999922714274673,0.2230182776374621,1.5495215321657738,0.7586547349978947,,2.714410838705605,,0.663983618523938,,1.233916942171212,0.4882612544219144,2.812135418434673,2.512221513155143,0.808299294059836,0.832522071905737,2.579612936372371,1.0598924903746416,-0.1634945958699413,0.6428571428571429,-0.5743589743589743,0.5483870967741935,,,,1.071336564286011,1.268679611720206,0.7770157068762191,1.3527320297129006,-0.6045572355600718,,1.5282000980872976,1.8948962281495445,,105.5497,-0.0695132245757212
2022-03-31,0.8920654997631864,0.7152068848586778,,0.2149959760777847,0.8237901538241004,1.0750313087172425,,1.0509586720845403,0.80383335929888,-0.6484375,1.1898246194711153,0.790384930861024,0.8136270712435252,-0.7555607891397789,1.61537293458374,-0.9282215841918596,0.6937980609519876,,0.4734622582430385,-0.7479530307838781,-0.5064744359898545,0.6756414417439122,-1.2303269070225311,0.7925480954802251,0.8524315914344275,-0.0559325577647929,0.7590632125763181,0.2455466054657954,0.7560794498965785,0.6927257458652613,1.4275532030344722,5.290666859125591,,0.9374946733257198,,-1.4820605791927386,,1.4730520737558024,,2.062855565585382,,,,,1.0275202344381176,,0.3071212779238403,,1.0146139214987329,,,,,0.8920654997631864,0.9154933391909682,4.401088566388793,0.9866531346665496,-0.6095325485159585,0.482590698806915,0.0535002845759817,1.0259067357512954,-0.0330838637022659,0.0,0.1067190516260459,-0.5964,-4.998515451461157,-0.7730263157894737,-3.0956145454649424,2.062334880138504,1.5725605527782174,0.993585658351597,,0.9750220466768516,-0.056100627113256,1.3345980956757766,-5.128002806407305,-2.615457836536333,-6.997005475148514,0.0049422844144649,1.317391695201981,0.31977789971329,-2.9327731092436973,-0.4251405967680072,,-1.0691873154885745,-4.2810260865266105,2.715603987943427,-0.6205322178774481,1.2087235959525793,0.800599487306066,,3.6332424145982,,0.6820593976126114,,1.434742389781561,0.5040116174677827,3.769762219121449,3.2367291650083043,0.8112242584849562,0.6579609923125986,3.4737092318778693,1.0839916954611806,-0.0646248567512302,1.2597402597402598,-0.6974358974358974,0.1935483870967742,,,,1.7890462393901734,1.3959465287449686,0.7967442199309974,1.3809772262641622,-0.758908990346584,,1.9489946051986269,2.583738034584997,,114.5262,-0.0890669558581355
2021-12-31,0.9168552537471348,0.8021053260671697,,0.1943821004845853,0.8515235779162865,1.0956612696581485,,1.0643010743501269,0.8118450335631235,0.0,1.099114867640188,0.633529681555271,0.8174869519331285,-0.8021738972493159,2.175807815164144,0.5066711704104037,0.7585276865073569,,0.4482185594586197,-0.3979240950585248,-0.105993859297824,0.8074886678306978,-1.0842352978006289,0.816481740154297,0.9078320380885594,0.0381761902204142,-0.422295730940346,0.2075264859098013,0.6173891572450295,0.7108122606416639,1.178297993005451,4.776624783529738,,0.8693132425383947,,-1.4618499653969028,,1.4883653610121308,,1.644291428892568,-0.8561311916176794,,,,1.0405761135749874,0.4135802469135802,0.3266705931311107,-0.8523628680250357,1.033591371586027,,,,,0.9168552537471348,1.2292309033451236,4.350626501005384,1.003012142393294,-0.541731628965987,0.6540053567080594,0.8292544109277177,1.0621761658031088,-0.0694112434537737,2.228739002932551,-0.1437686846433902,-0.1588,-2.144351163878687,-0.6644736842105263,0.6512565098489386,1.932395925302618,2.130890525792269,1.9805589893865887,,1.099228676826769,0.0883955148397537,1.2369404431934052,0.4946935185825666,-0.7014909869870688,-2.688638905228864,-0.2882999241771199,0.0163448101141685,2.449208004622244,-0.5714285714285714,-0.2895885224361788,,0.1239440072731977,-0.0468653438004329,0.2548264935466419,0.5155627255769765,2.050625117817231,1.0103232488469227,,2.670573454359584,,0.8393186756840704,,1.363903276412157,0.5103117626861299,2.9282655341896,2.498729750550801,0.5889269621758225,0.4565443620128235,2.5829491165794813,1.1092722341303929,-0.0376603824461272,0.6688311688311688,0.3282051282051282,0.0967741935483871,0.0,,,1.101555919027239,1.3107694541845083,0.9315557258053164,1.2653811440821474,0.591668864035398,,1.4997547817557626,1.8483311643112503,,135.7026,-0.1012176627419075
2021-09-30,0.8876454595238281,0.898978491071967,,2.5155044922788385,0.8509996467306659,1.0250177309523167,,0.9678612544655352,0.80291636043731,-0.72265625,1.0399764216247789,0.8362985905196175,0.8225344882195328,-0.8676336632673386,2.0446702748400094,0.1709170748184428,0.7248908941881912,-0.1041033149706071,0.4346257985747019,-0.3059831612746653,-0.000800961153384,0.7655810683072884,-1.021087506629607,0.7564129848938813,0.8567405150630822,0.0310736432026627,-0.5506971970516318,0.1383989958079937,1.0286499672464435,0.7237311997676658,1.2268420788537997,4.200720910870775,,0.8181771694479009,,-1.63687388086884,,1.4712993481059815,,1.3714075095546383,-0.7691780967372727,,,,1.018046971212157,,0.3406343897077324,,1.0461865244713442,,,,,0.8876454595238281,1.1456575780300282,4.2921290748921335,0.9619542406477396,-0.5241294671597445,0.406135865595325,0.2413204325554923,1.0984455958549222,-0.1200100938219452,0.0,-0.1276601485488927,-0.0556,-1.3943410335846873,-0.2203947368421052,0.8614015098989731,1.7640243218533007,2.000245517982484,1.6200477726612328,,1.0247046987368185,-1.269868219518539,1.2455572948830262,1.0480696068065258,-1.399646154527281,-1.411966140699035,-0.0345959909012543,0.0686482024795076,1.3372530351646674,-1.4327731092436975,-0.1663593639526984,,0.1979472057549972,-0.8131813414414509,0.3537522219646031,-0.1433723416265897,1.7976984264813058,0.7199365020980443,,2.961653686417162,,0.6519330991314889,,1.2961590757627757,0.5292121983411717,3.248070006807011,2.7483273587311268,0.6064767487265437,0.4565443620128235,2.863188253976727,0.9419953988238288,-0.0106959081410242,1.025974025974026,0.4615384615384615,0.0,0.0,,,1.5170720467191223,1.2030513739441135,0.7815368244512725,1.0859718400620977,0.6045315102676073,,1.6086316821971556,2.026562960381962,,113.4638,0.0793768585222775
2021-06-30,0.8766787559110806,0.9613627805776744,,2.4049391595516783,0.8538987326244335,0.9931769475646158,,0.9374312142106884,0.796545631504297,-1.23828125,0.9720596125289572,0.8826063588448084,0.8363409845323446,-0.8821642926471635,1.874745574701695,-0.2641445701739571,0.6891341359665571,-0.2139831709407895,0.5254060230494388,-0.3045830455317639,0.000800961153384,0.7727377027086588,-0.9705232364209758,0.7493736776368013,0.7975783096855216,0.0186441859215976,-0.6201888996114355,0.0185780129648607,0.969526215321289,0.732429952112507,1.3099271488634732,4.200720910870775,,0.928971994477304,,-1.601707412864086,,1.459122517275648,,1.0580173834399849,-0.6995522285402034,,,,1.029724921152523,,0.3500366794026576,,1.0651639745586383,,,,,0.8766787559110806,1.033426254267566,0.9603471018703748,0.9571427677869326,-0.4938146329378823,0.1081081081081081,-0.0535002845759817,1.1191709844559583,0.1433634093764859,0.0,0.184040024879634,-0.0076,-1.2278358376648015,-0.4177631578947368,0.8042191969601883,1.606110581972264,1.8309590289895223,1.0556408677879288,,1.080597682304281,0.0016978296679478,1.251301862676107,0.2970592013597241,0.0613712448617482,-1.0629011822959424,-0.0840188350459035,0.1863308353015209,0.9884044172956238,0.3697478991596639,-0.2587812328153087,,0.1648046690116146,0.43340643352297,0.5763351109050159,-0.3137865831447534,1.1742875675547302,0.6618591527482686,,0.9539014833694116,28.25,0.6838669755214787,,0.873531549884147,0.4788110365943935,1.1952468836930092,1.1765370153252932,0.5596773179246207,0.5908221155460069,0.938212274474218,1.048079154547907,-0.0106959081410242,-0.4935064935064935,0.4205128205128205,0.0,0.0,,,-0.250760205642709,1.0624194358524868,0.7507110228031812,1.360054858448413,0.7202953263574915,,0.7150564001961746,0.5637776791169337,,110.9284,0.0003434647935064
2021-03-31,0.8665877206476399,1.0458943381734835,,2.3352267802728583,0.845411047417379,0.9809934966863636,,0.8821889872865047,0.7902714287672389,,0.9523467971904874,0.8761035658459518,0.8288439085775382,-0.9081323976279396,1.7153752037645182,,0.6676518148215438,-0.1843330510758197,0.5917920962950017,-0.3041163402841301,0.0013349352556401,0.7688153165463693,-0.9325424871747354,0.7568822720443533,0.7421778630313897,0.0665863782914201,0.366658732030613,0.0554460076858247,0.932248188683734,0.7274346289837863,1.2856551059392989,4.272893007444404,,0.9034039579320572,,-1.6459686570769665,,1.4471301838821378,,0.9670560769940084,-0.6472535870264715,,,,1.0409550441040256,,0.3446373447263639,,1.0600242484933295,,,,,0.8665877206476399,0.947602300802154,0.9654897327374738,0.9622750055051268,-0.3657100109035613,-0.2123204285366447,-0.2214001138303927,1.1139896373056994,0.001946109629545,0.0,0.0567825897331037,0.0156,-0.7902071368842163,-0.1184210526315789,1.6791085849235974,1.288191529496535,1.6721872287538884,1.5570075599005146,,1.2048043124541987,-0.2439456116521688,1.242685010986486,-4.960013636767888,0.504103790131151,-0.4294129244532931,0.0757816943551286,1.206246986425635,0.8721215446726092,0.9159663865546218,-0.1186080650403498,,0.459001433528216,-0.9862204376829712,2.5053868150552594,-0.0553249835088718,1.7976984264813058,0.6618591527482686,,2.1725807681887885,27.875,0.6796492937341215,,1.1414134397616504,0.4945613996402617,2.4440922823498306,2.126357102670964,0.5743021400502216,0.3088388331263218,2.134232878723177,0.9337260637451146,-0.0017077500393231,0.0974025974025974,0.4615384615384615,-0.032258064516129,,,,0.4367301147202254,1.1088977926969534,0.7761936854989366,1.0744645377634354,0.4501797554810951,,1.3075036782736635,1.533615560438643,,114.2502,-0.1139989251659953
2020-12-31,0.86164644924798,1.1478393966340297,,0.0148539839547214,0.8645520000653866,0.9411669219666992,,0.9322815150906374,0.7961595267204781,,0.8988552514022441,0.7111690888749528,0.8555661595055611,-0.976829185042458,1.3945235960499367,,0.589213076430212,-0.1093356890644253,0.8856141864732611,-0.6471446972949764,-0.3911360299025497,0.8517359362930168,-0.9476580580868756,0.8493318406873367,0.6480654993325187,0.0470543739926035,0.1838202807115688,0.0462290090055837,0.6027585338872795,0.8168336877357195,1.110616334851503,4.096145015835515,,0.8437452059931477,,-1.577454676309083,,1.4583845275283551,,0.7202287818984158,-0.6680673898107243,,,,1.0801915779744595,-0.2530864197530864,0.4412668170365859,-0.8527373684064176,1.1223222468453695,,,,,0.86164644924798,0.7639510437363068,1.02880837528863,1.025465682410394,-0.3327874490067002,-0.6121256391526662,-0.491747296528173,1.0984455958549222,-0.0551397728371099,6.756598240469208,-0.1920942929268827,-0.0028,-0.5249776212596192,-2.299342105263158,3.3116636193259064,0.6717004721463955,1.3525406905311548,2.700596419512916,,1.0640367982842924,0.0016978296679478,0.7859918714365728,3.755659752759469,-2.0364998927224987,-0.06095546836114,-0.0790765506314386,-0.0359585822511707,2.921607174653241,-2.218487394957984,-0.4852148115287039,,0.9275370214620626,1.3480416565138629,0.1559007651286807,1.049527349000556,2.841466321712658,0.8038260067143869,,2.777536672163875,27.0,0.5380556908728462,56.34986945169713,1.1940269560020331,1.6191373211152518,3.051542118606367,2.5837278549581555,0.5713771756251015,0.6176776662526436,2.673025982171453,0.9152972598554084,0.0252567242657798,-0.0324675324675324,0.4102564102564102,-0.1290322580645161,4000000.0,,,0.285633341014086,1.1577698846578734,0.7063218684299299,1.1225859837396588,0.771745911286329,2.0,1.6655223148602256,2.1261158554845214,,103.9641,-0.0263388996778695
2020-09-30,0.7885698405736833,1.2195221574752757,,2.128713226602806,0.7913064203156204,0.8696019457994872,,0.7820039316782396,0.790947112138922,,0.8289876949552197,0.8359044818530201,0.8254293987367353,-0.9046076409961998,0.7723458896428784,,0.3560168271586853,-0.3229909645620023,1.039989113654899,-0.6499449287807793,-0.394339874516086,0.7770041578325527,-0.9346908931927046,0.6573933961442898,0.4393904836019551,0.0150929124127219,0.0,-0.0217463562611936,0.8218170452574283,0.8015032133061972,1.1759641427242802,2.98115976876944,,0.7585184175089914,,-1.5972610778290022,,1.4484216659399003,,0.3978372765000458,-0.6502118940211876,,,,1.0645520815941465,,0.4246964450989948,,1.097075460568523,,,,,0.7885698405736833,0.4012998277819339,0.8973498737484122,0.8942728557390527,-0.1984894737442568,-1.2943754565376189,-1.392145702902675,1.093264248704663,0.0421657086401429,0.0,0.0165112494968599,-1.0876,-2.1870825858404275,0.7138157894736842,-0.463798592457367,0.7456898568919804,0.7326997882867419,0.9945706616759832,,0.9439703891393724,0.0161474438632488,0.7802473036434922,1.818843443975612,-1.658474411761701,0.4529457203989683,-0.0131794251052397,-0.0228827341598359,1.5916218190275118,-1.7521008403361344,0.2711041486636568,,-0.2533361027781844,-0.806118521186695,0.180632197233171,0.6632550682260516,1.0021074255654856,0.4230967165325241,,1.081906645659792,25.75,0.3898343023457239,,0.7397625445409522,1.4364331097831804,1.3203100852752374,1.2790744111182917,0.5772271044753419,0.2282721810064117,1.1100255551403864,0.7000582810923012,0.0252567242657798,-0.2987012987012987,0.3897435897435897,-0.1290322580645161,,,,-0.0241150450834998,0.7891346767240778,0.5484937639917029,0.8469337877671623,0.3858665243200483,2.0,0.7572339382050024,0.6328224289461283,,102.9941,-0.017168944628867
2020-06-30,0.7833575289706664,1.3196075216687138,,1.9319444141222664,0.8098186555408832,0.828239641977522,,0.6010622307782653,0.7839972260301806,,0.7983404273586926,0.8345251015199293,0.8064269091879189,-0.9141029037592536,0.8470177687409266,,0.4552312313942075,-0.2811319718114566,1.141085272729038,-0.0520955065618757,0.289680950473902,0.8538003500626429,-0.9370694855697418,0.5274008554635466,0.4278316249790559,-0.0328492799571006,-0.1237105034581122,0.0047525149444992,0.7165968087804584,0.7872923802675952,1.1993026455359863,3.196203158560255,,0.8522678848415634,,-1.604536898795503,,1.4351378504886276,,0.2564208703848166,-0.6534871624796234,,-0.4146301501368447,,1.061761774971227,,0.409336268864711,,1.087360813500027,,,,,0.7830030917816613,0.4472126420483957,0.8083180768617609,0.8054209902428142,-0.093854400784926,-1.7185293401509618,-1.2168468981217986,1.077720207253886,0.0252994251840857,0.0,-0.1018864907976967,1.0044,1.6042259902822853,0.4407894736842105,1.922133414913433,0.3833248842510588,0.8070912112448287,0.2617281883326356,,0.9791622676818488,0.1895428142068606,0.7888641553331132,-5.088475942962736,0.7288756977294631,0.4464815545026147,2.044458319450319,0.075186126525175,2.6527030317125195,1.1932773109243695,0.1432538967370459,,0.5103042643775616,-0.7990557009319391,0.3661179380168483,0.4275153674592585,-0.0547224114719472,0.3714724059993902,,-0.4874717139277507,27.125,0.3741686271355403,,0.4570938494455636,1.4899843441391325,-0.2715658091499811,0.1349729422700969,0.7030005747555096,-0.7788109704924636,-0.2628126000854062,0.5341990460849453,0.0072804080623778,-1.5974025974025974,-0.7487179487179487,-0.064516129032258,,,,-1.5350827821448942,0.4849308390081479,0.5489047746803442,0.479223173405369,-0.5659692968634438,2.0,0.0755272192251103,-0.4831334113164345,,86.1926,0.1744140448251939
2020-03-31,0.7399702471871539,1.387232767745361,,2.0368877807785544,0.752954657528189,0.8098108927499138,,0.608084547760153,0.7761786041578466,,0.8043466757821326,0.8154108311899569,0.7949214955939091,-0.9279861288597794,0.4813102619215106,,0.4338902413093587,-0.2811319718114566,1.1385366300633035,-0.0646965482479885,0.2752636497129889,0.7569793442671797,-0.9377600446469462,0.3227916578577557,0.3099859835160075,-0.0079903653949704,-0.209238752762486,0.0243386371400113,0.7727142682348423,0.6684381403083777,0.9033704298835524,2.969376569328847,,0.7585184175089914,,-1.6663813770107605,,1.4201935581059455,,0.2841356434425751,-0.6544380468707821,,29.141397708024684,,1.0494293086625217,,0.2808693403597916,,1.00393910582463,,,,,0.7413254482039383,0.24180531286282,0.6681813857333134,0.6655675124220201,-0.0185562641693327,-2.4840516191867543,-2.222538417757541,1.0569948186528495,-0.0265968316037824,0.0,0.080139967070125,0.038,-0.4483557611902911,-1.3125,-0.7497101571512915,0.5096035868380466,0.4427572458034562,-0.3361688295697998,,0.9853725991893448,-0.041651012917955,0.7773750197469518,-3.971842050653676,-0.4120120150801516,-0.3033616894743987,0.1252045384997778,0.8466611639139282,0.603217401731888,-0.2142857142857142,-0.6777603716591419,,-0.2951047792218995,-1.583028749209847,1.825272432181776,-1.086331144693762,-0.4406434193788749,0.4166436777158824,,-0.2998477089267819,25.75,0.5380556908728462,,0.587767942068736,1.4994345619666534,-0.0768245381147973,0.2928265647408974,0.726400290156471,-0.4296888113061868,-0.1193568511796733,0.6079142616437702,-0.0286722243444262,-0.948051948051948,-0.6564102564102564,0.064516129032258,20000000.0,,,-0.7795989136141971,0.5643230537038463,0.6697419171408617,0.4886382389224562,-0.3473043109158847,10.0,0.0823933300637567,-0.4397797311911263,,74.0778,0.1170904103523592
2019-12-31,0.7644681117213332,1.5267098377784465,,-0.0155046328279904,0.7611978415152872,0.8543470367166337,,0.5877198285126786,0.7820667021110859,,0.8074781386353791,0.7304804135382239,0.8148147268403262,-1.0013586138470136,0.6087537870252465,,0.4416634496184097,-0.2279361685243048,1.1554062172317372,-0.0600294957716504,0.2806033907355493,0.7997815230907604,-0.9557145806542598,0.3842682745695874,0.3215448421389066,0.1571438527677515,-0.1911294550781416,0.01166526395468,0.4045436503144732,0.6561220850082559,0.7857443757125536,3.073952464364107,,0.792609132902654,,-1.4802416239511134,,1.4314479017521629,,0.298585225976962,-0.6791610410409099,,29.72177607318075,,1.084084227954582,-2.067901234567901,0.2675571876234123,-0.7553672692471428,1.0141620774490354,,,,,0.7644681117213332,0.3126250786594539,0.7102866759576865,0.7075877087397358,-0.0058435917537131,,,1.0569948186528495,-0.6143219397263899,1.2903225806451613,0.002818993816537,-0.9044,-2.584926859277324,1.167763157894737,-0.3894615856369466,0.5699977489448669,0.569722112548177,1.33932182521116,,0.8363246430094439,-0.0272013987226541,0.5763151469891284,1.7002628536419064,0.2214360881514554,-1.143703256000362,2.854992963422565,1.4939156444350008,1.1410256876133305,,,,,-0.5341999413785918,-0.0048535435505062,2.1486992067927115,1.4913365186659602,0.4714945076573372,,0.7645239829946019,26.25,0.4567146849738157,,0.737355390203157,1.2726293341061512,1.1398617515637366,1.106379849782715,0.498253064997097,,0.9332080041635528,0.5977547928327783,0.1331146214861919,-0.2337662337662337,0.5641025641025641,-0.5161290322580645,8000000.0,,,-0.0090053677128859,0.681616074410054,0.5891838221671833,0.5686662958176971,-0.4244801883091408,10.0,0.5777341834232467,0.3309523599254638,,81.1961,-0.0620005148030508
2019-09-30,0.7780618203820012,1.6070148174944652,,2.0856114867261164,0.7588925442985563,0.8916652539025404,,0.5947421454945663,0.7781091280769414,,0.7865846077948656,0.6085037812263381,0.8037546840951166,-0.9911440129958496,0.6697050381618158,,0.3890882952371927,-0.3665940820104874,1.1520080270107578,-0.0693636007243265,0.2699239086904285,0.813750722931897,-0.9161225268945424,0.6977520910848816,0.3524596592841753,0.1411631219778107,-1.1319401974262542,-0.0298112301064044,0.7987688029815206,0.7403535681097883,0.821218899986347,2.745495779957588,,0.698859665570082,,-1.3383631151043467,,1.4238835068424105,,0.202175716280315,-0.6246436692811409,,-0.4250146536883449,,1.0909738739370989,,0.3586011413029856,,1.031445112349964,,,,,0.7780618203820012,0.3418832446135716,0.6418254025394311,0.6392647941162743,0.0733661363743784,,,1.072538860103627,-0.5403697738036778,0.0,-0.6713232417381836,0.006,-0.1212393585866213,1.0592105263157894,1.3045644351745562,0.3205777028413754,0.6304444401217391,0.8783402693984093,,0.8321844220044466,-1.8478527873305783,0.5791874308856687,-1.5310582329515696,-0.1327499480640668,0.4561778033471451,-0.0082371406907748,-0.0621102784338402,0.9011922628283628,,,,,-0.4211948173024971,0.1064379009197001,0.961479990882838,0.974796092698226,0.474721027065658,,0.5242951167784081,24.875,0.4729828861536218,,0.6816469612427519,1.266329188887804,0.8057643416226414,0.8554330653419555,0.5011780294222171,0.3491221591862768,0.6146027943845415,0.5866502571556476,0.1690672538929959,-0.5974025974025974,-0.5948717948717949,-0.6451612903225806,,,,-0.3716376246076205,0.6341403279337319,0.6011031321377786,0.5289137969677735,0.3215532931590016,10.0,0.4904364884747425,0.1864400928411031,,77.9018,-0.022334528855559
2019-06-30,0.7757267047838496,1.7069311185727116,,2.113721317080479,0.7593466179927609,0.8849592368224941,,0.5029838702645664,0.7729932396913402,,0.7663071024336793,0.6343178988884658,0.8247613424635347,-1.0126522218303429,0.4179842867146853,,0.1871262102620341,-0.3526410844269722,1.2795615242339509,-0.6508783392760468,-0.395407822720598,0.8204256607870213,-0.9182709329125116,0.6832041894202497,0.2892621127305729,0.1003234766257397,-1.2453960383402196,-0.0355718542815551,0.8138002653353734,0.8560211364179253,0.8025480977369821,3.0297654664618845,,,,-1.2579248721969205,,1.414105142690779,,,-0.627601976275857,,30.305615939520653,,1.1189458366261176,,0.4836236666523382,,1.112890002307935,,,,,0.7757267047838496,0.1979930848699872,0.6418254025394311,0.6392647941162743,,,,1.0569948186528495,-0.6259985975036603,0.0,-0.3233788620970374,0.0028,-0.0269355308089868,-1.388157894736842,0.1051654212835427,0.2905113450825687,0.3796691132594957,0.003657317343446,,0.8259740904969507,-1.3999147472762477,0.5763151469891284,-2.163488048064666,-0.6197557478604099,0.4464815545026147,0.1317942510523977,0.0686482024795076,1.3881267919372364,,,,,-1.1521967136697355,0.3537522219646031,-1.1516566039423914,-0.1592179459205923,0.4134171583075615,,0.5225416214045673,25.625,0.4693677303358871,,0.6754571358027068,1.256878971060283,0.7896847871334978,0.8419413027376136,0.498253064997097,,0.6279475152129818,0.5618422519195047,0.196031728198099,-0.9025974025974026,0.6153846153846154,-0.7419354838709677,,,,-0.7267150428170482,0.6147909690757349,0.590416854233107,0.4875921205316687,0.2443774157657454,10.0,0.5355566454144188,0.2699360693787337,,77.6297,-0.0377557093587481
2019-03-31,0.7586928704651905,1.7713441654607185,,1.9623030309049785,0.7575303232159427,0.8460029085941333,,0.5116447278755613,0.7631475677039564,,0.7441301851779007,0.6327414642220763,0.8158539254875271,-0.9956758429509436,0.3876405902614149,,0.1943340943304267,-0.18346098872685,1.276527425822362,-0.6522784550189482,-0.3970097450273662,0.8107917298620996,-0.9198055086396326,0.1909219685751245,0.235503160792119,0.1287336646967456,-0.4270957857482445,-0.0355718542815551,0.7328307881226195,0.8442218386828435,0.6779204927224713,2.769062178838773,,0.7159050232669133,,-1.279146016682548,,1.395286404134809,,0.0062772776583811,-0.6297150527006543,,30.287731516737512,,1.1178779414988276,,0.4708700657790238,,1.1070725101680796,,,,,0.7586928704651905,0.1807382690508921,0.5778639311298874,0.575432587496233,0.1512720006649705,,,1.0362694300518134,0.0227046123446923,0.0,0.0777236866559504,-0.3916,-1.0480691659636856,-1.6875,-1.2343302593074936,0.5054204414107344,0.3494393830821812,-0.3391238395429584,,0.8301143115019479,-0.9953255498078202,0.5676982952995074,-2.4797029556212142,-0.6367839226784637,-0.2419521134590398,0.1252045384997778,0.8008956955942564,0.4215254132584278,-0.4915966386554621,-0.8533619224981015,,-0.4826098158659679,-1.28285888838272,1.73871241981606,-1.410118203578273,-0.4145195357667137,0.7199365020980443,,-0.3016012043006227,25.125,0.4958788729992748,,0.5636963986907831,1.2631791162786303,-0.0285858746473664,0.2280661042400562,0.5070279582724575,0.2416999563597301,-0.1510505631472189,0.5672763863998026,0.214008044401501,-1.7857142857142858,-0.6051282051282051,-0.8064516129032258,78000000.0,,,-1.7541731040187964,0.5262227697669659,0.6487803720201597,0.4253480762798147,0.2315147695335361,,0.2079450711132908,-0.2663650106898935,,73.3871,0.0180940229227622
2018-12-31,0.749581749783117,1.850803829600779,,-0.0972105397246717,0.7564824608447014,0.8254753295933808,,0.4983023256099745,0.7656089857008024,,0.741409405977539,0.6857490798794225,0.81919420685353,-1.019413999858578,0.6045320553447915,,0.180059657253806,-0.1590432429556983,1.238904605518661,-0.6532118655142158,-0.5048725136830864,0.8460243915303847,-0.9415197551783924,0.1613568780953887,0.2507553825252936,0.1820027673298818,-0.5753520240194743,-0.0321154797764647,0.35584171228799,0.8884907367546101,0.54302394647081,2.665959183733588,,0.6647689501764195,,-1.3025903286857174,,1.3999910887738014,,-0.0062772776583811,,,-0.3950149767617887,,1.0951421097565217,,0.5187193420482474,,1.1110826261091449,,,,,0.749581749783117,0.3045228173183135,0.5576148220906851,0.5552244014808431,0.1956033711399518,,,1.0207253886010363,-0.0252994251840857,3.126099706744868,-0.002818993816537,-3.3652,-6.402758386962496,-2.023026315789474,-5.098425056145883,1.4270196683654597,0.5655162370452462,0.698084661035731,,0.8508154165269342,0.0016978296679478,0.366638422541684,-0.2859620344476615,0.2486811678603417,0.1232732596849365,-0.1433262480194825,0.9447300245989392,1.3808591123982978,0.6008403361344538,-0.8163931749530574,,-1.6998035283181412,2.3827448238356057,-0.0543164077594868,-1.7651478734077808,0.6791212281787645,0.3650193671827484,0.0,0.2507498384592387,24.375,0.4241782826142035,,0.6321283577223918,1.2946798423703667,0.7307264206733045,0.8041643674454562,0.5128778871226979,-1.0473664775588305,0.5595558209672253,0.5209681099590024,0.249960676808305,,,,0.0,0.0,0.0,0.7540333395031182,0.5721026928323193,0.5554809456986036,0.4415629113370203,-1.1447883773128646,-0.5,0.1912702305051495,-0.2952674641067657,,66.5105,0.1133159425955302
2018-09-30,0.8426527857665864,1.941252596228295,,-0.6803958201431859,0.90625692244079,0.8347408951772616,0.0,0.502047561333648,0.7615548854707033,,0.7200538560275301,0.7501858468680923,0.8312192197711402,-0.9987689967298172,1.5346323161950377,,0.7120297677132161,-0.2235758567794563,1.2955815638471395,1.2448783766124667,1.6609264450674142,1.1207290504752951,-0.933539961397364,0.107388855791109,0.494517347803474,0.3133998871582842,-0.566297375177302,-0.1023950947133023,0.6907426935318315,0.8820312671916091,0.5360223956272981,2.305098700865439,0.0,0.6221555559343412,0.0,-1.185975087083745,0.0,1.3922421964272256,0.0,-0.1048186929748557,-0.6486270867025896,,-0.3938611430338442,,1.1261455166778478,,0.5117374437599366,,1.1406784113643298,,,,,0.8426527857665864,0.8242678781647957,0.5206521627334112,0.5183364428813216,0.2187469542555671,,,1.0103626943005182,0.0447605214795363,0.0,0.1365198434008663,2.3132,4.275676611545588,3.1282894736842106,6.093583143797792,0.3017535484184703,1.4921231837846676,1.1098160506291708,,0.9543209416518654,0.0883955148397537,0.3637661386451437,-0.780047827504768,-0.5448317786609724,0.4497136374507915,6.4299120232188525,-0.1340274429361816,0.5596113244982576,-0.3781512605042016,1.4017316777495892,,1.8587061017453177,-0.5801082730345054,-0.0295849756549965,2.7479892894649205,1.3096567826359296,0.4037376000825989,0.0,-0.1508006021503113,23.75,0.4350237500674075,,0.6032425056688485,1.4521834728290488,0.3126580039555704,0.56401099308817,0.6766758949294279,-1.6113330423982006,0.2759805033628696,0.5353803796676188,0.5106172617576343,,,,0.0,0.0,0.0,-0.1978763348455602,0.5503595988578692,0.5908278649217482,0.4284864314521771,-1.530667764279145,5.5,0.0902403138793526,-0.4413854230476192,,66.87,-0.0962443707537043
2018-06-30,0.7754765138269049,2.0213885128291222,,-0.678521831452895,0.7980476682372727,0.8281884510074453,0.0,0.4720856755442603,0.756197681595215,,0.7167683868044519,0.7955083435267898,0.8629890069855676,-0.9997041362443604,0.3989864941526377,,0.1714384625837678,-0.2610745377851535,1.4674328978795292,-0.354520507028581,-0.2384194366573221,0.9219948182526244,-0.93729967192881,0.099880261383557,0.2158736198171364,0.2583551477707102,-0.658152969455724,-0.0816568476827601,0.7456576359979072,0.928453321784376,0.5047488018596119,1.970750416738624,0.0,0.6562462713280038,0.0,-1.1665728978397432,0.0,1.382002588683536,0.0,-0.1199789107158518,-0.653804123943343,,-0.3350156229086763,,1.15549540856337,,0.5619140194585971,,1.1817397393805882,,,,,0.7754765138269049,0.1811883946809554,0.5155095318663122,0.5132042051631274,0.2823103163336652,,,0.9948186528497408,-0.0278942380234791,0.0,0.1558500867142633,-0.9356,-1.7686093500771745,-0.7269736842105263,-1.191443524603405,0.5088192470704256,0.3607426734963075,0.1848979290305104,,1.0309150302443144,0.4351862555269774,0.3637661386451437,-1.2840153364230165,-0.3438993158079358,0.4497136374507915,0.169685098229962,-0.0163448101141685,0.1526212703177066,-0.1302521008403361,-0.4035754940333982,,-0.4349390438378149,-0.5518569920154817,0.1929979132854161,-0.5807688948565431,0.2611390903841843,0.4069641194909197,0.0,-0.0473443750937024,24.25,0.4886485613638054,,0.6015231097132804,1.5687361593684734,0.2822855121427435,0.5653601693486042,0.7293252545815911,0.792238745845782,0.0874863216611508,0.5883041241713904,0.5825225265712424,,,,0.0,0.0,0.0,-1.0062440741734062,0.5725016486850615,0.6352170192949995,0.4891612981178499,0.7846085575185383,7.5,0.2530652280529671,-0.1684178074438268,,55.1474,0.087411073752868
2018-03-31,0.8274536851321892,2.1890991230992074,,-0.6773974382387205,0.8562389585868724,0.8702674284104842,0.0,0.5123469595737501,0.7516609503853422,,0.7052692445236779,0.8952178361759242,0.891418512833992,2.2962310496674894,0.6079622123351611,,0.1797769951334769,-0.2401450414098806,1.5194980266223932,-0.4058580842682995,-0.237885462555066,1.006016458676406,-0.9403688233830516,0.2064084445407004,0.2734627260921723,0.2104129554008877,-0.6883714963145398,-0.0977865953731818,0.7354362415972873,1.0430873749624328,0.5570270481578337,1.930982118626624,0.0,0.698859665570082,0.0,-0.9280876550488816,0.0,1.373331209152844,0.0,-0.1730396728093381,-0.6580302767929375,,-0.3355925397726486,,1.2123694361490476,,0.68581944108182,,1.2725039128635691,,,,,0.8274536851321892,0.297920974744051,0.588470607293279,0.5860178277900088,0.275790997146168,,,0.9740932642487048,0.0136227674068154,0.0,0.2049811218024807,-4.7804,-8.876760368816376,-0.6973684210526315,-7.993279648671869,1.9598478171693543,0.5689335108913774,0.0509374769139845,,1.0350552512493116,0.5218839406987833,0.3551492869555226,-1.3433056315898693,-0.2383246319360013,0.0457032689286937,0.1301468229142427,0.7093647589549128,-0.0145353590778768,0.0,-0.3404205503106145,0.3203497465468182,-2.627340549780204,-0.4635717388310326,1.5655923950846278,-0.4643191631524646,0.1269573245580833,0.452135391207412,0.0,-0.6540537744426296,0.5,0.5344405350551116,,0.5458146807528753,1.5750363045868208,-0.2876453636391248,0.1646548199996492,0.7936744719342351,0.0537111014132733,-0.3695703667129283,0.563968652368317,0.6724041075882525,,,,0.0,0.0,0.0,-1.285773105529764,0.4972984704431561,0.6812502164228157,0.3767035711081977,-0.0128755088784415,4.5,-0.0500245218244237,-0.6742107422390892,,53.74,0.1022531343305413
2017-12-31,0.938830359465454,2.278702574150765,,-0.0526096088957493,1.060397477250384,0.844569561431986,0.0,0.48940739076625,0.750840477719727,,0.7115321702301709,0.4776597039160115,0.8760532185503788,2.311409083326613,2.072375388992996,,0.1659265512373499,-0.1555549935598195,1.5781168079342889,-0.416592304963877,-0.23735148845281,1.4211700677482106,-0.961699425990031,0.1820055127161566,0.6279571890654634,0.1571438527677515,-1.7758020946130075,-0.0770483483426396,0.3692698186574318,1.5646680106095496,0.4520037855051561,1.8219875238011425,0.0,0.6903369867216663,0.0,-0.9945805744371812,0.0,1.3717629809398466,0.0,-0.1441405077405644,-0.6874020390976192,,-0.3032851953902035,,1.2178467047051484,,1.2495844548686257,1.1493416704608237,1.6081675612825848,,,,,0.938830359465454,1.13335414414163,0.5717570569752074,0.5693380552058773,0.3536968614367601,,,0.8756476683937824,0.9853801757596476,10.346041055718477,-2.1420325871658057,0.7964,0.4696330623326199,0.2598684210526316,-2.353674035084208,2.379469592846612,2.0278465759704662,0.5749592454874535,,1.016424256726824,-51.39557986301766,0.2775976217489336,2.4216281115052816,-0.1872401074818394,-1.8709219193401376,-0.0922559757366783,-0.5263028856762256,0.4942022086478119,0.0630252100840336,-0.6315494372278369,0.1695969246424331,-0.8362815435795983,7.549197840189566,-0.2150707164386738,-1.4299998650887256,0.6755588804134698,0.5295718570071128,0.0,-0.4033039359833908,0.75,0.4862384574853157,,0.5468463183262162,1.546685651104258,-0.0303724918128268,0.3265559712517522,0.7234753257313508,1.1145053543254222,-0.2311188881178605,0.5913755914863416,0.7802620048086646,,,,0.0,0.0,0.0,9.411878472864908,0.5369945777910053,0.6483693613315185,0.479223173405369,0.9132350198406318,18.0,-1.2986758214811185,-2.674902795429237,,51.886,-0.0161980923017632
2017-09-30,0.8553916753243597,1.78926485567103,,1.8243774632995715,0.8814924417337875,0.9026713124690288,0.0,0.4180138347837246,0.7465933250977183,,0.7804243530015937,0.824672384854995,0.7310107787910541,1.9629617134460613,2.49586784818864,,0.0278461054565731,-0.2680510365769111,0.9101297016388986,-0.4161255997162432,12.348418101722066,1.1528650914891412,-0.9666867971031736,-7.790166697835155e-05,0.71208379324396,1.0502891402500008,-0.1646200614799747,-0.0954823457031216,0.6590764128397149,1.2287755933335,0.3969249188695296,1.020729961840845,0.0,0.5624968039954319,0.0,-1.0054943058869323,0.0,1.3636450937196245,0.0,0.1737503080159473,-0.6942695374782102,,-0.3719383022028993,,1.037613565802505,,0.8865257438764621,,1.374055863033078,,,,,0.8553916753243597,1.371770686198518,0.4470482584480568,0.444881290539666,0.4120447681648605,,,0.917098445595855,-0.001946109629545,0.0,0.1502120990811892,-0.0052,0.0658947996596221,1.5855263157894737,1.8520850815634216,2.0299155030768343,2.449748462358203,0.9344854588884236,,0.8363246430094439,-0.4606898245816836,0.2747253378523933,1.986832613615028,-0.4426627297526487,0.4335532227099076,-0.1186148259471579,-0.2647859238495297,-0.1017475135451377,-0.2521008403361344,0.7070272967989686,0.2167071814875534,0.4994080879139838,0.5146288664526633,-0.1285107040729577,1.467042240720057,1.2063486974423827,0.3650193671827484,0.0,-0.3121221765436677,0.625,0.267521530512367,,0.4251130846719977,1.2726293341061512,0.0,0.2698905683135162,0.5509024246492602,-0.16113330423982,-0.0326161657948115,0.3836971476523446,0.5196054198593353,,,,0.0,0.0,0.0,-0.9609150420615644,0.3853913537489682,0.4539613056042232,0.266861140075514,-0.321579018451466,21.0,0.0990681706718979,-0.3771577487879033,,46.8619,0.0750354278398598
2017-06-30,0.8325200520103216,1.8019445893104007,,1.7681578025908455,0.8581949683465228,0.8806591953360522,0.0,0.3105723849608421,0.741477436712117,,0.7743667691215431,0.8177754831895412,0.7359098581278584,1.9795064894725949,2.1430893946406173,,-0.1321406546497106,-0.2575862883892746,1.073121468309449,-0.6466779920473426,12.35482579094914,1.1532779742430663,-0.9722112697208088,0.0313643374146454,0.6167403085083305,1.3326153842056223,-0.2307299072433045,-0.126589716248935,0.6290134881320091,1.2718387237535065,0.4529373256176243,0.7394060751966965,0.0,0.5624968039954319,0.0,-1.0325765283733523,0.0,1.3538667295679927,0.0,0.1457986565559858,-0.7018766126074804,,,,1.0478446900865426,,0.933071732465201,,1.400319298421744,,,,,0.8325200520103216,1.1671135663963812,0.4685830252040339,0.4663725359846046,0.5062489304241958,,,0.8911917098445595,0.3133236503567543,0.0,0.3918401404986518,0.0172,0.0688417942776732,-0.2664473684210526,1.3260078025266004,1.7765737581352374,2.098294990644556,0.290293284739836,,0.6127527087395925,0.2473412709880646,0.271853053955853,0.6923278358054092,-0.3507105857351574,0.4497136374507915,0.0313011346249444,-0.075186126525175,-0.159888949856645,-0.1386554621848739,0.4744322601613994,0.0659543595831684,0.3323333821391237,0.147362213205355,0.0817064688152098,1.0381663995660118,0.4392564786489202,0.2069199161750257,0.0,-0.8925291452849825,0.25,0.2874048875099078,,0.250422455586283,0.9324214923153978,-0.6003033675946952,-0.3304928675796992,0.2320813023111606,0.4833999127194602,-0.6714946754563894,0.4288240905104714,0.5285935779610363,,,,0.0,0.0,0.0,-1.2631085894738432,0.3470915918857167,0.4025849695240712,0.4321478458199332,0.3601412318556297,6.5,-0.1863658656204021,-0.8909791428656301,,43.4404,0.1752746291470613
2017-03-31,0.8270158509575358,1.9290800519344984,,1.7415471631887154,0.8573916071952378,0.8683733625176466,0.0,0.3213399376664033,0.7353962863669683,,0.7838638285945039,0.8532452631833044,0.6780858762586087,2.009071284893922,1.88741076974306,,-0.1543296310955468,-0.2628186624830929,1.1838053783642084,-0.6518117497713144,-0.3964757709251101,1.1493555880807769,-0.9735156590888614,0.0215093072547335,0.5720095775061055,1.7072747393920131,-0.2343299483492284,-0.1335024652591157,0.6147837037703617,1.267876915754866,0.6359111876614003,0.4654466882029184,0.0,0.5539741251470162,0.0,-1.089570459277609,0.0,1.342243391048129,0.0,0.1896211609635526,-0.7036727275685579,,,,1.0612794997524506,,0.928789501515037,,1.407887686254177,,,,,0.8270158509575358,1.0208227366257925,0.4618333221909664,0.4596364739794746,0.5984972969272819,,,0.8200624559585492,2.186778520398797,10.346041055718477,-4.559923854949881,-3.17,-5.847249901459867,0.2335526315789473,-14.231869990293305,4.368555243533576,1.8435766554983148,-0.4750542983082568,,0.8735866320544191,-109.2084862584169,0.2661084861627723,-1.2543701888395902,0.0443430700436942,0.1523620062185275,-0.1268519666379327,-7.083840703480627,-0.036338397694692,0.3487394957983193,0.650033811000359,0.6030112876175401,-4.608628636740772,-0.13868200711226,1.0585980369425767,1.3619534584505226,-0.5035782298990816,0.3166215760579354,0.0,-0.1192376854211764,0.0,0.4633424706396626,,0.1909313555236282,1.3293306410712766,0.217967294186169,0.4628227735556056,0.6123266775767839,15.012252845009902,-1.7207233505925057,0.5060833068173166,0.7173448980967575,,,,0.0,0.0,0.0,1.1922139832509226,0.286849258121644,0.5900058435444657,0.3646732096141418,14.393288271196033,16.5,-0.0725846002942618,-0.6726050503825962,,39.4458,0.2942924214998809
2016-12-31,0.4471217320832535,-0.5842122185041017,,0.1842625615570147,0.5992332476670916,0.3142823024075586,0.0,0.13407815148273,0.2595704034080697,,0.7930015398711904,-0.0685749079879422,-0.3366173742582627,0.2748910220779965,4.503301262245,,-0.1523509962532429,-0.2610745377851535,-0.2582409146957163,-0.1314353986596225,-0.2645841676678681,1.013930044793306,-1.0051279190675504,-0.7105786474815823,1.0813517086583528,3.822058113927518,0.723717354445429,-0.1323503404240856,-0.0317695969433621,1.0023496535851069,-0.0927168701200649,0.0191580093904735,0.0,0.5028380520565224,0.0,-1.237310046125168,0.0,0.4327632762279942,0.0,0.231785516555698,-0.7472021019193813,,1.183429563066244,,0.1770623343562247,,0.641786935876873,-0.5066990160096104,0.9896495377529472,,,,,0.4471217320832535,2.508487943985166,-0.0395731873511851,-0.0407567035444677,0.678684922933498,,,-0.4870466321243523,2.4436649914987445,-7.92375366568915,1.6450842486505577,11.0764,20.532772422024365,0.2730263157894737,22.98523838591485,0.1540362255165073,4.449642264001754,0.1120076830259302,,-0.0683136465824545,-0.070550241308557,0.0535594778187876,0.8800804371671097,-0.2655697116448876,0.5951573701187467,22.778988866268783,-0.3759306326258754,0.3052425406354132,-0.0336134453781512,1.7390714990981166,-0.9893153937475268,7.210998782125277,-4.0691414788839335,-0.4747507535358219,2.810474511354914,0.1483314111498516,-0.3415883832395223,0.0,0.1244981715426989,0.5,-0.0277161946026326,,0.0980839739229531,-0.1039523961027301,0.3573234330920805,0.0270388414353616,-0.560584056896408,0.4565443620128235,0.197580268495783,-0.0023626671653469,0.0432330404691818,,,,0.0,0.0,0.0,-0.6209473012227507,0.0869723758978002,0.0063706656739388,-0.0182061214140696,0.4244544630166764,16.5,0.2991662579695929,-0.0640478367717886,,33.7299,0.4987259725467634
2016-09-30,0.1725580060827363,-0.5613886979532332,,-0.4780050415917735,0.133004349956133,0.3264657532858108,0.0,0.2572027758984952,0.255323250786061,,0.7723133508571193,-0.0581310283231119,-0.3270419010090544,0.3180513073646049,0.2499065941865699,,0.0823998946800939,-0.215727295638729,0.060218054584644,0.4332779509772808,0.8450140168201842,0.0852191036308531,-1.0052046478539065,-0.6969693201178944,0.1376290383698193,3.910839951649411,0.7208809584225798,2.001384854051706,0.38069373004636,-0.2642231383281196,-0.0091650300541569,-0.1679002817289341,0.0,0.0,0.0,-1.0897725654155674,0.0,0.4246453890077719,0.0,0.1363235204678632,-0.7473077557406211,,1.198429401529522,,0.1987302709712405,,-0.7272236804951153,-0.6201726315683037,0.1419336200142627,,,,,0.1725580060827363,0.3676904474038704,-0.0302521689045681,-0.0314545226802405,0.6601048632491309,,,-0.5233160621761658,-0.2160181688795014,-7.92375366568915,-0.0495337484905798,-0.3204,-0.464564231589572,0.4769736842105263,-0.1707392386460944,0.1744290594746544,0.2122226947990669,0.1583028392720825,,-0.0248413260299834,-0.9519767072219172,0.0478149100257069,0.3168226330820083,0.0579656098981374,0.4529457203989683,-0.168037670091807,5.861248906940824,0.2543687838628443,0.3655462184873949,0.1601979060285244,0.0376882054760962,-0.143012316084459,0.436937843650348,-0.4500193214313316,0.4587579784042552,0.2124536709251565,-0.3125497085646344,0.0,-1.723685952485536,0.25,-0.0162682011798061,,0.0967084571584987,-0.0378008713100836,-1.5668632541087728,-1.4003896421040134,-0.5050097328191245,-13.49491423008493,0.1125076732144763,0.0023626671653469,-0.2623643349886524,,,,0.0,0.0,0.0,-0.1072182706218765,0.0807885601802961,0.025688168040076,-0.0323287196897003,-12.914109679784422,14.0,-0.8013732221677293,-1.8736625590392824,,37.0859,-0.0790704823126849
2016-06-30,0.1795216543843669,-0.4536954935761722,,-0.6601567422880447,0.1481983543391317,0.3212954653080651,0.0,0.2330928209273473,0.2503038885964145,,0.8093775505299712,-0.0498547463245672,-0.1830386598969308,0.3347399510087602,0.2704875361287881,,0.1321484278580196,-0.2227037944304866,0.0995399699988349,0.6017585453730842,1.0377786677346148,0.1128822481438425,-1.0074297826582317,-0.6537949022744706,0.1383129945013518,4.518107721667163,0.428732168069119,1.832022503302278,0.4538468468351105,-0.2606919616336791,0.0841889811926675,-0.0176644888613783,0.0,0.0,0.0,-1.2292258006068335,0.0,0.4150515222929636,0.0,0.3073497268584754,-0.7503717165565772,,-0.4036687297213722,,0.209891497462918,,-0.7234069094308386,-0.6044436155502669,0.1466215020298741,,,,,0.1795216543843669,0.3573375579124133,-0.000682041418749,-0.0019441558006234,0.605342582074154,,,-0.5025906735751295,-1.596458599436796,-7.92375366568915,-0.7873047016185656,0.1284,0.3709087426279088,0.1809210526315789,-1.1399794429584984,0.3720826809151571,0.2327263378758541,-0.1450781846388731,,-0.0103505525124931,0.2473412709880646,0.0478149100257069,-0.1871448758362402,-0.5550486835518048,0.4561778033471451,-0.3228959150783743,-0.2713238478951971,-0.2180303861681523,-0.3907563025210084,0.021565102734609,-0.1601748732734091,-0.4508293011805326,-0.3788178957739615,-0.2892650127521446,0.2031366161270097,-0.0760964980637155,-0.3254557861979179,0.0,-0.1560610882718338,0.125,0.0494071295090407,,0.1066809537007934,-0.0157503630458682,0.0107197029927624,-0.202321122838451,-0.4903849106935237,-0.5908221155460069,-0.0226076251734813,0.0288245394172327,-0.3702222322090646,,,,0.0,0.0,0.0,-0.5756182691109089,0.0869723758978002,0.0708993437906097,-0.0312826012989129,-0.5273813581668156,8.0,0.1363413437959784,-0.3578894465099886,,34.2616,0.0402024423844771
2016-03-31,0.1754769005804258,-0.4288432156430043,,-0.6564087649074629,0.1397805266234933,0.3237014409016696,0.0,0.250414536149337,0.2459119466804737,,0.7975703955095336,-0.0344845083272698,-0.1813314049765293,0.3619309307393235,0.4699643580302877,,0.0925757310119424,-0.1974139863103652,-0.0312903535088741,0.4696809602927175,0.8866639967961554,0.0907242070165226,-1.0077366978036555,-0.6491020307697506,0.0985067476461607,4.89631835036243,0.4153138330379481,0.4068440823700129,0.4370116089987954,-0.2640508858064396,0.0715861896743462,-0.1649544818687859,0.0,0.0,0.0,-1.154042317286325,0.0,0.4066568889175065,0.0,0.2528676943517707,-0.7507943318415365,,-0.4036687297213722,,0.2232574106690009,,-0.7270374965407603,-0.5752325858024846,0.1488242417721493,,,,,0.1754769005804258,0.2851674152255894,0.0025321028731878,0.0012634927732479,0.6095801395460272,,,-0.4818652849740932,0.5987530626900295,-7.92375366568915,0.5786991591948228,-0.474,-1.475383385581092,-4.246710526315789,-2.4423066201393246,0.8079141451232499,0.43145395538933,-1.1320515156738653,,-0.0103505525124931,0.2473412709880646,0.0506871939222472,-0.5922952261430675,-0.0714485187190725,-1.218041163808428,-0.1466211042957924,3.2722309848565336,-0.2471011043239059,0.2058823529411764,-2.051765488749948,-3.4767369551698795,-0.864429999443841,-0.0221454729087872,0.8236494319499188,-2.512130298729065,-1.2611708546517582,-0.2254336845399709,0.0,-1.4063032898203456,0.125,0.0259086166937652,,0.0031733171755964,-0.0157503630458682,-0.5306252981417395,-0.6124707060104453,-0.4933098751186439,-6.848165430192353,-0.5096899354115512,-0.0080330683621796,-0.8915354021077231,,,,0.0,0.0,0.0,-1.859940845613094,-0.0023937351164532,0.0672002475928388,-0.1081723030217914,-6.688588903395096,130.0,-0.3962726826875919,-0.8379913116013645,,36.2366,-0.0643631024985788
2015-12-31,0.2090441873038545,-0.4112606516630759,,0.0695744537112144,0.1791102942907498,0.3487338252691707,0.0,0.2689066375349748,0.2454293157007,,0.8028579475404253,-0.1071975573144844,-0.191500706024138,0.3595571150485599,0.909816027487695,,0.2046512617224398,-0.0500354493344856,-0.1837234577070954,0.7109675733193944,-0.2725937792017087,0.1190066756603999,-0.9921607541733792,-0.6988464687197823,0.2181306750511936,5.764604723282549,0.4722599378043807,0.9840586247201056,0.0023017177253709,-0.2731802694554809,-0.0156998108414347,-0.1237132838267118,0.0,-0.0426133942420781,0.0,-1.115035832660362,0.0,0.4057344017333903,0.0,0.2772661697786863,-0.7293466061298445,,-0.4036687297213722,,0.2184691067111516,,-0.7369052461215729,-0.410826918375863,0.1676322503408069,,,,,0.2090441873038545,0.6104582038847042,-0.0315378266213429,-0.0327375821097891,0.681292650608497,,,-0.4093264248704663,2.361928387057852,1.2609970674486803,1.6579710775261558,0.5716,-0.0976634016422127,0.0888157894736842,2.6126098436492606,0.3192704698953403,0.869653609350923,-0.2248634539141569,,0.0289815470349807,0.0450466722538508,-0.021119903491261,-0.0883277172248189,-0.1259386781368452,-2.4106797716856607,1.1663791218137196,-0.4151581768998799,-0.2107627066292139,0.1386554621848739,-0.873386660751667,-0.2732394897016978,0.7409399995232923,1.0619974361962474,-0.5242136177448026,-2.5007693492945204,-0.1734673369817711,-0.2576988786231796,0.0,0.0455908797198615,0.25,0.0,,0.0846726854695223,0.0441010165284309,0.0125063201582228,-0.2036702990988851,-0.4962348395437641,0.1342777535331833,-0.0242757152770364,-0.0051978677637632,-1.0353459317349392,,,,0.0,0.0,0.0,-0.4320763340900763,0.0580480765739905,0.0450056704062131,-0.0736503961258051,0.0128497835859771,904.5,0.2305051495831289,-0.1138242843230684,,38.6608,-0.1046046641559409
2015-09-30,0.2190101270888228,-0.3635848531790395,,-0.6327965074097981,0.199543610529955,0.3436147282615018,0.0,0.3433431975429849,0.2409408475888045,,0.7832478031151767,0.2666145129531203,-0.1831871168465309,0.2640290169475334,0.4166649955645432,,0.1437375747915137,-0.0038161448390914,-0.0352953634121713,0.3712061530419848,,0.0745529658211183,-0.9209564404349732,-0.6674042296381585,0.3370706463246942,4.013826883406808,0.4183684133702472,3.153509689081832,0.7167972282785098,-0.2794674864968018,0.0001703710705254,-0.2327078786521934,0.0,-0.1022721461809876,0.0,-1.2268005269513336,0.0,0.3971552709211099,0.0,0.1867786201371158,-0.6312998600192522,,-0.4036687297213722,,0.1750298887913822,,-0.7292717039930198,-0.0610435621652376,0.2250164446523868,,,,,0.2190101270888228,0.6125587901583331,-0.0100030598653659,-0.0112463366648506,0.6558673057772577,,,-0.3730569948186528,-0.7194118597218231,,-0.5376223921538542,-0.4052,-0.5662355459123343,,-1.3687086947136382,0.5587555456089653,0.3783547771648298,0.1366327661355857,,0.0641734255774573,-3.206116521688871,-0.0239921873878014,0.3168226330820083,-0.1463724879185099,0.4529457203989683,-0.8484254911498101,-0.5001511894935561,0.9738690582177468,0.1134453781512605,0.2510794104100912,-0.9422051369024064,-0.5234704776043848,0.2250532360076702,-0.5118479016925573,0.6263319825637829,0.0687723110582696,-0.2286602039482918,0.0,-0.1578145836456747,0.0,0.0066277856658469,,0.059225625327115,0.0976522508843828,-0.1536490762295946,-0.3183502812357915,-0.4728351241428026,-0.0537111014132733,-0.1944209058396498,0.0099232020944571,-0.9724288250230322,,,,0.0,0.0,0.0,-0.5605085917402949,0.0504679153718886,0.0565139696881672,-0.0548202650916308,-0.0771887400394883,-8.0,0.1333987248651299,-0.3883975917833536,,34.425,0.0170167029774874
2015-06-30,0.2690483184777848,-0.3735595769753451,,-0.650037203360474,0.2167634821640202,0.4407239984969819,0.0,0.3044863769098727,0.2373211152405017,,0.7723133508571193,0.2664174586198216,-0.1723497595257216,0.0641968960705365,0.6583591342705929,,0.2045099306622752,0.0886224641516969,-0.0971909710085828,0.6031586611159856,,0.1024913655033913,-0.922644473734806,-0.6950921715160063,0.6952584724082607,-0.979263670072486,0.6158252134224369,7.902568259076007,0.7454572164998559,-0.273955405803041,0.0477809168064059,-0.2430181781627119,0.0,-0.0170453576968312,0.0,-0.7807522804772393,0.0,0.3902366170402386,0.0,0.1363235204678632,-0.6336242440865292,,-0.4036687297213722,,0.0773002605293792,,-0.7377430739161702,-0.0033705034324364,0.2285747165437545,,,,,0.2690483184777848,1.3684697649113868,-0.0289665111877934,-0.030171463250692,0.6676020803147528,,,-0.3782383419689119,-2.371010231995729,,0.5915859880704208,-0.058,0.0835767673679286,,1.115862802476566,0.3438464492807996,0.6191411497076128,-0.1135580782585141,,0.0,33.16356240788371,-0.021119903491261,-0.4638329199482198,-0.177023202591007,0.4561778033471451,-0.0889611194603684,-1.6508258215310183,-0.443328451875243,0.0756302521008403,0.0,0.1130646164282887,0.2655943012997095,-0.0857108552015905,-0.3510935930133704,0.1633732931061048,-0.0012871949925264,-0.3351353444228805,0.0,0.319136158039031,0.25,0.0433818698128162,,0.0743563097361139,0.0,0.3680431360848429,0.0756091868109925,-0.4728351241428026,3.4240827150961763,-0.1677314641827693,0.0108682689605959,-0.9634406669213312,,,,0.0,0.0,0.0,0.0589881804548768,0.0544574738993107,0.0680222689701212,-0.0673736857810803,3.228511341638315,-1.0,0.3197645904855321,-0.0833161390497033,,41.8065,-0.105316158970495
2015-03-31,0.2475735946733553,-0.3407613326281711,,-0.6200533843158204,0.2205357867004888,0.3826734384300159,0.0,0.3023796818153064,0.2323017530508552,,0.7506497881674468,0.2699644366191979,-0.1753931269925242,0.0753466364362437,0.4414676691872163,,0.207477882925731,0.0406590349583633,0.0198038637422812,0.6372281441932534,,0.1122629240129547,-0.9230281176665864,-0.7133943703844142,0.616877099734637,-0.977488033318048,0.4754236102914048,7.319593092550764,0.7883469890828493,-0.2680126938050802,-0.0044973294918157,-0.225343379001823,0.0,-0.0511360730904938,0.0,-0.9026222816661288,0.0,0.3806427503254304,0.0,0.0363608347381703,-0.6341525131927285,,-0.4030918128574,,0.081296255199239,,-0.7313197274909243,0.0033705034324364,0.2334885205842146,,,,,0.2475735946733553,1.1692141526700102,-0.0415016739263472,-0.0426812926887905,0.714215212505358,,,-0.3160621761658031,-0.2562377678900993,,0.2315602063584016,0.8012,-0.1757587590205663,,-1.2557736266595378,0.5626772444470706,0.4030642957445477,-1.0384761998571743,,0.0393320995474738,3.4262563939542816,-0.0096307679050997,-0.9183918495607576,-0.3643331255896005,-3.890973761950627,1.822055520799398,-18.15254611279553,-0.3052425406354132,-0.1554621848739495,0.2449179524859172,-0.8008743663670455,-0.4876038967451078,-0.4423832780667648,0.7741865677409383,0.171894005182013,-1.1388635813766397,-0.4383839654891484,0.0,-0.2647778014499653,0.125,0.0494071295090407,,0.0275887397446628,0.0598513795742991,-0.3340974099410952,-0.4478712022374739,-0.4582103020172017,0.4565443620128235,-0.3662341865058183,-0.025516805385747,-0.9724288250230322,,,,0.0,0.0,0.0,-0.5151795596284531,0.0,0.0610350872632205,-0.1390327955500216,0.4630424017133044,13.0,0.0676802354095144,2.334855796828598,,39.2632,-0.0473624156971413
2014-12-31,0.2096279662033924,-0.3037365104012066,,1.0286818654020742,0.1691556017639575,0.3648589808433279,0.0,0.3194673198045665,0.2284889683106429,,0.6548578261320703,0.0465048226584895,-0.1596566903349107,0.267266038344029,0.6623170077210195,,0.3948828687039398,-0.1895654251696379,-0.2101807958561497,1.3209513319767767,-0.2416232812708583,0.0394579317374749,-0.8429999934972353,-0.6026426028730228,0.2937762231986874,-1.0041225846346162,0.3904408217606557,0.1464638696532046,0.0359721933980013,-0.4853092499044321,0.0048380716328666,-0.1487525826379711,0.0,-0.0596587519389094,0.0,-0.7906554812371988,0.0,0.3733551015709127,0.0,-0.4056542637727469,-0.523955577639552,,0.7109346514729842,,0.1813339148653852,,-0.9661907859097008,-0.0992426010661838,0.0755125447087332,,,,,0.2096279662033924,0.3606384791995446,0.0343521313633628,0.033019213654575,0.666950148396003,,,-0.2849740932642487,1.0048412720550983,-0.1642228739002932,0.3886184332797523,-0.4044,-0.3967833553743972,0.0,0.5840672921458664,0.4450262793039141,0.6230841579916103,0.1789879090841931,,0.0890147516074408,-7.049713897638933,-0.0929270009047694,-0.5824135102819253,-0.1327499480640668,0.4561778033471451,-0.7050992431303277,-0.3105513921692014,0.0726767953893841,0.1302521008403361,-0.0677760371659142,-0.744342058152901,0.0967035661142532,-0.0751166248194566,-0.5860421980060283,-1.2141418258323848,0.2670763366596755,-0.2835110338897466,0.0,0.0,0.0,-0.0066277856658469,56.34986945169713,0.0973962155407259,0.1354531221944666,0.026799257481906,-0.1658933638067278,-0.4377355510413604,-0.3356943838329584,-0.0009224538272659,0.0311872065825797,-0.9454643507179292,,,,0.0,0.0,0.0,-0.1676569801043323,0.0915603682043356,0.0544589162449611,-0.0051296415292263,-0.3730296033803034,281.5,0.0215792054928886,0.1077611918729512,,37.9521,-0.0144524281923794
2014-09-30,0.235460182507944,-0.3213190743811349,,-0.2726158811358957,0.1651387960075326,0.4345810820877792,0.0,0.3274259457173727,0.2199946630666256,,0.6271880150189578,0.0746835923202014,-0.1610670313561119,0.2743874854163194,0.5435808042082222,,0.4360102072118272,-0.0055602695370308,-0.1002250694201716,1.3886235928836783,,0.0708370210357914,-0.8430767222835914,-0.6322076933527587,0.3760561458220463,-1.0183276786701192,0.5524426715272313,1.1453561016243232,0.8787361827040178,-0.4585239827831882,0.0295768846132751,-0.2945696757153046,0.0,-0.1278401827262345,0.0,-0.3706789265597326,0.0,0.357119327130468,0.0,-0.5333317225601983,-0.5240612314607919,,0.7738185896459576,,0.1825740511422383,,-0.9372391810075053,-0.367759374516953,0.0525814591865861,,,,,0.235460182507944,0.4232059417783503,0.0141030223241605,0.012811027639185,0.6262044034741452,,,-0.2953367875647668,2.9250027732062223,,-0.267804412571021,0.3156,0.2353469901975591,,0.0022372579937299,0.4337840759680125,0.5047939094716842,0.142542786081903,,0.0062103315074958,-40.35607461780771,-0.1044161364909307,-0.2661986027253772,-0.388172570334876,0.4561778033471451,-0.0049422844144649,-0.4151581768998799,0.0,-0.1848739495798319,0.5468293907704441,-0.593589236248516,-0.0880774264139207,-0.234030080551465,-0.561310765901538,1.1716575554219066,0.2350152067720231,-0.4577430819390736,0.0,-0.1508006021503113,0.125,-0.0313313504203673,,0.0128019345267775,0.0094502178275209,-0.1214899672513073,-0.3196994574962257,-0.5284094482200861,-0.3222666084796401,-0.1643952839756592,-0.0051978677637632,-0.9634406669213312,,,,0.0,0.0,0.0,0.6482655979088207,0.041291930758818,-0.0063706656739388,-0.0082679967015887,-0.2444031410582099,0.0,-0.0196174595389897,-0.4815277194599416,,34.8753,0.0724954337310358
2014-06-30,0.2137978154858059,-0.4339151090987528,,-0.5904443630092248,0.1040134910184572,0.4711314347225355,0.0,0.2930165925061227,0.2160853521304586,,0.6170235946100594,-0.0167496183303881,-0.1831128883717308,0.0660671750996229,0.5322349003169993,,0.2989190788522024,-0.2671789742279414,-0.2086030646821235,1.0992663393507196,,0.0064273114234576,-0.8453785858742726,-0.6026426028730228,0.4987578758189754,-1.1799106233239651,0.7353902150010003,3.712290234071442,0.9448746170609704,-0.4857398812086322,0.0888566817550087,-0.1516983824981193,0.0,-0.1534082192714814,0.0,-0.1639243474283332,0.0,0.349647180939127,0.0,-0.580233646196405,-0.5272308460979878,,-0.3748228865227605,,0.0849822157998856,,-0.9666562457955882,-0.5415275514781203,0.0085266643410818,,,,,0.2137978154858059,0.7510474423411574,0.0343521313633628,0.033019213654575,0.5157019432460668,,,-0.310880829015544,1.948055739174603,,1.3857368175291478,-0.2748,-0.2774300733433285,,2.0993985850236663,0.0389997262654211,0.4934906190575579,-0.1539432145583491,,0.0993653041199339,0.3051397277692685,-0.0986715686978501,-0.1574997282528138,-0.5959163031151343,0.4561778033471451,-0.574952420216085,-0.3563168604888733,-0.1380859112398298,-0.4411764705882353,0.189464831168351,0.0,0.577951359922274,-0.4106005869203631,-0.4500193214313316,0.5127224882183404,-0.0998454831656803,-0.3674005385060892,0.0,-0.1174841900473356,0.0,0.0801359539597856,,0.1063370745096798,0.1512034852403347,-0.0786111552802577,-0.2481931156932135,-0.4435854798916008,-0.4162610359528685,-0.1143525808690082,0.0933253530312045,-0.9364761926162282,,,,0.0,0.0,0.0,0.6407107592235137,0.1304585638467004,0.0930939209772354,0.0832673624923143,-0.3473043109158847,0.0,0.0,-0.5971375331274301,,34.1138,0.0964360464093709
2014-03-31,0.2176966245648625,-0.4026384327883034,,-0.5915687562233993,0.1180548467930905,0.4602789490662773,0.0,0.2775674951459697,0.2115486209205857,,0.6102473143374604,0.0,-0.1808860341277289,0.1021060133139409,0.1338089729740569,,0.3459823218870014,-0.2924687823480628,0.0232020539632607,1.2934157223663822,,0.0339528283518054,-0.8456855010196968,-0.5965418699168868,0.4763925103178629,-1.1941157173594683,0.6888078649334396,5.434716862441479,0.8925651280695625,-0.4871179013820724,0.0664517190557708,-0.1340235833372303,0.0,-0.1789762558167283,0.0,-0.1602864369450828,0.0,0.340975801408435,0.0,-0.6115015952872095,-0.5276534613829472,,-0.3742459696587883,,0.1026886059749541,,-0.9681457174304278,-0.509695019060665,0.0124238192697225,,,,,0.2176966245648625,0.7487968141908407,0.0385305189428808,0.0371891568006079,0.5496024030210526,,,-0.1502590673575129,-0.4560383565233919,,-0.0825562474842997,0.9684,-1.062804139053941,,-2.08205804862498,0.4089466499933462,0.0965611184684725,-0.7094850895121771,,0.0952250831149366,0.3051397277692685,-0.0699487297324467,-0.5428866468373569,0.2214360881514554,-6.625315936108184,2.1729577142264067,0.1013378227078447,-0.159888949856645,0.5672268907563025,-0.9534856137659292,-0.0471102568451203,-0.7500201465762738,0.2992128486826074,0.4155808022258289,-2.077573982857748,-0.7660045152757925,-0.1996215292734039,0.0,-0.6680817374333562,0.0,0.0644702787496019,,0.0131458137178911,0.1449033400219875,-0.6324624765729824,-0.6488984650421685,-0.4055609423650385,-0.4699721373661418,-0.6314605129710686,0.0940341531808086,-0.9095117183111252,,,,0.0,0.0,0.0,-0.817373107040732,0.0692188404507722,0.1091233378342428,0.0644372314581399,-0.3601669571480941,0.0,-0.1186856302108877,-0.7432554920682837,,31.9307,0.1713993116342577
2013-12-31,0.2446130016828417,-0.382012732734926,,0.9904524961201406,0.1010445476332736,0.5514500667728615,0.0,0.4065440503799746,0.2123208304882237,,0.6089125924655848,-0.0541899416571382,-0.1815540904009295,0.1034008218725391,0.5071683684642976,,0.2500185320352641,-0.2724113483217596,-0.2946500956347819,0.731035898967648,,-0.0488989776025212,-0.7022793993202558,-0.6167212173871828,0.566401137227539,-1.199442627622782,0.870773579014684,5.015343422490513,0.1161399926185498,-0.4870317751212324,0.0281765744445728,-0.204722779980786,0.0,-0.2045442923619752,0.0,-0.1760507157058347,0.0,0.3424517809030208,0.0,-0.6176604337444891,-0.3301864694856444,,-0.3667460504271492,,0.1018274002271395,,-0.9680526254532504,-0.4381654462167363,0.0232680764624621,,,,,0.2446130016828417,0.9064908265897011,0.0247096984875522,0.0233962679329607,0.5795912712835398,,,-0.0518134715025906,1.5190008413680631,-6.457478005865102,1.072992005534893,-1.3877104,-2.119382751977249,,0.7878450416501672,0.2540275193450867,0.4685182332589068,0.5602442808244478,,0.1524118857464611,-0.2574704505389706,-0.4283638034783358,1.2163749913534987,-0.5168715156097279,0.3338725525051875,-0.2612821027113784,-0.4154981489502545,0.193749068828559,-0.3436554621848739,-0.5233449938924548,-0.0376882054760962,0.1614945014034502,-3.263125368590932,-0.5619537831362548,3.3464130997427457,0.7069099156465736,-0.2028480486817248,0.0,-0.1174841900473356,0.125,0.028001189386264,0.1436031331592689,0.105305436936339,0.2319240958504093,-0.0750379209493369,-0.19557524153628,-0.3353617961621541,-0.3917419181577092,-0.1210249412832283,0.1188421584169515,-0.9634406669213312,,,,0.0,0.0,0.0,-0.3338634311810857,0.1512042681892949,0.0935049316658766,0.1392346963994435,-0.3344416646836753,0.0,0.1269455615497793,-0.3987543042577328,,31.6047,0.1834822035963004
2013-09-30,0.2692042082932078,-0.3495740856337646,,-0.4828864073322431,0.1939042248204086,0.4759555181696525,0.0,0.4303501731030396,0.2000349762671042,,0.5929512696253044,0.1989878304170113,-0.1851075559465581,0.1566432778682905,0.3508202296938664,,0.5079003709304339,-0.2260394329152957,-0.01618163569459,1.5183097802751695,,0.0682183121690207,-0.6995763209057189,-0.6461131409083944,0.6007322468541993,-1.157667221701122,0.6941791262634781,6.282715304768702,0.8806239339561637,-0.4857339384966342,0.0800207245904967,-0.2298916939858918,0.0,-0.2412429474832529,0.0,-0.3669419840688826,0.0,0.3189689471441596,0.0,-0.6913111403142701,-0.3264643910171853,,-0.3604559258592599,,0.1251670405433533,,-0.9666498224491628,-0.1315200399367206,0.0703660974631851,,,,,0.2692042082932078,0.9826346783387244,0.0045791913727224,0.0033064441499466,0.6099611937525364,,,-0.0518134715025906,-2.410250289159456,,-1.775374921143682,0.2974248,-0.188663648453012,,-3.904458361984055,0.9572665549941136,0.3127573141489332,-0.5261513457607919,,0.1753217986776134,-7.989863595641997,-0.424138673866525,0.249775190964159,0.3256927912924725,-0.675077085178314,-0.0857700511567622,-0.3840507342905944,-0.0039463499896435,0.6958529411764706,-0.2051041517443857,0.4013699662690561,-1.328788719733316,0.6905919702796524,-0.5024746889249556,-2.957723776976042,-0.5704696213372756,-0.2964171115230301,0.0,-0.308615185795986,0.0,0.0480171020971217,-0.2898172323759791,0.0630082964293648,0.266785949416134,-0.2590594889917583,-0.335889572621436,-0.3382867605872743,-0.1093692302527778,-0.3328723844347176,0.081275750487935,-0.900523560209424,,,,0.0,0.0,0.0,-2.5474311659760285,0.0941535812471599,0.0951489744204415,0.0539760475502653,-0.0128755088784415,0.0,0.3068788621873467,0.2052812810851907,,27.2511,0.3725537684717313
2013-06-30,0.2435777532014969,-0.3975959563145982,,-0.4850576106288141,0.1984852695350012,0.4063269428275314,0.0,0.4256953132529789,0.1970191118006942,,0.5236901902626777,0.3045133817134564,-0.2123214220631819,0.0676190031571029,1.0605460968243607,,0.4496647662585661,-0.3040044231002339,-0.3824832396403744,1.361451079955943,,0.0456193122605086,-0.6749144613103055,-0.6807089896411901,0.6063526563650676,-1.1368194705672672,0.6167779152096501,4.091728722990593,0.7561135212112473,-0.4850716275507745,0.0431967680841306,-0.1807911019169424,0.0,-0.2421974875142755,0.0,-0.4214934622959126,0.0,0.3132045092280544,0.0,-1.010904164269013,-0.2925055624095537,,-0.3637956975847952,,0.0799948699696014,,-0.965933945144668,0.0690305317989678,0.101046590840175,,,,,0.2435777532014969,1.10088388169138,-0.0191154803474361,-0.0203403411366334,0.6492231416273199,,,0.0,0.4437039136913353,,0.4257276678806462,0.7189808,1.3191234164508607,,1.6549976626729586,0.6437570606919498,1.0198175596353716,-0.3346332093870817,,0.1735373634244596,-0.084999855503858,-0.4217001048383622,-0.6442434064250917,-0.3339276166344834,-0.4773059295793767,1.500587925916804,-0.3396582300205127,0.0975249917330145,-0.1179495798319327,0.5229691449590802,-0.1791320406278855,0.4368159102336662,-0.3128829372856875,-0.418511476930211,-0.2244469170288561,-0.3561682793711862,-0.2770579950731048,0.0,-0.3559595608896885,0.0,0.0357147268493706,-0.3733681462140992,0.0568184709893198,0.2640705868270264,-0.2983650666318871,-0.3655714503509882,-0.3382867605872743,-0.4323877941522038,-0.3378766547453827,0.1001770878107106,-0.9095117183111252,,,,0.0,0.0,0.0,-0.507624720943146,0.1095133815777347,0.0889838140908232,0.1036666711126698,-0.3344416646836753,0.0,0.0157479156449239,-0.580992301510394,,28.9158,-0.0712558395163505
2013-03-31,0.2390590334788702,-0.3274728027109946,,-0.4835389301942024,0.1819862573548586,0.4192333125852066,0.0,0.5019349701847051,0.1914409594626657,,0.5105273171686109,0.3015790456363056,-0.207336831523408,0.1032032196997353,0.7441447220174389,,0.3771212290488186,-0.3012085912094371,-0.3379398835877121,0.9470504228349544,,-0.0116414012814022,-0.6524822635176124,-0.6699890632629583,0.5561327670336154,-1.151365486859622,0.591707992593079,4.463697986604244,0.7867576624633019,-0.4802643180494675,0.0362283579146114,-0.1134339152147248,0.0,-0.2123084527928818,0.0,-0.3544443468159517,0.0,0.3025425868514765,0.0,-1.0716419184994983,-0.2616169281933312,,-0.3633133950865144,,0.097822621258652,,-0.9607378302545528,0.063453846619811,0.1033581120374149,,,,,0.2390590334788702,0.9694053360292858,-0.0117734105413647,-0.0130131094993389,0.6903626534281025,,,0.0466321243523316,-2.3587445517039165,,-1.301175862727888,1.7969048,-6.33895595348169,,-9.249922446488076,2.32460842490718,0.7046045399271648,-0.5870935014405674,,0.1425333184285377,-0.084999855503858,-0.4130114460513277,-0.9578198958467148,-0.0910343253947982,-2.531343124389944,-6.009498246930533,0.1454426583199169,-0.0184235676312088,0.181718487394958,-0.0240343069977218,-0.4672112612357962,-3.026432535074905,-0.1730814731630487,0.4989999227142747,-1.623780739356388,-0.641571707834048,-0.3319088250145596,0.0,-0.4383738434602074,0.0,0.0786651880679372,0.0600522193211488,0.0722930345894323,0.2168919493594327,-0.3448171129338576,-0.3979516806014088,-0.332436831737034,-0.8792507301352849,-0.3578937359880431,0.0869461516847677,-0.882547244006022,,,,0.0,0.0,0.0,-1.376431169753448,0.0959488825844998,0.1124114233433726,0.0445609820331781,-0.7460463441143746,0.0,0.0830416871015203,-0.4708322060038424,,28.7741,-0.0066534968097972
2012-12-31,0.7508732355028661,0.100372517894591,,1.092931942446434,0.8951744505725765,0.6307940739438973,0.0,1.179958635041818,0.1981581209129602,,0.720412998881978,0.7382116432508644,0.2639746423653527,0.8262143200215744,2.440500628774162,,0.7832854963027441,0.1465483336196604,0.5048713663637423,0.3659146489443127,,0.9086424652458522,-0.6061312476965779,0.3960225098274595,1.3923180406954925,-0.9249380635704592,0.0738061881870214,4.725953858552482,0.8430334533211465,0.7787918905752076,0.5413029652734748,0.9308683371070255,0.0,-0.2363253617877171,0.0,-0.4957175477795331,0.0,0.3153815789825686,0.0,-0.1031614916730431,-0.197792616974364,,1.448988433970711,,0.5223149303511477,,0.4001482769012482,1.1591663134659944,1.0942817088092434,,,,,0.7508732355028661,1.9681847453624304,0.7183371431657007,0.7156219061227115,-0.6919497816842987,,,0.0466321243523316,-1.0373607639647962,-8.466146627565982,-0.5903271059746359,2.9406656,4.326672879913653,,3.9509833213488736,1.5911945311648257,2.3945891937389234,0.4401516905119554,,0.4901545544501165,-0.4357786897089847,1.2767905099740058,0.8249108175143532,-2.2827136780517043,-1.6120062185275923,24.56571199578917,8.642167975613543,0.7928747669800248,-2.522252100840336,2.2587411833388016,0.19694913976671,1.165988493183647,-6.553100048380319,-0.1361898137414019,-5250.839072861319,0.4642451607732076,2.234564734465519,0.0,0.122546531191614,0.5,0.9265475653582514,,1.3898750962002038,0.7458647421823072,3.0347497038682048,2.680029358075427,0.8076470269930341,-18.81396488636745,2.6452072435144656,0.9447391642029462,0.5583623575938701,,,,0.0,28000000.0,0.0,-2.8080277715870072,1.1848861160570554,0.9357492678615228,0.8957927472088908,-18.38325540713491,0.0,0.5820284453163316,0.3460105381556542,,25.4966,0.0985033298557453
2012-09-30,0.6679514875773127,0.1631737170423608,,1.1878779542377584,0.7460875613357507,0.6458039830439638,0.0,1.4864408714765598,0.1819446640415402,,0.6781002621252584,0.6330920238810146,0.2591347231229641,0.8394164758202775,1.7003215640249356,,1.208098679607504,0.1935873767230862,0.3360398097984388,1.2220056191311814,,0.6198768776746416,0.3172416124071061,0.3479679749062775,1.1147454564067478,-0.7353213658375479,0.0723826446600153,3.730233426252201,0.7099256453683205,0.259393522125255,0.5515453006174201,0.6483838053179788,0.0,-0.254265600763632,0.0,-0.326400503325126,0.0,0.2843916367680882,0.0,-0.2984061459048965,-0.1327489550044675,,1.316575052268668,,0.5251098185886455,,-0.1612579723678342,0.6934919417348562,0.683435898402583,,,,,0.6679514875773127,1.417611780447923,0.6854246270306964,0.6827759054911254,-0.6278466199774757,,,0.0880829015544041,0.5793879744696365,,-0.0314978260523756,-1.5287288,-2.593704482747188,,1.290514740885497,1.344343982140061,1.657190128179313,2.4262749636780025,,0.8440420149627587,-6.326279513336994,1.2582097054472865,-0.5032807296658992,-0.2424795065916064,0.4554214959372717,-2.385999826196332,-0.1823557774817551,1.8441518799670047,-0.005126050420168,4.241205674086602,1.377824259897865,0.3210612875875525,2.9455209359649404,-0.1209923487131926,5.47973810171316,2.686806993482388,2.307384050991913,0.0,1.8727330592620064,-0.75,0.7633540090119809,-0.8903394255874674,1.1482910235839228,1.2843728047931504,0.7329989977077702,1.1724894865439903,1.307672620431754,-0.1428043908825405,1.934062066296573,0.8007079023360812,0.2502662741837629,,,,0.0,0.0,0.0,-1.9883731032633123,0.9726543689854912,0.8337351819087069,0.7067539234016422,-0.0771887400394883,0.0,1.454444335458558,1.7741578346924176,,26.7885,-0.0563421895102174
2012-06-30,0.6388053252540558,0.1671975882470365,,1.177457827524265,0.7856935455240663,0.5164333956016027,0.0,1.3212300969249449,0.1528209732504675,,0.6216906036414421,0.7020545377425554,0.2330060773079173,0.8205827659973777,1.4511940112625248,,1.3260378946731688,-0.0086482423147325,0.6699794773583441,2.089112233277951,,0.7442498248947037,-0.5617581465302294,0.2872534805268124,1.045888036073488,-0.7184208552088083,-0.1675124217781977,4.23922835287049,0.6736974160615584,0.2550400118923141,0.4134728509031417,0.5220944195135674,0.0,-0.293819353299129,0.0,-0.4855825312793353,0.0,0.2287254391246556,0.0,-0.5586985568953201,-0.136691849959318,,1.349380852821585,,0.511633808839762,,-0.1659635856302014,0.8245547167059096,0.7003472350921293,,,,,0.6388053252540558,1.3422331422700076,0.643841313839334,0.6412766313018066,-0.5331945804899594,,,0.0621761658031088,1.6059646962739136,,0.9511043508954634,1.036192,0.8046577249938297,,3.81038773896846,0.6366430989996269,1.408998260344745,0.9953872294318992,,0.7026679584156202,-1.6577103141346126,1.2627450417199235,-1.7167455556982911,2.023119152950472,-1.914322329168256,2.623988942462337,-0.1158193244689979,1.0764596225894016,2.790042016806723,1.257507351389486,-1.5518118604782634,1.1213373240579632,-1.8429440659949925,0.0048535435505062,5.370124821331319,1.0872629739963455,1.8137265815188195,0.0,2.102440953235156,0.0,0.7769524176203899,0.2349869451697128,1.1809595467397158,1.069244896094855,1.4946213890233817,1.6554945877794314,1.1079180249470215,-0.2673872906106281,2.125892428205402,0.7555809594779546,0.0269734624632047,,,,0.0,110000000.0,0.0,0.6482655979088207,0.9794366184821086,0.7803037923853489,0.6748473124826246,-1.787920688923332,0.0,1.2404237371260425,1.4238055057568066,,24.1078,0.0553571129812115
2012-03-31,0.6503977356008759,0.3039248467115301,,1.1389998316221162,0.7712002816374623,0.5659212932948109,0.0,1.4320750297117155,0.1317248352828729,,0.574798384806861,0.7143099378934005,0.2735677819915633,0.8988026545589598,0.7369651395783651,,1.2787564364814756,0.2371878779845243,0.8237222197949435,1.4835677749360614,,0.6451528029182277,-0.5069068088415271,0.3454380478780829,1.001064218641761,-0.7453306302223142,-0.2098890510968016,5.657826988869898,0.852457578958518,0.2427595267379192,0.4278941785605512,0.8277241008037983,0.0,-0.2578706939165118,0.0,-0.1617252305412084,0.0,0.1884028785659088,0.0,-0.7750744227525022,-0.0611627858081138,,1.2036303070582317,,0.5533634300054296,,-0.1792372913800064,0.8478460189251895,0.6958065412757068,,,,,0.6503977356008759,1.120834799992678,0.6836918818429132,0.6810466621449514,-0.5479416064580376,,,0.0673575129533678,-5.039235516241258,,-3.640620976012175,1.0740232,1.0561940301256525,,-3.5858242187109104,1.2816083043803024,0.6974519228999932,1.151117240020685,,0.8099659259811288,-9.617410340143918,1.123623098907096,-1.3402126545253317,0.3933593523844553,-2.732873192457612,3.331607103215904,0.6135318682935201,1.2815099331010098,0.7793361344537815,1.927806197502453,0.3175231311361109,-1.2275950209013635,0.192546605785156,1.3843357291908185,-1.7619582868540324,1.2414971953932905,1.797593984477215,0.0,1.2432282200531484,-0.125,0.8105830071408365,-0.2872062663185378,1.030340461031954,1.2325194595735431,0.6730776445953938,1.105030673522281,1.2595247810298509,0.2440229614958541,1.245140853528344,0.7881857663597425,0.0240523110801519,,,,0.0,150000000.0,0.0,0.5953817271116718,0.9096193442522232,0.8008543268174096,0.720876521677273,-2.8169323875000805,0.0,0.767164296223639,0.6490784533012623,,23.2386,0.0820596610402085
2011-12-31,0.6058031156561333,0.3372892834314808,,1.0778725693312567,0.7320235368051529,0.5140209187547986,0.0,1.5152272214031794,473.4361471250349,,0.5538995664143165,0.7154447737988676,0.2588716574082727,0.8826715698668988,1.3878796458178206,,1.0942211778799082,0.0240436310234436,0.3747638864616102,0.8251960162040062,,0.5603492313723043,0.2931734801605158,0.3072840639704086,0.8756706424979597,-0.7391531899536248,-0.3204236222915418,1.169019593611007,0.857275262852677,0.2581173031921277,0.3041539034229415,0.8191297297118161,0.0,-0.2871120050454259,0.0,-0.2943201960469959,0.0,0.1366572514549698,0.0,-0.8715083309245761,0.0033121416420484,,1.072617102585049,,0.5428377389074095,,-0.1626374092856501,0.8500027666215675,0.706203246937221,,,,,0.6058031156561333,0.9063946497467444,0.657560245920608,0.6549678377096619,-0.4562014208856169,,,0.0673575129533678,2.1378416476542568,2.2731612903225806,1.4956566352771703,-0.947156,-1.258511104644095,,2.4618215139875086,0.8205417539353594,1.3459216939584175,0.3398872171193577,,0.6136407861451644,0.0151070716411871,1.1050738895032386,-1.4039991304090045,-3.2682567576311765,0.4510743443719739,-0.6217212576301664,-0.268061423796409,-0.0164612941556955,-3.738159663865546,2.082065998456555,2.6524582132021783,0.6930517579732204,-0.7989991983699011,-0.2830945204420743,-2753.274238408104,0.4756090501444977,2.2673977959645923,0.0,2.0160023987816715,0.125,0.7534605325907803,,1.308049730433102,0.9337728734647334,3.044867316876207,2.7681508055256865,0.9821270048803032,-0.6536238208734768,2.089975112095655,0.8269299638706844,0.0170415477608251,,,,0.0,400000000.0,0.0,1.0791709320026743,1.0932294000142826,0.8218610831138622,0.7799168283573404,-5.781425052576067,0.0,1.136506130456106,1.2536920877125233,,21.0461,0.1903524083596735
2011-09-30,0.5922778550714362,0.4731384280756691,,1.116030352245221,0.7036773227982648,0.5224145485453632,0.0,1.4803843571569144,0.0701791053218559,,0.5100119091842404,0.3603091191326456,0.2979013606005202,0.877070515777638,0.9225601161398386,,1.0848555925159833,-0.0178955914632072,0.7473841823954328,0.9417817872944164,,0.6502717233013926,1.078228968404678,0.3558576304800127,0.8295475136031607,-0.7132945918987461,-0.4475573284727687,3.061573583620933,0.7289310255295359,0.3491480239556749,0.2971840929432536,0.6436646339420216,0.0,-0.2968278589326197,0.0,0.0567195718219782,0.0,0.070766113614075,0.0,-1.0740201776576173,0.0029164680815051,,0.2523722821446538,,0.543721025970598,,-0.0642443094678008,0.1750699402868504,0.6641096247089224,,,,,0.5922778550714362,0.8882610386558889,0.6908282464143006,0.6881686042735181,-0.2605357902474244,,,-0.0466321243523316,2.526944212172656,,1.1956520644800537,-1.5729736,-3.29680582620836,,1.3306981817454042,0.5663422027345745,0.8823498331581762,1.9681774975990545,,1.0068727668682955,-7.139287056035604,1.10375263891083,0.3221785230787474,-0.8866144923390241,0.4575255819365348,-1.9619584131477943,-0.2331554473165908,1.271807580916527,-0.7998235294117647,7.901487529979343,-3.834982192322912,0.3338229802631653,-0.5406129821699103,-0.2170739624391374,6.761307162439565,2.228071597252836,1.8105000621104983,0.0,-0.5313090982737715,0.0,1.5568728781671402,-0.856396866840731,1.0688549304366783,1.5321512160855308,-1.849838400477384,-0.6718344614695497,1.537744472182857,-0.2006646748799892,-0.3912555380591438,1.140459440712973,0.0013392355571534,,,,0.0,0.0,0.0,0.0438785030842628,0.9814313977458196,1.3117406127984412,0.8505952021349185,-0.4244801883091408,0.0,-0.1538195193722412,-0.858574675509747,,19.1031,0.3208275096712051
2011-06-30,0.6418170197475254,0.6331022282814442,,1.0862522971587614,0.7244715926956169,0.6132812335529012,0.0,1.1508270211969225,0.0654942546642905,,0.5334551694836892,0.4861032850435268,0.3369445733751813,0.9624784621184692,0.6660157723895582,,1.145057960221101,0.0,1.0471608727523398,1.8596925345828588,,0.7533398516051213,1.1115339421391677,0.4267152973297796,0.900525881900303,-0.6082834342412904,-0.414514623912433,5.2382576876969775,0.7278341296167007,0.3087542908641439,0.393193559039994,0.417658449971665,0.0,-0.2484360884313157,0.0,0.3473605266805112,0.0,0.0618116227665778,0.0,-0.9658453914803484,0.0005279521447355,,0.053917496273117,,0.5898231954073,,-0.107905005315901,0.4141408722507108,0.6736755586045615,,,,,0.6418170197475254,1.0258489894529563,0.7393586110782554,0.7366008900904027,-0.2461857908178649,,,-0.0569948186528497,-1.418085975231214,,0.5622628143908024,-0.584064,-1.407869212378851,,1.8518878025837828,0.216824192594107,0.6267690306666155,1.425166834938068,,0.9510336061738976,24.292452966505795,1.100245580273154,0.3978032945640681,0.6809754419662774,0.4526386725188915,1.3318138554472416,-0.8305974845337234,0.697384725517913,1.1341806722689076,-0.8019584194011987,0.125294439105282,0.4993454348993182,1.111896261296098,-0.1104938557848365,6.372049792201135,1.6673105610252437,1.900842605543483,0.0,1.5272944706153628,-0.125,0.6670480656054377,-0.8668407310704961,1.0351547697075445,1.447181157525681,0.872919707637967,1.3478824004004355,1.4588464817796654,-0.1445902850045319,1.5737546039286858,0.773773496651126,0.0893333033728063,,,,0.0,172500000.0,0.0,-3.476676324268786,0.9413363345452282,0.7161861249573191,0.7967201050093641,-2.3024265382117064,0.0,1.4544207945071113,1.774119298087862,,19.4793,-0.1008147110009086
2011-03-31,0.6344597793721277,0.7122989992773819,,1.0804331874776705,0.773249341575679,0.5237378351218456,0.0,1.1065969576865025,0.0576219159639077,,0.4726042753066636,0.5075492992994226,0.3274325654719272,0.975600843323201,0.3132737312772796,,1.3408262114845475,0.6844852259557149,1.2777474974756302,2.168004088337969,,0.7920887604334181,1.020199447656322,0.4031312715828093,0.8673508633227721,-0.7180284394860774,-0.6424630084867151,6.1820806568033255,0.7523153713036758,0.3003556885383301,0.3586479071781066,0.6070925286782822,0.0,-0.2498678984778495,0.0,0.2673800541755608,0.0,0.0467646575603036,0.0,-1.246631100558968,0.0,,-0.0015074837655594,,0.5943761490583865,,-0.1169828694703627,0.454898872257639,0.6743148049738711,,,,,0.6344597793721277,0.9481783115667582,0.7232059289391267,0.7204808521824119,-0.1681188993433415,,,-0.0932642487046632,-2.467305033872038,,-1.4567996245100236,-0.0854952,-0.3736995465312031,,-1.357579587057927,0.4542739066107554,0.2753518346291811,0.9405392893201014,,0.8149341911871256,0.0277649336762708,0.9094052936192212,0.7890105437908238,0.9602988104117072,0.2275079347636378,0.8368358341978899,1.1265366164608583,0.8344240909041357,1.478794117647059,-0.4449866527417717,0.6143460154144761,-0.5199360303640117,1.54134045265615,1.1180523997217713,-0.8722794963975139,1.060687859667247,1.552378509444829,0.0,0.4646762740678199,-0.25,0.7202101369571655,0.6892950391644909,0.8412069059194677,1.24007963383556,-0.276330717130264,0.3913164317525934,1.2665446956501392,-1.7828863003121955,0.78641607505071,0.7666854951550852,0.1923196189020964,,,,0.0,100000000.0,0.0,0.0967623738814116,0.8266365268818449,0.7083769218731361,0.7909664538600331,-0.1929525561293724,0.0,0.3960941638057871,0.0416355898388607,,17.9874,-0.0019346876146636
2010-12-31,0.58881875659921,0.7028023859708384,,1.7487848823083567,0.7751624239068543,0.4089925078303947,0.0,1.0833048685665116,421.6773046980651,,0.4522419637711565,0.5123119054809185,0.2755505730104226,0.9214882759760716,0.552913733662558,,1.346102241291551,0.7153937317902481,1.1840374262107267,2.23465099781582,,0.8014525284096882,0.193289787573094,0.3528053868533428,0.7764118508873724,-0.8744140953596841,-0.8046168236248225,1.766442405567528,0.7570883616497691,0.2997761449291377,0.2595703615017393,0.5461012154738448,0.0,-0.2699217618081715,0.0,-0.0456611323774487,0.0,0.0377268661200807,0.0,-1.3405893925496175,-0.0209190339902077,,0.0509573358440755,,0.5647681021378993,,-0.1176092853847899,0.4639501719752564,0.6752998250022115,,,,,0.58881875659921,0.5093974978416476,0.6887377669668249,0.6860823496410722,-0.2152265218943185,,,-0.0932642487046632,-2.348004621361667,2.114058651026393,-1.5688820132287329,0.4324584,0.4971668330490711,,-0.3019354783371955,0.498660739846787,0.5140917858725693,1.2413327094978943,,0.7402259732624528,-4.763611536571974,0.9327684508336804,2.25107957745783,-3.023704922164213,0.4573025682131106,3.6378228083954585,1.7433178330050751,0.1041676508316042,-3.4364453781512605,7.191661390918319,0.4372774040364068,-0.1846783868664753,-0.8392784622827741,-0.3517489759641394,-931.5550853384816,1.5426177021966327,2.7320972537480057,0.0,1.6900714461690072,-0.25,0.6882226357558794,,1.09595536172996,1.1263966634430924,2.0977190258648566,2.1354060278496965,1.160985654511977,0.5804424451978918,1.6687473310558345,0.8843229295844264,0.2440644450935891,,,,0.0,238200000.0,0.0,1.018324261231212,1.0115222439830476,0.8365551262434743,0.8882763865710829,-1.028445742142531,0.0,0.9620863168219717,0.9681663560991,,17.4082,0.0312726186509805
2010-09-30,0.5452720614776309,0.7864969120833339,,1.5788111097170718,0.7369187306586437,0.3586102015080066,0.0,0.9303770627251494,0.0470845855194103,,0.4139473558742617,0.5510317025937769,0.266454541479948,0.9799439908977836,0.5977100008074062,,1.108869152948544,0.3379581706573693,1.139010920327003,1.9600444303395748,,0.7876051289809596,0.91722151330152,0.3381781756602811,0.5801089860157133,-0.9576843565958024,-0.9526233499538868,-0.2742852073507869,0.5696708781149825,0.3331211325810003,0.3155939707311836,0.5401521726562756,0.0,-0.3512025499855114,0.0,-0.069184063668284,0.0,0.0266239026207768,0.0,-1.5172931004842327,-0.0210761412223914,,0.331927386935833,,0.5916881192300776,,-0.0815674231328489,0.5375368754141155,0.7082650678164968,,,,,0.5452720614776309,0.2691055823680389,0.6787196006232868,0.6760844298011723,-0.1878724364814582,,,-0.1191709844559585,0.0386847672160966,,-1.530712031526016,-0.0610512,-0.3777840810718219,,-0.7790975773283566,0.6303139999681036,0.5587198050997292,1.4697490704031126,,0.6728355959641126,-31.90637372482155,0.896353635593342,0.0791377214739567,0.7267437702422428,0.4518920613578627,-0.1142606733780143,-0.2049900705278556,-0.5226551740427557,1.1906470588235294,0.9769946564756152,0.2556579418470989,-0.3362183230557419,3.536043337465084,-0.1638024576860653,,1.920395183112097,2.0331299012846387,0.0,0.4559087971986157,0.125,0.6135383367692376,-0.3681462140992167,0.7555809873321784,1.0238491997240535,-0.5610406687665374,0.0837042443735977,1.0657663626166147,-0.1876263050119171,0.5862452626241059,0.7321905545410197,0.2239129946295755,,,,0.0,0.0,0.0,-0.1449924640484114,0.7536276058300216,0.6964576119025407,0.7297685279989664,-0.0900513862716976,0.0,0.4224227562530652,0.0847355706508431,,18.8259,-0.0704773742556797
2010-06-30,0.4620373246649394,0.3840796983812587,,1.5772125973642537,0.6494526805262533,0.2822218585672587,0.0,0.6793811957683283,0.041318158836172,,0.4035431475475352,0.2925967179615517,0.1484729829506843,0.6637282904664181,0.7305776595458366,,0.9824328318836654,0.3656539987982981,1.049254886112082,1.9889904232083184,,0.7713647987380652,0.1729410832451128,0.3080597956301388,0.6121104042671476,-0.964632423215918,-0.6823483002678649,-0.2520837617797564,0.5875967988596932,0.3074532675678947,0.2501915507618271,0.6637078561904696,0.0,-0.3159783183050096,0.0,-0.3008371084654632,0.0,0.0156021179936752,0.0,-1.56530148313713,-0.0235989431659569,,0.0882971260309504,,0.4380453967558086,,-0.1093112527231439,0.0463829957352832,0.6173587328993795,,,,,0.4620373246649394,0.3475515266310827,0.6580915439720653,0.6554980620189229,-0.0776734505615578,,,-0.1295336787564766,1.428108439823371,,0.6413871382601694,0.7013096,0.948339921094219,,3.879029387420177,-0.0899405025996941,0.6910884332640591,1.27263414514024,,0.6690638546285601,-7.423886657226252,0.895710244000517,0.5816526181606174,-0.2138142771028944,0.4513975526667916,1.3682813247134402,-0.1260250239042848,-0.0253351308727393,0.0302394957983193,0.3823554329425428,-1.0470254583827991,1.1431369411027612,1.3770733791710368,-0.0144493392070484,,1.60151162290174,1.3200691120457262,0.0,1.3238890072498266,0.0,0.6558001108045258,0.0,0.8755948250308287,1.0181097674301394,0.364109005086499,0.7798791947576407,1.0604370774340457,0.5533451945348954,1.2951835566349952,0.6497334704704112,-0.2533761768869514,,,,0.0,75000000.0,0.0,0.565162372370444,0.783748772712058,0.6343949979177171,0.6262028073110076,-0.6302825280244905,0.0,0.8157430112800392,0.7286019481859295,,16.7036,0.0476244641873606
2010-03-31,0.4615623788316725,0.4511926832188755,,1.5404539344064605,0.6131098096194744,0.3307708626782903,0.0,0.6801695678881616,0.0369131858837774,,0.3721974610638208,0.3318686613163131,0.207082895911117,0.8088434561346555,0.0036793710886315,,1.052282175093496,0.2460192533925405,1.2435587911181016,2.259738271697127,,0.6919619400548604,0.1656699565348689,0.3946460906151252,0.4599555397736478,0.5788273961219206,-0.7083305605744007,-0.0168463693378104,0.6240474938092923,0.1581098145137477,0.3632805999862303,0.734284802139829,0.0,0.2747796887517684,0.0,0.0333977361384115,0.0,0.0071825774642469,0.0,-1.7099406199143317,-0.0239680976173689,,0.0661100572763062,,0.5138951973406035,,-0.2707332997007535,0.1210190492427742,0.5306774787299708,,,,,0.4615623788316725,-0.0351610384458302,0.7173944346448756,0.714681102795995,0.0,,,-0.082901554404145,1.1542233498125571,,-5.771897893627685,0.6170016,-0.1318470657142962,,-10.41283342649285,1.803591387217301,-0.0330797365649878,0.459469575709818,,0.4357603308864627,-119.83987660029476,0.7278338670994241,-0.1439716592389102,0.9353865906528944,-2.3246029386098166,1.4813261961254962,0.4600475633974322,-0.2315264670719609,1.4480588235294118,-0.8158340226464386,-5.533683833644261,-3.395756620278465,-0.437545246192257,1.0940381791483114,-0.5727281828942444,0.6549079504180564,0.9070746277806548,0.0,0.90831060364955,-0.25,0.3057216769864302,-0.0469973890339425,0.5595698483974199,0.6630934343036607,0.1902729415043673,0.4965521800664604,0.7307906617585763,-1.0215180100036927,1.0699913926550657,0.4328406246915612,-0.3162932835988585,,,,0.0,0.0,0.0,0.9580139840064064,0.5587376717654554,0.3429884196710948,0.5168834354737177,-1.0676124999196084,0.0,0.5326287395782247,0.2651430791871024,,18.6536,-0.1102789810009865
2009-12-31,0.4419224095607513,-0.2878464372674616,,0.655017890501529,0.514317764403794,0.4329238768134865,0.0,0.641601364483005,398.1813807097417,,0.3560868547157167,0.1186485816768043,0.0729140369683042,0.3682785858302337,1.914677615375969,,0.7506822580265619,-0.0394486124179934,0.2588392389024816,1.6722030354509303,,0.6320075794263413,0.2024700799454489,0.1878664399384013,0.8445586407999701,0.6008151060521247,0.1834345308524613,0.9825712315580818,0.62840040488747,0.1914962288970744,0.2951116338935741,0.1701921140201293,0.0,-0.6553769580854655,0.0,0.4032004315370258,0.0,-0.0071825774642469,0.0,-1.7842801688777192,0.0431574729000589,,0.0902955660477502,,0.287735264939743,,-0.2346466602077901,-0.2842042199264725,0.4914578670602793,,,,,0.4419224095607513,1.1816748304451772,0.5757712017814073,0.5733440875097854,-0.0405319112525079,,,-0.082901554404145,,,-2.5823674755769424,,1.3763835218795932,,5.563823323807713,0.7752110985122904,1.8707410910356488,0.764687630820754,,0.4044022969946135,-0.084999855503858,0.7221582341198604,3.477054655770428,-3.116079364917192,0.4563103187480203,1.7448043205450352,3.098426812026512,-0.2293170924921236,,,,,-1.5240224173914887,-0.3281057268722467,-1444.1769439472057,1.0224959292755225,0.962080330653709,0.0,1.7866048734896924,-0.125,0.3434681214053677,,0.7806511558811251,0.6153761344198984,2.253378046405594,2.0340828906910886,0.6864833006468559,,1.7252321981424148,0.5579008505542729,-0.0027413882210188,,,,0.0,0.0,0.0,0.6947505203395145,0.7765929010593475,0.375908320777813,0.7518536564060759,-1.7941847976384182,0.0,-0.4512015693967631,1.1253346863963378,,18.9792,-0.0636486258641037
2009-09-30,0.388343953583281,-0.3519083400652152,,0.7483417776825375,0.4777884438524254,0.3550843210620344,0.0,0.5784672236573433,0.0172201527005809,,0.3097939260016077,-0.0451240629450656,0.0238317198908336,0.3269408155236612,0.8768113207845877,,0.67648599539925,0.6078073997978559,0.6389263296632879,1.15327813765938,,0.5768445167157475,0.1822372360848653,0.1423033504990751,0.7147404156500585,0.5615753094158021,0.1310249142481117,4.089308108712195,0.4145620197635671,0.2182179348378184,0.3683025790212532,0.3387065950199044,0.0,-0.6844137249220175,0.0,0.3314313293111854,0.0,-0.0304581283528373,0.0,-1.9978907162675827,0.0419551324143493,,0.3715950366688358,,0.2645945287030445,,-0.2057637571847515,-0.5954529848944335,0.4620404472437124,,,,,0.388343953583281,0.9960886333375644,0.5445650748509923,0.5422010275060677,0.0426849164141788,,,-0.1295336787564766,,,-3.841150503864941,,-0.6271396101862869,,0.9008730309627928,0.5996206932883784,0.8367728632706676,1.944137506464084,,0.3906588333685252,-0.084999855503858,0.7210093205612442,2.267068193721158,0.2248144780353573,0.4574544761116749,-0.4964557642892768,,0.3758117089585052,,,,,3.669435292206531,-0.2820063374294768,,2.345485392147695,0.7328425797313277,0.0,1.8709795638881657,0.0,0.2594838340776035,0.6318537859007833,0.572637257659737,0.5944628023675945,1.117146700922073,1.1670927815022538,0.667064461828483,4.300030212494545,1.3518986201558665,0.4077963527388835,0.0936745837359279,,,,0.0,0.0,0.0,1.5019623693485085,0.5713047811268348,0.2891460194590955,0.529959915358561,-4.514801690151715,0.0,1.0008504168710153,1.0316232982676994,,17.2518,0.0301070033271891
2009-06-30,0.3421252815892705,-0.3378061093746216,,0.7269055958520385,0.451168513244666,0.2805531865156688,0.0,0.5141786139198591,0.013449163803217,,0.2658717200092327,-0.0598946646061351,0.0,0.3013869773478278,0.699601231056958,,0.6083466166863506,0.388019781862324,0.7263900418462853,1.2718679410831295,,0.5802206589945941,0.1749658791882624,0.107531049797702,0.5924855825894726,,1.985162157851548,2.780957450301655,0.4101082976778695,0.2005587785677039,0.4145870310273725,0.030064833372672,0.0,-0.6736666268941653,0.0,0.2292496996576473,0.0,-0.0376658897172106,0.0,-2.200561982165307,0.0401977924056667,,,,0.2498046290170651,,-0.2248511500012672,-0.623524409981671,0.4462261879068317,,,,,0.3421252815892705,0.7249316034105119,0.5207495513054569,0.51843363463311,,,,-0.1347150259067357,,,-2.618160642778916,,0.1489661574505549,,-1.0177393830314343,0.7749182783323786,0.6602283474957429,0.6476534758304809,,0.3837943469422398,-0.084999855503858,0.7205813502606597,-0.4629040386572725,0.1178775401779784,0.4535016386660547,1.196744517256192,,-0.1036371102252617,,,,,-0.2716961009700783,-0.3391730427390061,,0.8608733986133561,0.7134834632814026,0.0,1.3379169702405531,-0.25,0.2224839193350282,0.8616187989556136,0.5606014859707606,0.5840171615955748,0.59065920813554,0.7650382558928646,0.6573652797947845,-0.1801067508140588,1.4036094133660724,0.3376251379280791,0.1148596723816371,,,,0.0,0.0,0.0,0.6558204365941276,0.5182436527121218,0.2620193140087752,0.409133241222609,-0.2829910797548379,0.0,0.8122658165767533,0.7229097705546622,,16.2603,0.0929195648296771
2009-03-31,0.2964149767705254,-0.3261858942781561,,0.7835349104884617,0.4422444981462267,0.1814570411586021,,0.5207070279406874,0.0098626364663226,,0.2316048920380054,-0.1166102516531627,-0.0422513674555198,0.2701628128248486,0.8765157995669559,,0.5698890219049717,0.382954843739508,0.6463379038991806,1.1348675490507216,,0.5809698347515914,0.1688291108555062,0.0428304303621277,0.4816517225956689,,,0.6441610601391882,0.3648810324891029,0.2267786267865331,0.2457348302649036,0.0291162858177043,,,,-0.0109180767317173,,,,,0.0395989465468791,,,,0.2301023772973212,,,,0.4471647809590658,,,,,0.2964149767705254,0.547257114460646,0.4764361439525232,0.4742097837451446,,,,-0.1068134715025906,,,,,3.116921274722522,,1.0311943812659303,0.5754938791431767,0.8364784519854624,-0.3522066536974562,,0.2319455312524582,,0.5506972469158852,-1.617068687806951,1.221551879740218,-2.200442472155605,8.213766980350712,,-0.1805945688630805,,,,,-1.7694201071429834,1.2557941108277302,-3.0958672416253825,-0.3319122534372945,0.6513503790353675,0.0,1.978782705976526,-0.25,0.2506176644346092,,0.3599297523588393,0.3529498854948606,0.526700100229223,0.6177729687139517,0.442810364318944,,0.3856724404825451,0.2983124826971546,0.0,,,,0.0,0.0,0.0,2.278917089422848,0.3633227117986805,0.2729883672672321,0.3081414948351827,12.050563062338815,0.0,-0.4512015693967631,0.9646177770962509,,16.3402,-0.1002129716894529
2008-12-31,0.2334837573450657,-0.4807276713166208,,-0.2131902005758205,0.3544055487246572,0.1577173311674775,,-0.5805638534309022,-0.0098626364663226,,0.1903429407426482,0.0067822160434741,-0.165568171839513,0.1290437141036806,0.6752518658734736,,0.54468079002084,5.324061857126537,0.2208165244281331,0.5252072171299494,,0.2872083658578855,0.1925322442654008,0.0,0.415627043372377,,,0.8038697568958992,0.412692707105242,-0.0283812728608702,0.0668480068335136,0.2746118816628009,,,,-0.0046321716289365,,,,,0.1154186643603141,,,,0.1593781632894497,,,,0.3152014105441621,,,,,0.2334837573450657,0.4536081770422124,0.447101613243303,0.4449345375059922,,,,-0.1068134715025906,,,,,0.7052084446130781,,1.801591669680651,0.2351743443507797,0.6359704347981522,0.5179807431850082,,0.1460566465037903,,0.549054300527064,-1.042170222437424,-3.2874372937462324,0.4313586383880955,2.983266660543725,0.374819185538112,-0.0901773677191477,,,,,-2.3272981534256445,3.235149547878507,-2.4076805698652235,0.7023501105069963,0.912337080935626,0.0,1.5469441397746233,0.5,0.3870385818466758,,0.700177579214291,0.2222533729402462,2.6981599629812925,2.201588520129035,0.3214535903207077,,1.5235384194512651,0.4282031815794181,3.6337685099880894,,,,0.0,0.0,0.0,0.7879016813293495,0.6090595692952405,0.3992931849187437,0.4349624273503469,0.0174160229984114,0.0,-0.4512015693967631,0.8860769656277573,,18.1514,-0.0454290027215531
2008-09-30,0.2195941561793176,-0.3907514360960655,,0.5767005299546317,0.2659493385089351,0.2532542195660821,,-0.6662649121095584,-0.0163846702114946,,0.1199223474215579,-0.2004880050564142,-0.1103918454379068,0.1814172096889948,0.3317931488682856,,0.2574297914992335,4.536375900731398,0.3686380417686123,0.2286099650904474,,0.2814502341578521,0.2117899419801854,0.1978303447172228,0.291432510722765,,,0.7906479722890934,0.318177878116686,0.019146298416039,0.2182089332787212,0.0866875253845097,,,,0.5990736162007472,,,,,0.1562136121636286,,0.2194009064517766,,0.1989810196367742,,,,0.2869607620745261,,,,,0.2195941561793176,0.256579936460266,0.5825954729420477,0.5801545669618291,,,,-0.0687564766839378,,,,,-4.323939542405411,,-1.469125124907615,0.493024212830073,0.2938016961244434,1.6174975990543967,,0.3033953952461982,,0.540575318464477,-0.4624791248752433,,0.4539412019470067,-5.508731163203704,,0.3110930226642586,,,,,4.029911043778891,,0.1514613376239852,1.9622860179334525,0.7469102043516067,0.0,0.9978019935488904,-0.375,0.2487914082206835,,0.4845323139837098,0.4616746416004889,0.9795968319704422,1.006347874305343,0.5437655114519669,,0.945747037471976,0.4031048045486541,0.0074062422758016,,,,0.0,0.0,0.0,0.7270172363644605,0.5187742639962689,0.2839154974354474,0.5262299802362083,0.2986577828656689,0.0,-0.4512015693967631,0.3961627176013533,,19.4433,-0.1273034927198572
2008-06-30,0.2679791482725276,-0.3355452283351641,,0.6001523740204076,0.3605273004124316,0.2334416248443906,,0.4711563889303238,-0.0436084841506882,,0.0947695650815197,-0.212069676441711,-0.1059114146989749,0.2130039925421904,0.5920214812262231,,0.6046958940712398,,0.5552762364557847,1.783046931879702,,0.4551418887066967,0.1677108655231532,0.2687691982440213,0.4097866735696079,,,1.2809473692093485,0.3572550705882482,0.0457940218987214,0.2467201818536139,0.022688550522861,,,,0.7359833456458077,,,,,0.1551139671921641,,0.2247402720278397,,0.2193148452037354,,,,0.3011164148659799,,,,,0.2679791482725276,0.4684096581355856,0.631181442302253,0.6286423450990417,,,,-0.1223056994818652,,,,,0.7196605062200006,,1.4941738370904496,0.2089271983671091,0.553052650726749,0.6916575143441109,,0.2357027818144932,,0.5408022288923037,0.3628911924266529,,-0.3559961602854575,1.0641117252814734,,0.6783942788826669,,,,,-0.8859672355768382,,0.8541531015746986,0.786147216990024,0.6710966778142913,0.0,1.4594657625644518,-0.375,0.2393938106724822,,0.501564650319567,0.3586672672805108,0.8320240407205785,0.850789200653541,0.4481191747505371,,0.9625413686345682,0.3387781195047684,0.122050198862998,,,,0.0,0.0,0.0,0.922536461540205,0.4821423370754062,0.2678474455737077,0.4042687907054473,2.7204110901735814,0.0,-0.4512015693967631,0.7773571757164798,,17.7746,-0.0453737355552304
2008-03-31,0.2075966658239575,-0.4175241019546951,,0.5898780436270189,0.2935727719808867,0.1833124578690317,,-0.7644401805976073,-0.0541633823628493,,0.0556009197003729,-0.2394752048995589,-0.1428345880048714,0.14973540227436,0.3053038934392706,,0.4285825533448786,4.138132059889754,0.6066061424715523,1.2006141841058862,,0.409470656439882,0.1700267704817376,0.1884366238262248,0.2835674939794334,,,0.7566844842772404,0.319020642105992,0.0,0.2067796016817725,0.0931609205771853,,,,0.6861748942643844,,,,,0.1814088789146986,,0.2206314701226294,,0.1831194355182143,,,,0.2632301949869456,,,,,0.2075966658239575,0.2370938478929469,0.5761617203128777,0.5737338168115107,,,,-0.0851450777202072,,,,,0.3012624188195076,,0.303254960208258,0.1426329710816542,0.2674119302813047,0.2451318673200522,,0.2067088141164975,4.256256682946566,0.3940687337536442,-0.0166753955156773,0.0920151482643181,-2.188150860703689,1.1959438671810487,,0.406866503628389,,,,,0.353063321714994,0.8226849060978437,-1.603904758320653,0.2922122624915951,0.5520187525308011,0.0,0.6255173907287439,-0.375,0.2187368103299462,,0.3675239804153923,0.3145473503164248,0.6773422997693477,0.7150836556740282,0.4071521230123038,,0.5309330628803245,0.2844797752441979,0.1648787722176033,,,,0.0,0.0,0.0,0.2316842379623089,0.3727450516508194,0.2385875946493395,0.3212969566585305,0.8278656367974584,0.0,-0.4512015693967631,0.1605354661203032,,18.3829,-0.0769628295861915
2007-12-31,0.1770807080114277,-0.3844678672937386,,0.5607798716373967,0.2494702007851004,0.1730228681197368,,-0.4567959847795961,-0.3672465815730333,,0.0353317306831574,-0.2474377763994922,-0.1550663272247999,0.1287245437939861,0.2383981536256495,,0.1929600737635069,2.8130359368173385,0.5150075609732416,0.5223789833292886,,0.3400850215048262,0.1981304532467239,0.1403088801095691,0.2104521047493178,,,0.1089541413991288,0.3087182782281593,0.0383202433618076,0.1488095613178319,0.0803260705865198,,,,0.6513239139409833,,,,,0.2647360403039745,,0.2443600607378074,,0.1695247516172819,,,,0.2860778588014173,,,,,0.1770807080114277,0.1146938860636003,0.543199063526919,0.5408377768621723,,,,-0.0851450777202072,,,,,-0.03692584256418,,0.7206658308518592,0.0,0.2007574781780778,-0.006103080597897,,0.2715819370437994,7.644850157500794,0.3875974781347388,1.9850341413283,-0.0139273441836863,0.4588054867840128,-0.3959148724458171,,1.103081132740533,,,,,-3.444011258135486,-0.4830357832908262,1.0702440402944473,-0.1244114333551527,0.6889651422975722,0.0,1.1904918466848855,0.75,0.1351278966812568,,0.4552613172361191,0.4132643257427084,1.378385862855693,1.2867620174502457,0.49881465816672,,1.1483932956122558,0.3091195585781681,4.215014718108892,,,,0.0,0.0,0.0,0.6626046817335333,0.4636567176385963,0.1989990451194176,0.4262268157280762,0.5539684479287924,0.0,-0.4512015693967631,0.5863007187879595,,18.6153,-0.0291373225250197
2007-09-30,0.1334637717786862,-0.3622749521625349,,0.4968569930183614,0.2522073919425112,0.0619190104846913,,-0.7127973592811067,-0.0896253692850941,,0.0003931782621805,-0.2654773123956536,-0.1890498302431895,0.08549031055192,0.0944495046589447,,0.6423618935846369,3.946804196712848,0.5846897573692182,1.94045167733866,,0.342053508847957,0.1741467993939116,0.0058815758568655,0.1280670580685424,,,0.4242630577508334,0.1613259713907179,-0.2209086053527212,0.1363524020570556,-0.0156083205589949,,,,0.4134025472750257,,,,,0.2647126908094805,,0.2082029501220756,,0.138952705430921,,,,0.1109083131468474,,,,,0.1334637717786862,0.0739009507553558,0.4511299002843875,0.4489546834636253,,,,-0.0996994818652849,,,,,-0.5706177269093762,,0.4724188261328888,-0.0972319865260885,0.0573494782874305,0.4744987564333029,,0.3141786008537136,4.531839724879346,0.3875888612830492,-0.0042837238258051,0.2645616436956588,-0.1712858518801026,-0.4895942260938614,,0.8036454680567315,,,,,1.0806326874384211,,0.2569818359720321,0.5038917165024276,0.6190045219669508,0.0,0.1567958028334731,-0.375,0.1749759516822374,,0.2671611190929292,0.4780833698216744,0.2957726851248041,0.4969812181172785,0.559001651142418,,0.1618064081349418,0.2492972984850164,0.2019369480709165,,,,0.0,0.0,0.0,-0.1192002447767734,0.2951686845188772,0.2172692922508969,0.270538246219132,0.6442642244789021,0.0,-0.4512015693967631,-0.1940992429965742,,17.812,0.0155882105026551
2007-06-30,0.1236920010255535,-0.3685928407772457,,-0.0738370283861499,0.2454074637280693,0.0478923263468878,,-0.6232759260870707,-0.1014546063362497,,-0.008625999445192,-0.2753150529312571,-0.2130389145005993,0.1889089720090443,-0.0036793710886315,,0.6038008444672176,3.494343367573408,0.6400847484368325,1.920127130509456,,0.3478708204093863,0.1694848350637049,-0.654448619275078,0.093918017564096,,,0.4934181988486816,-0.0023017177253709,-0.2098770371067674,-0.2271186401121181,-0.1524363053630864,,,,0.4058120470517236,,,,,0.2841889162168367,,0.6650524532812724,,0.1400068212662461,,,,0.1153229424734042,,,,,0.1236920010255535,0.0271064904214766,-0.0011297717186158,-0.0023909812469637,,,,-0.0846269430051813,,,,,-0.1495614503634012,,1.1653012006856158,-0.3211826902488004,-0.040410840433815,0.4759220862370411,,0.2383959955782439,,0.383159799514584,0.7301550441218613,0.0740538294662348,0.4520827542518051,-0.4830259301070375,,1.6986820063156136,,,,,0.4744590762537389,,0.0807933919037613,0.3593696425629311,0.4343056449570308,0.0,0.7866846575292022,-0.375,0.085230913558913,,0.2855992335620588,0.3627655117450457,0.5520647041272643,0.6411312573108489,0.4519245534676184,,0.5951928979395751,0.1864749236253072,0.2620857020874997,,,,0.0,0.0,0.0,0.5416970434138805,0.2939546618589826,0.1325221763385873,0.2393095200173446,2.1620693425258377,0.0,-0.4512015693967631,0.2422282507030923,,17.6767,0.0224136858123971
2007-03-31,0.1056135152154177,-0.3372487082838348,,-0.102270309188457,0.2505736697195089,-0.0040671225725929,,-0.6072620003643412,-0.1184253112149346,,-0.0300108619409255,-0.2915022781944108,-0.2214403901923697,0.1958145457210929,-0.2296958453410816,,0.645477819468085,3.569193351047826,0.7622226227232125,2.020296077809099,,0.3581787136162986,0.1424632583726979,-0.7147107208414881,0.0368287464299841,,,0.7945698052275361,-0.0257002932838724,-0.2154611193545904,-0.2140654154895309,-0.2614088066896169,,,,0.3560391663505811,,,,,0.2841317574995459,,0.6579009918354726,,0.1388902507900895,,,,0.1070213247093248,,,,,0.1056135152154177,-0.0621976843737087,-0.0424032414002355,-0.0435810381137615,,,,-0.0972331606217616,,,,,-0.1118929651554723,,0.1711480921836067,-0.363316376779046,-0.2655784314292458,0.0,,0.1009468685438428,-0.0738881021876715,0.248320431991498,-0.0273278852139885,0.4927732426072179,-2.324069644923368,0.0497803360506287,,0.378784189889931,,,,,-0.5564019168494171,0.8446835149547879,-1.9116018725684905,0.0012871949925264,0.4178503959745944,0.0,-0.0578811287951119,-0.375,0.0012231277183335,,0.1299234043489713,0.1536101407137434,0.3671873464625873,0.41193859089333,0.2577156905329139,,0.0811225579160884,0.0040399245860267,0.2084803271689549,,,,0.0,0.0,0.0,-0.4733106436344818,0.0784514767949323,0.0731204455520269,-0.0889786458468184,-0.0733813967547543,0.0,-0.4512015693967631,-0.2253604577506344,,18.1592,-0.0522167006640336
2006-12-31,0.1033629433114671,-0.2689739217186212,,0.3911078112252484,0.2560578320831287,-0.0176304260492622,,-0.4383293978123259,-0.3672465815730333,,-0.028174387316138,-0.2831420510498809,-0.2055090295599312,0.1141084570492938,-0.2722181822595447,,0.5954592026341848,2.9330482852202,0.773805596819294,1.7709770007653969,,0.3536565464401404,0.1371098909486369,-0.1279891538353783,0.0216220761751695,,,0.670960635926824,0.1652712292098591,-0.1751113967823487,0.0811181009927032,0.0156083205589949,,,,0.3093609348338569,,,,,0.3722807479825667,,0.3047119107948068,,0.1428307493615601,,,,0.1358784014237606,,,,,0.1033629433114671,-0.102475525919284,0.3594419345548796,0.3574520171859395,,,,-0.0972331606217616,,,,,4.485044370687718,,-0.0666359788253895,-0.361962606340132,-0.3079410609636396,0.2287729321086458,,0.1223559513606836,,0.245433786675475,0.4988141940966629,0.0139273441836863,2.8980229348606,4.79071773089838,,0.2697835321649327,,,,,-3.295081098833576,0.6316593245227606,6.458742357098783,0.2948887731125865,0.4752598558068476,0.0,-1.8343315105748923,0.625,0.0289887294504752,,0.2120307510527861,0.1861881916378172,2.8148564363776694,2.2742659469261044,0.2879656726175068,,-1.80733392494929,0.1818996186596128,1.5114217019077365,,,,0.0,0.0,0.0,0.3167139473654389,0.2635041569205076,0.0993737532889846,0.2713657258662448,-15.807137482394252,0.0,-0.4512015693967631,0.2617679149047544,,15.8422,0.1011988805405678
2006-09-30,0.0433525573636132,-0.3889243710101897,,0.3293115349719553,0.1003624241583412,0.063211121760397,,-0.7870817690878426,199.01748096648203,,0.019953373288147,-0.3696205275440083,-0.3550825981064761,0.0,-0.2708519243444574,,-0.042960614354812,3.4711866239588667,0.4132611339275311,0.154250284690201,,0.1495828456299164,0.1248456384662736,-0.165859219017017,-0.061225872015427,,,0.2936639470759936,0.0343145237296184,-0.132174441334473,0.0481118567762759,-0.2498818918368572,,,,0.4713568865468605,,,,,0.3722644772940958,,-2348.0161559798585,,0.0854057223384309,,,,0.1392491015539975,,,,,0.0433525573636132,-0.1508341728176334,0.3335047543622366,0.3315672554893693,,,,-0.1814093264248704,,,,,-1.1116859387835545,,-0.43739751857353,-0.2928016172040222,-0.3065799345040037,0.2251737299613386,,0.0609461233040619,,0.2395456046875673,-0.641486407699833,1.2652972608477988,,-1.7320482844713012,,0.5475397087840809,,,,,0.2480709672179198,,0.5584162268440773,0.245167897903113,0.5444945092705968,0.0,-0.1362167811260771,-0.375,0.0040736780806173,,0.1536383450057393,0.0927412876866811,0.5584965259229218,0.530336902803993,0.2011966029463166,,-0.2341781653677805,0.065116052143828,779.8108891535402,,,,0.0,0.0,0.0,-1.372842621377927,0.1350006762301704,0.0911975176598448,0.023229581926631,-1.4530416942677618,0.0,-0.4512015693967631,-0.1959682683175319,,15.5619,0.1296377720589187
2006-06-30,0.0592270693355293,-0.3547688879742574,,0.2504132379310678,0.1426014070556206,0.0402829422178981,,-0.7888197925408598,-0.1861476559288995,,0.0078377435089363,-0.3139308053561338,-0.340990322165684,0.072095947616074,-0.2010529790385745,,-0.0061886751280159,3.39389748209438,0.5002316230727407,0.3010967573319394,,0.2170988786414065,-0.1921408507261986,-0.197801718201044,-0.0730441551990164,,,0.0415490779256914,0.0534443643991238,-0.0747716329896479,-0.0001703710705254,-0.1886225108451463,,,,0.4971347160188971,,-0.4191695973315766,,,0.3722628924867772,,-2461.4551020219783,,0.1175868453440086,,,,0.1928551453635258,,,,,0.0592270693355293,-0.1439763588017415,0.3116273598247391,0.309734074706456,,,,-0.235041450777202,,,,,6.004693088929247,,-2.278184804658072,0.1130142098835699,-0.2370431433451746,0.508658671723017,,0.0861393681194702,,0.2375723456506441,0.635715485636926,1.001374173707817,,6.537008031624031,,0.7130029688470917,,,,,2.339386170291659,,-0.0464833246114377,0.5598823237788197,1.9374216560756168,0.0,-0.2575253445837596,-0.375,-0.0811018030890903,,0.1295527025809509,0.1310776713403244,-0.8133842638333301,-0.4892288513248236,0.2367934200000292,,-0.4783682075370983,0.1331001459596708,733.0634788665933,,,,0.0,0.0,0.0,-1.112827738345717,0.1205094027910153,0.2105336490854447,0.0218670127226303,2.2257651666677387,0.0,-0.4512015693967631,-0.362314733266483,,13.9379,0.2534384663399795
2006-03-31,-0.05606440544879,-0.5644233808709227,,-0.6468390542616236,-0.0245817509738308,0.0022295715107201,,-0.69175241159532,-0.1922197328116285,,-0.0003931782621805,-0.3592223644845034,-0.5165482363722644,-0.3232562219687435,0.2085061824621878,,-0.0816091473984732,2.756179215789212,-0.189850030583712,0.2493209438646928,,-0.0673675672545578,-0.1922090626172691,-0.5473075470994182,-0.024411659653238,,,-0.2399979722602903,-0.0128024969062745,-0.4212506041218908,-0.0999345354996131,-0.3449119224253065,,,,0.4049088347211877,,-0.430775593092379,,,0.3721689662396949,,-0.7077316090442103,,-0.0973981501696691,,,,-0.0473430051964183,,,,,-0.05606440544879,0.0522517084518289,0.072251070952878,0.0708415602836652,,,,-0.2036528497409326,,,,,-1.502492789072544,,-0.8463353999974268,0.2569643488816491,0.1709777766795769,0.124929941638553,,0.0426277154674516,-0.0632820853683206,0.1614166104177737,1.9269790606440904,0.8382987491102779,-1.9792031622699564,-0.7081041520543223,,0.1399173664836422,,,,,0.0820523143096269,,0.0047119537779772,0.1909216535824602,0.1170355384980229,0.0,0.58043677816267,-0.375,-0.1148324119204942,,0.095592569183335,0.0648662951681036,0.2802487685741187,0.3082773312753898,0.1753135927484282,,0.3914090023486709,-0.0651479481505602,-0.8059771251376312,,,,0.0,0.0,0.0,0.588839236810196,0.0571422473103393,-0.0443657267639987,-0.092635352681816,1.0590717028214214,0.0,-0.4512015693967631,0.0433456516660257,,13.4789,0.2961220871139338
2005-12-31,-0.0433525573636132,0.3324300713746433,,-0.6362064172306514,-0.0023469148172419,0.0008538653808791,,-0.4208480419176145,-0.1990851102358115,,0.0147338407372644,-0.4816329104383128,-0.5194980017323442,-0.3317243418757848,0.3537841491917758,,-0.0455734016640743,1.949328817213116,-0.2152990771486271,0.2125310358989676,,-0.0439090142661657,-0.1934336540475116,-0.5706649071527105,0.0287451373070147,,,-0.239030187398865,0.0341271314989404,-0.385101000912034,-0.0423155062179606,-0.1951253640364233,,,,0.3718978286777595,,-0.4438978810377132,,,0.3704827312527067,,0.6285163082859108,,-0.1031679875424177,,,,-0.0257898745843299,,,,,-0.0433525573636132,0.1349894505556501,0.0562536319830498,0.0548764518017923,,,,-0.2036528497409326,,,,,-0.3824270710925614,,0.0103571464310374,0.2442371289190517,0.3157101016192095,0.2905375655642838,,-0.0295715285281928,,0.1702201605606698,1.2768708558554107,-0.5992538253794729,-1.8445707470636523,0.6345992033861237,3.0340478739488246,0.251817828344677,,,,,0.4052293121166213,-0.935435505062215,-0.2086921204005018,0.3722831532121244,0.1339747653917075,0.0,1.044949977160723,0.75,-0.1255766550108017,,0.1726290733349885,-0.0449987872220454,0.6644286308973999,0.5513381804739117,0.0732996084935116,,0.786085793210206,0.0830553113968743,0.2648989955733321,,,,0.0,0.0,0.0,1.7475550653304674,0.2294662409541747,-0.0495370632484825,0.2420456426684492,1.3365447073426415,0.0,-0.4512015693967631,0.2224332814962479,,12.7224,0.3714889073809487
2005-09-30,-0.0498209109674786,0.3533310061795527,,-0.6331315765876221,-0.0078657963540956,-0.006939447903596,,0.1869629865960939,-0.1995040339262551,,0.0109302940860719,-0.3625318920122548,-0.505615866603711,-0.3241776940596125,0.3409395305539914,,0.1442343534679921,,-0.2155945983339159,0.8991571303227733,,-0.047426431260647,-0.1934930421281511,-0.5790210341540148,0.0015682088161842,,,-0.2157054201136801,-0.0407808584147479,-0.5162140222079148,0.0249876014203812,-0.1983068278853833,,,,0.3580143496368481,,-0.444698599913526,,,0.370400955195067,,-0.6335879844370906,,-0.100167374475882,,,,-0.1105673968113506,,,,,-0.0498209109674786,0.1307230097920329,0.0505305266568271,0.0491649127511568,,,,-0.0698134715025906,,,,,1.0764000987243196,,1.9389921903256104,-0.1212110833483883,0.3029137254015428,0.3630958654485459,,-0.0178712639680706,0.0945943993295379,0.1728655340293834,-1.4239503147326502,1.08078336415433,-0.1129370584166672,1.3845101393024049,,-0.1090733345203876,,,,,0.0092311060729659,-1.056446402349486,1.1103169491874436,0.5187193953508393,0.0,0.0,0.1607429209199888,-0.375,-0.1475423417593577,,-0.0099604607706057,-0.027194576834996,-0.0757668607528447,0.0,0.0898315074242909,,0.0018799375467065,0.0333570801072343,-0.7534772936655956,,,,0.0,0.0,0.0,0.1720161220257544,0.0971447527530946,-0.0815872657380359,0.1728088200333764,0.8388760619722295,0.0,-0.4512015693967631,-0.2523810403116969,,13.2824,-0.0666069385050894
2005-06-30,-0.0709567511207264,0.3933299867289681,,-0.5978364987969461,-0.0474270018904135,-0.0008538653808791,,0.170239572780961,-0.2014980238191902,,0.0085723538930339,-0.3877639111738182,-0.5005615755260999,-0.3041132687017652,-0.0278796563721498,,-0.2338946367053299,,-0.1485515821002757,-0.2752058170142065,,-0.1056002350128635,-0.1935027866840183,-0.5636495335403046,-0.0890853887255269,,,-0.2101325922866394,-0.0122792015968623,-0.3723053084652942,-0.0435720512093428,-0.3275626341489639,,,,0.3996995490153111,,-0.448509855714702,,,0.3703875371597696,,-0.5923003521500537,,-0.0894304123838079,,,,-0.0234259959578313,,,,,-0.0709567511207264,-0.0782787225914752,0.0610584562850663,0.0596715656548727,,,,-0.0419378238341968,,,0.4968009454099834,,-1.9750846340016872,,-0.4254478447271475,-0.0542355262514598,-0.0645202331527085,0.7961220419118914,,-0.0393797120890313,0.0830347079732971,0.1701138860564978,0.960478077413362,0.7775251931846433,0.8247839352549143,-2.506715123019637,,0.1650417346497523,,,,,0.9130884653551008,,1.349649550212911,0.9959576258733318,-0.0116509615834466,0.0,0.600519560679269,-0.375,-0.1826906941972832,,0.0537115224976083,-0.0599238312443101,0.353957446352353,0.3104913295187623,0.0594411270472922,,0.4426477260595708,0.0080058976897781,-0.7275554457002898,,,,0.0,0.0,0.0,0.5834299723115162,0.1250327642494064,-0.1070477338566047,0.1490865163446845,0.9235122741801672,0.0,-0.4512015693967631,0.0628853158676877,,15.2688,-0.0822919941318244
2005-03-31,-0.0492735140029298,0.45629636054028,,-0.5975580240775689,-0.0039629281661702,-0.0113154055986616,,0.1186587819311336,-0.2084719449507243,,-0.0135989164625173,-0.3913788729181826,-0.4880814678294903,-0.2832129005517251,0.0397136979889253,,-0.0522917149400569,,-0.0049961284904268,0.4067728265536617,,-0.0065755363321168,-0.193579438741588,-0.5347522386756904,-0.0420378247233487,,,-0.1828917526871871,0.0262540523569884,-0.3742205842538544,0.0178506872605615,-0.2626917025287114,,,,0.4750899890210893,,-0.4618396110277439,,,0.370281988992351,,-0.6822111146495345,,-0.0773002605293792,,,,-0.0257181443414404,,,,,-0.0492735140029298,-0.0362944547823297,0.0808501925915259,0.0794233032782008,,,,-0.0388341968911917,,,0.7114367183207012,,0.0,,0.6237503877675596,-0.1791439872644137,0.0028192509230582,-0.5147233371912631,,-0.0147391867777901,-0.0655940236395688,0.1102583619364938,-0.2996580926312044,0.4243710643630952,-1.2388234571652046,0.7190200108977371,,0.4152970118935575,,,,,0.5965646442280867,,-2.0981458220463485,-0.6251920328092229,-0.0394054815338228,0.0,0.6555547664826373,-0.375,-0.2213553881939254,,0.0427703182739465,-0.0224285169773163,0.4459682303735637,0.3960331519590714,0.0942569785994977,,0.5109660243407708,-0.0350128372567095,-0.7363099116913466,,,,0.0,0.0,0.0,1.116423841559923,0.0968822398019902,-0.1369582147010919,0.091914054051368,0.7878885323077517,0.0,-0.4512015693967631,0.0,,14.4411,-0.0296930289243894
2004-12-31,-0.0511441083910205,0.4838808674780597,,-0.5922973630261844,-0.0122743978511276,-0.0037271121493436,,-0.4938244281478575,-0.2128010483130985,,-0.0043181846037136,-0.3491540703789404,-0.4849166625779148,-0.3120791467556881,-0.0863469461312314,,-0.1289403541233443,1.748118743497685,0.0049961284904268,0.1801757611962589,,-0.0337862989743889,-0.1940934448813871,-0.5684437710695265,-0.0158175456736927,,,0.6491751074212393,0.0580413864259281,-0.3664606942784301,-0.0056815251244817,-0.1627981563711575,,,,0.4879936575051786,,-0.4701141365718291,,,0.3695742140438651,,-0.3237726670635855,,-0.0935970980328846,,,,-0.0085266643410818,,,,,-0.0511441083910205,0.0003822316808621,0.0577748864764236,0.0563946318718056,,,,-0.0388341968911917,,,,,0.3210559081716477,,0.5336567946168571,-0.2875755613323631,-0.1227679287272337,-0.2498795833435937,,-0.0385868597665743,0.123551426176921,0.1079892576582269,-0.1065100744093204,0.199108745330023,0.1543141843192263,0.3665741773052771,0.7473827872804688,0.5881369666885908,,,,,-0.4235326108068212,-1.1823170260452895,-0.6411551813385045,-0.3341553450801751,0.0487139900268285,0.0,0.6166061272388849,1.0,-0.1613588647687701,,0.1002672629073335,-0.0587173534349966,0.6301112883832365,0.5195475402493008,0.0605613884221133,,0.4998148419985054,0.019670858018529,0.22377817225805,,,,0.0,0.0,0.0,-0.0842591158572286,0.1510931589843062,-0.0848067124621626,0.1466066926993228,-0.0192811067020818,0.0,-0.4512015693967631,0.2195253735441392,,14.3708,-0.0249464191276755
2004-09-30,-0.0762313394227762,0.3754005052366665,,-0.6029884685042938,-0.0064353245023684,-0.073881213990272,,0.1049254706868885,-0.2164083770452211,,-0.0325633635145177,-0.3970733490418479,-0.5196958206176863,-0.3390195810301626,-0.195778716878536,,-0.062541184754251,,0.0311851309759602,0.1150778464353053,,-0.0474766653290412,-0.194188895491614,-0.7140490259593226,-0.0512794399726157,,,0.9568707828630648,-0.0923175298216697,-0.3715821062530206,-0.122501000638308,0.6374828729355007,,,,0.337577376966499,,-0.4770090825320686,,,0.3694427806902428,,-0.3670160475194882,,-0.1171867636018039,,,,-0.0256200377021499,,,,,-0.0762313394227762,-0.0217743022077461,-0.0419500470550724,-0.0431287596648456,,,,-0.0414352331606217,,,,,-0.8315343159104556,,-0.6606229727083116,-0.177589687291578,-0.2317886905059195,-0.1876480583121968,,-0.0811421213664385,0.1084082305002456,0.1107495224828022,-0.3050732729231104,,,-1.0759946244419851,,0.6898554095155728,,,,,-0.2544380996775822,,-0.2834556883918789,-0.2757530283666783,-0.1844633410931125,0.0,0.4595174906779802,-0.375,-0.3076401196737081,,-0.0581231486404048,-0.1234733960617792,0.2796198793318766,0.227136521796617,0.0004328947349177,,0.321913032454361,-0.1757746403001674,-0.786320023369211,,,,0.0,0.0,0.0,0.5272295273315176,-0.0429537813634156,-0.2142952189078891,-0.1212911507014616,0.6319032214497489,0.0,-0.4512015693967631,-0.0542868359761683,,12.9677,0.080553991841267
2004-06-30,-0.0736886695765925,0.406297803916626,,-0.597558773673045,0.0023469148172419,-0.0805093184138616,,0.1081590135798151,-0.2178969075130392,,-0.0429133102636069,-0.4040441460822889,-0.5162046327624149,-0.3448646345989103,-0.0847783089537124,,-0.0161046036402217,,0.0268747694085207,0.3143255175761196,,-0.0209719321959812,-0.194244907505654,-0.7533499476627505,-0.0316528400089988,,,1.062142733289437,-0.1092948650821033,-0.3751785666531778,-0.1471301226555015,0.4722647419792313,,,,0.3585374003218843,,-0.4798542175053197,,,0.3693656534007377,,-0.3677141169248946,,-0.1228707904338402,,,,-0.0299765485878143,,,,,-0.0736886695765925,0.0550552409177401,-0.0688672198423269,-0.0699915334115892,,,,-0.0337512953367875,,,,,1.7018024555832656,,0.0945709682538094,-0.2057184643777715,-0.121205183110676,0.3230111551626486,,-0.0763539557741592,0.084566367077999,0.1096580546021168,-0.9245185133946658,0.1672047569909171,,1.7557498330949368,,-0.572649541591113,,,,,-0.4712843385492261,,2.009644025951249,0.5461387861003127,-0.0398765533674376,0.0,0.1256765204339199,-0.375,-0.2516431636349066,,-0.0348848245425203,-0.1161872781167605,0.3722595525953294,0.3002146539430351,0.0071983374502207,,-0.0552054419771538,-0.154143949867983,-0.8025885895332899,,,,0.0,0.0,0.0,0.3671802697832894,-0.0386889432976015,-0.1576789075582502,-0.1454549163510658,-0.9376483223893652,0.0,-0.4512015693967631,-0.3259715037866228,,12.3978,0.1302247172885511
2004-03-31,-0.0660338270579091,0.1879588769187976,,0.3738611185107637,-0.0087961933535207,-0.045383303330519,,0.05974364914819,-0.2206893620989119,,-0.0150278902327299,-0.3881838339580776,-0.5566078596523628,-0.41088965648657,-0.113166552064242,,-0.1108037631656065,,0.0057091416171501,0.0564578005115089,,-0.0403765270511662,-0.1942728367838876,-0.356732851015643,-0.0015682088161842,,,0.7604116081185629,-0.0412708840874835,-0.35187788191926,0.107757601642097,0.6038109076340772,,,,0.3992009531729678,,-0.4851916361038975,,,0.3693271954098063,,-0.2135492387005063,,-0.1253755212307842,,,,-0.0101503094531635,,,,,-0.0660338270579091,-0.0003822316808621,0.2027755421618591,0.2011022442794394,,,,-0.0252901554404145,,,,,0.7014716554373892,,0.1249790927168317,-0.2394084718629873,-0.1494868043284767,0.2945701691743209,,-0.0508812460409136,-0.0614036355229315,0.0460283494420588,-0.0975572398391256,0.4994721265806403,-0.3940830257467728,1.0358797492779117,,0.6292429621608265,,,,,0.7466637002821597,,0.2068459661173884,0.3154779557467349,-0.0640302776581276,0.0,0.535489431245008,-0.375,-0.2653030298922171,,0.0,-0.0774256346608789,0.4241482749317959,0.356000393959468,0.0431900247013245,,0.337976740151596,-0.0640313516482172,-0.7985529065456262,,,,0.0,0.0,0.0,0.7122928557667972,0.063644030842479,-0.1700737568956034,0.0698148030459829,0.3815318125397938,0.0,-0.4512015693967631,-0.1214127840368538,,11.6175,0.0147708198837959
2003-12-31,-0.0939299311140377,0.0920892705657777,,0.4215762437452113,-0.0401694372497049,-0.0678962729147259,,-0.5216393575586493,-0.2227201284725057,,-0.0218726520044474,-0.403720976975679,-0.5766419765439504,-0.4474595820113398,-0.1471673235857067,,-0.013912276234949,1.4761591234726918,-0.0630194983300322,0.4343779752459537,,-0.0882132605485264,-0.1947718808103473,-0.4398910033664314,-0.0461899856066561,,,0.0246808182160153,-0.0186667714192576,-0.4814913588876552,0.0493861390297951,0.8680889233874783,,,,0.3470840454837842,,-0.4890731854285031,,,0.3686400229564622,,-0.2148109558820135,,-0.1489926764871738,,,,-0.0996024972573419,,,,,-0.0939299311140377,-0.1155312697773948,0.1458205838943086,0.1442623907855804,,,,-0.0252901554404145,,,,,-0.6884547802094576,,-1.0410726258261058,-0.0598435555899503,-0.1833598741602049,-0.4034169765322958,,0.0396550367858636,0.8753937519868219,0.0450517729172351,1.1740318388885047,0.0803338203391331,0.3015323305257306,-0.8732357589104239,-0.2609220107385402,0.2432274311296517,,,,,-1.8217344167699605,-1.150623695803385,-0.2693624306183267,-0.4628950309701609,0.1188133506920077,0.0,0.7691181408740648,1.0,-0.2253362772752209,,0.0470416417067687,0.0603427909013302,0.2374039023292128,0.2739853182639339,0.1711133438339556,,0.4609083084231878,0.0070218468154111,0.1971372716446082,,,,0.0,0.0,0.0,0.8010848748352101,0.1263856235460552,-0.1195190311820451,0.1627791599617016,1.9034401147348043,0.0,-0.4512015693967631,0.0904935816482266,,13.0948,-0.1052631578947367
2003-09-30,-0.1056174557229896,0.0216526739466089,,0.4257308766715862,-0.0175741015086633,-0.1297078847441963,,0.1417544802528642,-0.2244669147776007,,-0.0501841049897357,-0.4448432605201151,-0.5933488020526252,-0.4726036852121856,0.0340539389548153,,0.0425633327446894,,-0.0689714285020777,0.5192184553923125,,-0.0443258194062532,-0.1947896051599955,-0.5250623975927446,-0.0482101868323637,,,-0.2286518468849136,-0.1051181227427127,-0.442219075838522,0.0138182607447549,0.2256526879871386,,,,0.22186959192396,,-0.4924119432939748,,,0.3686156169237559,,-0.212703478577923,,-0.1672859267070331,,,,-0.0856348680710685,,,,,-0.1056174557229896,-0.045472216295568,0.0874867577255172,0.0860464560535305,,,,-0.0253626943005181,,,,,0.7222347060188681,,0.8028325258714227,-0.217503692279456,-0.0028192509230582,0.0322637838902706,,-0.162391888479007,,0.044508911260789,-0.0328221192327835,0.5841907019354223,0.5051083070995934,0.5998944822277512,,0.4688961484932283,,,,,-0.2477496088963283,,0.5784910244949171,0.0254589120293062,-0.0318457465601269,0.0,0.3798789912842512,-0.375,-0.3417551400737311,,-0.0813955167782096,-0.2471105958992354,0.1531005847597982,0.0786407858681881,-0.1143690339866241,,0.1359259901782854,-0.1231889934677568,-0.790652315574231,,,,0.0,0.0,0.0,0.5079269144905584,-0.0101971121181643,-0.2181254275153366,0.0,0.792146068210613,0.0,-0.4512015693967631,-0.225460010645737,,11.8827,-0.0139951357856379
2003-06-30,-0.1111198845898304,0.0508835175001245,,0.432771826978747,-0.0277720378205664,-0.1282720292245152,,0.1453328189096015,-0.2259394218968903,,-0.0693755574308683,-0.4436765018126535,-0.5788221410773031,-0.4540795785024086,-0.125060489499234,,-0.0572130037860471,,-0.054395862460678,0.1033733455298971,,-0.0775582017593553,-0.1948736231810554,-0.5134940000464594,-0.0855598000543163,,,-0.2016149333812617,-0.1147079953049728,-0.4070717239260604,0.0430119271418619,0.4756921801165137,,,,0.3094821985166319,,-0.4952264516927132,,,0.3684999259894982,,-0.2467467658040605,,-0.1575657730172888,,,,-0.0622512607331494,,,,,-0.1111198845898304,-0.13243093647437,0.0954099448195708,0.0939536305529809,,,,-0.024300518134715,,,,,-0.4830138913958808,,0.0242853283051019,-0.2327781863606974,-0.1613360699563272,0.0112044128148932,,-0.0732280889153863,,0.0434002096767244,1.1951391839679042,1.008199066174893,0.5413302606998106,-0.7667196452098761,,0.2386851314178152,,,,,0.8656510331140328,,0.9614601092213276,0.0376848895597977,-0.1487941690341253,0.0,-0.6781941452542963,-0.375,0.0186096170977589,,-0.0973150600516231,-0.1114306684769084,-0.945718997278982,-0.6930286713447105,0.0116150337321522,,-0.8414046653144016,-0.0083888860372808,-0.7712378940745568,,,,0.0,0.0,0.0,-0.1631996252800012,-0.034582490705326,0.0127984618335988,-0.0397273920085446,0.8807697007505354,0.0,-0.4512015693967631,-1.0577414820054127,,12.1474,-0.080181767291766
2003-03-31,-0.1321416376667114,-0.0216526739466089,,0.3366500746831343,-0.0447769230247986,-0.1549644855606334,,-0.0632227390582499,-0.2285693263687752,,-0.0614498249493014,-0.4537940595015412,-0.6076178159919162,-0.4919084895489887,-0.1404758788721855,,-0.1121659119234726,,-0.0078631087615053,0.2768332182127055,,-0.0551942697654113,-0.1949120643030197,-0.6069004451892553,-0.1049396970412895,,,-0.0015403909044352,-0.128933370437663,-0.4110918394032897,0.0098045050311977,0.6678702713928588,,,,0.1840090491002209,,-0.5002531766076806,,,0.368446993425057,,-0.2702855507709917,,-0.1825381216384394,,,,-0.067787536432574,,,,,-0.1321416376667114,-0.1151410108561299,0.0314359382472885,0.0301089141035015,,,,-0.0461295336787564,,,,,0.0317450260256462,,0.3925551487669349,-0.3154041977341469,-0.1766935614880597,-0.1115723115565515,,-0.0814484977208083,-0.0262332745715689,0.0,-0.8812365979228634,0.7816664453003941,0.1741624057039799,-0.0289420175311065,,0.0575164158711585,,,,,0.7592178632849883,,-0.8701351171917437,-0.0807251752600884,-0.1382305444912827,0.0,0.4382388243164217,-0.375,-0.3969410961574207,,-0.1214065484226605,-0.1239396068079369,0.121073685451755,0.1072095931828821,0.0,,0.2517765159602861,-0.1878384188464289,-0.7810709390378177,,,,0.0,0.0,0.0,0.4589564501323985,-0.0631421443797293,-0.2693221519245524,-0.0779703420205619,1.1283370527818688,0.0,-0.4512015693967631,-0.1670353067553865,,10.3722,0.1146719114556218
2002-12-31,-0.1451406841212144,-0.0579557657348203,,0.3596577834293112,-0.0418647039226448,-0.1911490275232218,,-0.5633734555364737,-0.2296115197064986,,-0.0778333305847474,-0.4496042902669446,-0.6298545144162461,-0.5074461203183589,-0.223864050740993,,-0.1039872248028096,1.4956750067802849,0.0248012665540409,0.252968245374951,,-0.0584209484873369,-0.1949367709722264,-0.652799074941169,-0.1261200401489088,,,-0.0094451193975769,-0.0960301006035733,-0.4107262334260238,-0.0893085151694433,0.7315260605708003,,,,0.1100802406841575,,-0.5022451954330611,,,0.3684129728946178,,-0.4168622414835533,,-0.1933481139779282,,,,-0.0663468881606198,,,,,-0.1451406841212144,-0.1635887826292318,0.0,-0.0012634927732479,,,,-0.0461295336787564,,,,,-0.6644750850023761,,-0.1138399781563564,-0.3054174609196174,-0.2597685401563849,0.1410938461917309,,-0.1369667912873189,0.1544302517122792,-0.0004509485717568,0.3531577023034279,-0.5268125640685077,,-0.96568118888299,,0.7943137675287346,,,,,1.0309528097664675,-0.9110255815750832,0.1691730577924397,0.1034873900310666,-0.0528342553112542,0.0,-0.000440127338834,1.875,-0.3091777659481846,,-0.0937469695646283,-0.2084214041133648,0.2224177575453309,0.1475567092511667,-0.078444620917298,,0.0988259981851179,-0.1050321325687821,0.7283104509808328,,,,0.0,0.0,0.0,-0.1174777415565234,-0.0115200497258574,-0.1985765261314944,0.0153183115963008,-0.7806854504177144,0.0,-0.4512015693967631,-0.3384493352034291,,10.9619,-0.0900208905390489
2002-09-30,-0.1576241078627006,-0.0445044280377144,,0.1241026522280835,-0.0586782494578884,-0.1971578235908236,,-0.0111763685925234,-0.2308360510283804,,-0.0908655036062837,-0.524159206107502,274.5600770016506,-0.4964114021129405,-0.2137851940703667,,-0.1442657289633487,,0.0825788744223076,0.4080511322269307,,-0.0230322859518604,0.2522045283296394,-0.7065441858489745,-0.1697306561945231,,,0.0015403909044352,-0.1083901714678994,-0.3950534932359233,-0.0870675521294633,-0.4082746045171631,,,,0.1427949591293388,,-0.5045857299166007,,,0.3684114937411205,,-184.252654971408,,-0.1920089045918465,,,,-0.0774381346070252,,,,,-0.1576241078627006,-0.1564268337292938,-0.0368099875034069,-0.0379990880655104,,,,-0.0417046632124352,,,,,0.2360660568843636,,0.313181809734431,-0.3735271733205259,-0.2497275381275757,-0.1530242064566968,,-0.1253224197107641,0.0950567869837875,-0.0006319024572388,0.0485933377471664,,,0.0413685679772094,,0.2370353681624762,,,,,0.2326457677815328,,-0.2760937931582942,-0.1600277863125693,-0.1798590978974386,0.0,0.2625157924177106,-0.375,-0.4144065164388666,,-0.1588825026702219,-0.190702245686763,0.0327504792600546,0.0119172739084152,-0.061991696025997,,0.1398626828226753,-0.2285084263638452,473.0720176167899,,,,0.0,0.0,0.0,0.3132764957636242,-0.1108626502717088,-0.2865389786610443,-0.1460972330430093,0.9012470335522128,0.0,-0.4512015693967631,-0.1892099112935533,,11.0027,0.0107428176720259
2002-06-30,-0.1702848961434143,-0.0588203545059103,,0.0976513018646281,-0.0568925871910561,-0.2308607808970042,,0.008760691550754,-0.2313100429136162,,-0.1089033456664628,-0.5329886196196162,-0.64417630480112,-0.4986484716331543,-0.2825231654333053,,-0.1229118777520249,,0.0965735926637927,0.3660299251404783,,-0.0330239797830583,0.2084085043654747,-0.7544354088417923,-0.2021572899729312,,,-0.0562997321885821,-0.1161470073009816,-0.3998043039101193,-0.1123254134124041,-0.1785670230225305,,,,0.0828355248628192,,-0.5054917045801212,,,0.3683575046384669,,-0.1748277326244179,,-0.1965956864047072,,,,-0.0830843778520449,,,,,-0.1702848961434143,-0.2030469454024618,-0.0696106514170519,-0.0707334625267257,,,,-0.0157512953367875,,,,,-0.1795250181424356,,-0.7208988487770848,-0.2525176652924162,-0.3182073401990746,-0.1353571868305055,,-0.1554094057540791,0.0483989827471606,-0.0012350820755123,0.4898317143788847,,,-0.4332670106222048,,-0.0103637110225261,,,,,0.0113676092000296,,0.3570405578794219,-0.0983077363803281,-0.223846236991077,0.0,-0.0342685600909713,-0.375,-0.4079052612266404,,-0.2020197400410867,-0.2364854009884927,-0.1019801078044797,-0.1094343848363381,-0.1045031289806937,,-0.2442984680260489,-0.2057670460972312,-0.6468687504213199,,,,0.0,0.0,0.0,0.0,-0.1161182951978083,-0.2877074820488512,-0.0942641590162721,0.2942716205004855,0.0,-0.4512015693967631,-0.3943948508673546,,10.5836,-0.1067237211478477
2002-03-31,-0.1762754058687616,-0.1216854595112224,,0.1034681627592909,-0.0514552992041764,-0.2535380223041872,,-0.008760691550754,-0.2342752793902479,,-0.1198431368120078,-0.5037491064817574,239.6052201620274,-0.5138544875439057,-0.1603974390975626,,-0.1110724335109794,,0.0535938895685269,0.4524604700655254,,-0.0255434388612335,0.1752436373948712,-0.8207982433643384,-0.197679018806109,,,-0.254595393920122,-0.152751424005586,-0.4063917570967285,-0.1394624909417436,-0.2177005012646687,,,,0.0488829063226429,,-0.5111593735906126,,,0.3683093264959815,,-365.9259567589272,,-0.208749056366097,,,,-0.0790235988969074,,,,,-0.1762754058687616,-0.1594248204673924,-0.1150625086781895,-0.1160934625395563,,,,0.0124248704663212,,,,,-0.257147382884592,,0.351914249403517,-0.3277110115812995,-0.196540299384733,0.1057164667930754,,-0.0597827212016577,-0.0016978296679478,-0.1170599302035013,-1.392872318349358,214.1259625175816,1260.9717596752405,-0.7431021154212865,,0.3482235974286949,,,,,-0.0720266409580009,,0.2438570991377749,0.1337245978628882,-0.2974463712142844,0.0,0.5742644744467503,-0.375,-0.4599165079763894,,-0.1521871748192399,-0.0909709468803255,0.1845700595122177,0.1692797962204176,0.0306126776733078,,0.3591264545745703,-0.295464759962762,474.2314900119093,,,,0.0,0.0,0.0,0.6423501592182252,-0.1411727227500186,-0.3325623115323331,-0.2357584711398166,1.4989742039629812,0.0,-0.4512015693967631,0.0263205009116315,,14.1543,-0.0923428260527183
2001-12-31,-0.1652118158079372,-0.1183892359543314,,0.3198969905896721,-0.0194250106724782,-0.2733167286036878,,-0.522830810673243,-0.2415722254365445,,-0.1455956712916276,-0.5173304852413694,,-0.5062607230829622,-0.2362843853448917,,0.0266895933912465,1.568201816157048,0.1356396728999184,0.6285170907461683,,0.0011856272347924,0.1917991007117688,-0.7825921685829617,-0.1741736352249582,,,-0.2462240548687931,-0.1190067931186767,-0.4054277458591462,-0.1963234856520719,0.5305709586111438,,,,0.1067022386943215,,-0.5251065495759834,,,0.3662372437538253,,0.7671073157673687,,-0.2023079607852718,,,,-0.0822841620400307,,,,,-0.1652118158079372,-0.201487410136169,-0.0888951957542439,-0.0899790332050968,,,,0.0124248704663212,,,,,0.3131152311733091,,0.031150064973403,-0.344240972183913,-0.2721422258860071,-0.1663641064788593,,-0.0685372185167244,,-0.1186511754821846,0.5196646145636729,-950.798721865198,-55.66247842584632,4544.1763242336265,-0.3383571831354249,0.6184649934045808,,,,,-0.9028544388059596,,0.8232626800621728,-0.2384303108296856,0.0403185865263776,0.0,-0.0161952832727939,1.75,-0.3677945049029044,,-0.127858065927143,-0.1042926039445209,0.0976850801387129,0.0979623390938662,0.0182430031194745,,-0.1917236041422013,-0.1908928749577894,2108.934768442577,,,,0.0,0.0,0.0,-0.0829747932807264,-0.0901516550883028,-0.2266954113841946,-0.1389799665712868,-0.2786049173896546,0.0,-0.4512015693967631,-0.3602096712426208,,14.9411,-0.0670700283111685
2001-09-30,-0.177242331369614,-0.4677432859436741,,0.2261274688981124,-0.0260145630515205,-0.2931976120794615,,-0.0220190600897908,-0.2467910107470336,,-0.1576244414782532,-0.5256483457042401,,-0.5290079198404163,-0.2529668219384398,,0.0061886751280159,,0.139130827896229,0.6130836149121661,,-0.0011856272347924,0.2370891876038584,-0.7884638894096673,-0.1911554452235521,,,-0.0842018914433416,-0.1438970910011745,-0.4055474613617139,-0.1735983186942574,0.5808587080237329,,,,0.0969679986656952,,-0.5350815879952684,,,0.3664745422363301,,1.7768202880892052,,-0.2136323340938153,,,,-0.0847467685913881,,,,,-0.177242331369614,-0.1898735687130278,-0.0929167330923153,-0.0939924431007248,,,,-0.0256269430051813,,,,,-0.3711415552027348,,-0.1601519334054783,-0.3257844116654331,-0.2887620058030567,0.1261700608239553,,-0.0913477661437567,0.1746597115857006,-0.1195588171934914,0.21647380851211,,,-0.7217250879005876,,0.968193000497836,,,,,1.193030408972607,,,0.0570866229388478,-0.155850566980123,0.0,0.0178032385306059,-0.375,-0.3976153227174283,,-0.20477524399948,-0.1390032540250052,-0.3606429677855058,-0.2630138169140831,-0.0139871798809246,,-0.1416525435037899,-0.2264495981959618,-0.4423701772914185,,,,0.0,0.0,0.0,-0.0713101223506125,-0.14278929186533,-0.2720266022558116,-0.1600079923445056,1.5626957533973465,0.0,-0.4512015693967631,-0.3315561000635051,,13.6074,0.0467465174783164
2001-06-30,-0.1896855160655249,-0.4716758630661464,,0.2129983041339347,-0.0429254550010524,-0.2989649403412116,,-0.1749953199183281,-0.25069723284493,,-0.1543662827180918,-0.5428766090102108,,-0.5405881121180486,-0.2343400140478121,,-0.0465795374813858,,0.1667862708260515,0.7632810312319152,,0.0193529501040481,0.2029148767199548,-0.8956978804411205,-0.2053358393030022,,,-0.0573746646596652,-0.1835206270244248,-0.4075592846886757,-0.2055603982948889,0.5194947511369867,,,,0.0786630436446689,,-0.5425478302686311,,,0.3659859989669169,,1.6973655668323573,,-0.2270495062660081,,,,-0.0910041309136237,,,,,-0.1896855160655249,-0.1757877873714553,-0.1663612158207896,-0.1672884960731164,,,,-0.040720207253886,,,,,1.054154709849961,,0.1874464809289838,-0.3708988507592278,-0.2702051573496886,0.5272003743012633,,-0.0844915601594813,0.1594009189954628,-0.1066938576208872,0.1169155212111031,0.0787297662712724,,0.8100618320965953,,-0.8894404250138994,,,,,-1.2112383595893677,,3.333078185343949,0.8440543673641446,-0.1662560920719578,0.0,-0.2473918948183334,-0.375,-0.4258641502772071,,-0.213107780679354,-0.1285702135434221,0.0136461819097865,0.0241016847163964,-0.0042996977049266,,-0.3853972056154585,-0.251953172645583,614.3119340269195,,,,0.0,0.0,0.0,-0.4406359663205291,-0.1591596473709008,-0.2926219368529343,-0.190259120910102,-0.7991176224684704,0.0,-0.4512015693967631,-0.495901872959266,,13.2814,-0.0816272793101179
2001-03-31,-0.1926889959559081,-0.4161599316782139,,0.3044369586925106,-0.0319281044861293,-0.3224568860371651,,0.0169725890293735,-0.2574330238510439,,-0.17835934575784,-0.5293200590965945,,-0.5750081518988835,-0.2798705986468294,,0.4453129002539789,,0.1258761869392986,2.034926353911924,,-0.0157175174557366,0.1773128593053209,-0.8456526294276363,-0.1897554554179183,,,-0.0044644837357417,-0.1708980066176514,-0.6861236512143092,-0.1833972224847803,0.4246296853407056,,,,0.1087077379012823,,-0.55542243040503,,,0.3659200709824632,,1.2318686567990806,,-0.2398592528001523,,,,-0.2697974658467674,,,,,-0.1926889959559081,-0.1947880403420594,-0.1320852596771456,-0.1330818109164941,,,,-0.1550673575129533,,,,,8.35571109138262,,-0.6625471575387017,-0.26056106960937,-0.3155647360471394,-1.1354340170898076,,-0.2524127137906621,0.0856211889142559,-0.2256179000732432,-1.2948358152909671,0.197279919354564,18.255258598956683,8.951882330797805,,-0.2923569448128754,,,,,-0.0358791268941601,,,-1.257854308882269,-0.4213479430132142,0.0,-2.0913658764539766,-0.375,-0.5470857475795778,,-0.2817092721521816,-0.3840946533817604,2.255605958010924,1.6076919236959877,-0.2415640369774002,,-1.656887210419558,-0.3984375918302277,-0.8760667820146957,,,,0.0,0.0,0.0,-2.699064333228825,-0.2667259249093273,-0.4078076823446351,-0.3679663903083408,-15.901227739582865,0.0,-0.4512015693967631,-1.3453899382531196,,12.0382,0.0768756492875784
2000-12-31,-0.3322803508304778,-1.0886525978259414,,0.1766695341816942,-0.2822513525632844,-0.2983248484513727,,-0.5812955788604149,-0.2620941290644044,,-0.1482553099631661,-0.6427045313136578,,-0.9548101022977888,-0.1685150375443875,,-0.4862399726496132,0.9260159744381083,-0.5913116164705425,-0.5260561539753953,,-0.3933242570235055,0.1630734544045805,-1.1273474036571078,-0.2455067031719132,,,-0.0315394173589496,-0.2459276511666569,-0.6861239957193526,-0.4160340182016983,0.2813121034447078,,,,0.1050126313809897,,-0.5643315348830688,,,0.3659046455245622,,0.4806536698835551,,-0.4424197363347984,,,,-0.3022964056017648,,,,,-0.3322803508304778,-0.1349921513094304,-0.3250178063593773,-0.3256244449765577,,,,-0.1550673575129533,,,,,-0.0819647613118546,,-0.00762240231474,-0.2700000758195108,-0.2046274093752119,-0.2778733778226501,,-0.3171926817453516,,-0.2108486162772328,-0.0140468590966135,-0.9459815210246876,-0.3871663682376745,1.1952321782253656,,0.2226017565981445,,,,,-0.5479900979260028,,0.1602887953346261,-0.308178705175646,-0.3200287805531222,0.0,0.3998898804905228,0.625,-0.5539346602762762,,-0.2501796768773568,-0.4826698755406312,0.0224631376213336,-0.1209010338737683,-0.333094948732686,,0.1557479048788299,-0.381153027648699,-0.9075253353706492,,,,0.0,0.0,0.0,0.6532064624090114,-0.237839526391528,-0.3995730831977083,-0.340180439730635,1.0978011306266038,0.0,-0.4512015693967631,-0.1356632992632283,,12.7637,-0.1196860744438618
2000-09-30,-0.3385996114732506,-0.9442404063972976,,0.155109669097636,-0.2838527656965068,-0.3114934695487507,,-0.2160117371006035,-0.266051316993765,,-0.1605308496897188,-0.6490814065935365,,-0.9419925046409896,-0.1780411112231042,,-0.4881387554429241,,-0.5787360067381258,-0.4945218138032744,,-0.3886782250211697,0.1624980652356965,-1.163166683991184,-0.2732036435095478,,,-0.207784561872848,-0.2758865581548739,-0.6861284742849163,-0.420174268600495,0.1453855333978218,,,,0.117944998936669,,-0.5718951918030741,,,0.3658922840274772,,1.4807079000687684,,-0.4389108740841324,,,,-0.3041271082496204,,,,,-0.3385996114732506,-0.1633616192279265,-0.3495504054964439,-0.3501074642463461,,,,-0.0531191709844559,,,,,-0.2575923790719177,,-0.0049591360896161,-0.2799261570253443,-0.2141177045803561,-0.3727311679676919,,-0.3293897728260734,3.4597650492731846,-0.209291838405308,-0.3705495222190381,,,-0.6178679232150219,,-0.5785145589790364,,,,,-0.2708309054888708,,,-0.2916399119506377,-0.4210156115141572,0.0,0.1621369497421923,-0.375,-0.575843107057718,,-0.3209706471600049,-0.5012301033538823,-0.2320815697933062,-0.3210715697530872,-0.3503288391254941,,-0.0747821474324757,-0.4398877520456415,-1.108338763678853,,,,0.0,0.0,0.0,0.3766389278172938,-0.3149965909222383,-0.427382066391173,-0.4348201552491997,1.1527632179768343,0.0,-0.4512015693967631,-0.2945946792188951,,12.2524,0.0729800031181022
2000-06-30,-0.3389348673555566,,,0.1353893113119673,-0.2798992857560505,-0.3181107726776541,,-0.2442859260420108,-0.2690438221207539,,-0.1662276479807101,-0.6571752162794466,,-0.9400512269426068,-0.1880587527843639,,-0.5016837829180355,,-0.567007638646161,-0.5838622659473183,,-0.3846407821981196,0.1603665395507257,-1.1490007820670365,-0.2782138273598628,,,-0.1449061968762439,-0.2737005826896276,-0.6645882964488291,-0.4426511138883929,0.4640901473673202,,,,0.1270706973839027,,-0.577614981339468,,,0.3657397199096068,,1.496277155476787,,-0.4369413654353402,,,,-0.2923212139581122,,,,,-0.3389348673555566,-0.1608694236561424,-0.3398481895368032,-0.3404248562612578,,,,-0.0550621761658031,,,,,-0.6237623543540004,,0.1684305027611909,-0.3215628335895074,-0.2240977214143728,0.208133172449457,,-0.1838009712958477,2.111832789064532,-0.209541727104307,-0.4977864956471041,,,-1.019438416459125,,0.0875101293283573,,,,,1.7802085650821229,,-0.3001619645353762,0.2997881887391218,-0.2816009344000206,0.0,0.2360783426663124,-0.375,-0.5579733918506555,,-0.3080720825805245,-0.2796886468233093,-0.287273747268709,-0.267864105570344,-0.144619016071217,,0.0200404345041101,-0.4409715074743862,-0.8194683504482844,,,,0.0,0.0,0.0,0.4626507662495137,-0.3045722734459373,-0.4353293690667396,-0.4271055551763376,2.281293210452186,0.0,-0.4512015693967631,-0.2451666668004743,,11.6241,-0.1037757761891243
2000-03-31,-0.339000709275726,,,0.2104121997413333,-0.2691527934928026,-0.3340223083336813,,-0.2360567068481693,-0.2725575687058983,,-0.1822948245325217,-0.6581683701192721,,-0.9287771130214652,-0.2300794952075429,,-0.4575349276748899,,-0.4804620446425104,-0.325530177161312,,-0.3465280568798292,0.1616756093747461,-1.1441938737847517,-0.2898499730256251,,,-0.2021080428106546,-0.2936216795374398,-0.6645598747827519,-0.4715899238347961,0.0571278966878531,,,,0.1422611968189908,,-0.5843310570347073,,,0.3657185891453588,,1.5866967586502914,,-0.4311894755903761,,,,-0.2925872371423716,,,,,-0.339000709275726,-0.1922137718637271,-0.3365559415385723,-0.3371392618270413,,,,-0.0903886010362694,,,,,0.3369814670875957,,0.0448337924596543,-0.3405953609440104,-0.2659606403655747,-0.666179418355537,,-0.3714585584578505,2.5124772418576424,-0.299553359854088,-1.3027708331274643,0.2152480494225745,,-0.0951949875351468,,-0.2557932490524763,,,,,-1.223704237339012,,-0.1697979100113396,-0.6981287284051221,-0.4113876775997276,0.0,0.2547057240226236,-0.375,-0.5571533540059993,,-0.3022839080357001,-0.5652458789175091,-0.1909286300040913,-0.3174126037347897,-0.4097699661727864,,0.0363827132486388,-0.447296840009453,-0.8266858414039503,,,,0.0,0.0,0.0,0.484318043598974,-0.3079584112460867,-0.4324379088721486,-0.4447886173950135,1.7136774948710198,0.0,-0.4512015693967631,-0.2327145264533719,,9.1298,0.1410764748406318
1999-12-31,-0.3492143172588232,-1.0853404823362225,,0.1191133447390531,-0.2706864099306056,-0.3568520476407227,,-0.5702223212889088,-0.2755383459000788,,-0.2024439399167249,,,,-0.2492875827789232,,-0.4552643028622861,0.8250128411180886,-0.4719672972736805,-0.3315254727724158,,-0.3467209419397046,0.1559645323486932,,-0.3109262180100252,,,-0.1782060609831196,-0.270701906159783,,-0.5308067070189381,0.0911150625743124,,,,0.1440189139008147,,-0.5900284301325273,,,,,0.5796168348956242,,-0.4374496490677004,,,,-0.2959745425414349,,,,,-0.3492143172588232,-0.2000236015872029,-0.3400767151959599,-0.3406529200748601,,,,-0.0903886010362694,,,,,0.7768351488048095,,0.0508808220529308,-0.3607338073708591,-0.2850965853022526,-0.6422625526361151,,-0.3227033159030029,,-0.3119357757320734,-0.4880332420921568,,,-0.0679877118335175,,-0.1774621989817981,,,,,-1.600622234464444,,0.1994783904090865,-0.6820946011135305,-0.3654581738222801,,0.2228973179411509,,-0.5118620793954496,,-0.2592068495232802,-0.4910553688262514,-0.1165249581484929,-0.2294503590832617,-0.3408812040323559,,0.0189678525675242,-0.4066523492974225,,,,,,,,0.517665101555919,-0.2757251720796332,-0.3766604703380265,-0.4257911074183131,1.0437265658663957,,,,,9.3726,-0.1124127776710837
1999-09-30,-0.3679123175768472,,,0.0447875801024753,-0.2755372093483015,-0.3956518338825889,,-0.2648285439863598,-0.2959410879390325,,-0.2208241381370401,,,,-0.2696117906633237,,-0.481792708179415,,-0.4655127990407394,-0.3424837119868575,,-0.3483617380038034,0.1508137289206122,,-0.3479764636332061,,,-0.1965121724869133,-0.3052424028734544,,-0.5672796524430161,0.0388698291546548,,,,0.1486952457208951,,-0.6290256533538544,,,,,1.314183154950639,,-0.449682697784878,,,,-0.2932167688646126,,,,,-0.3679123175768472,-0.2139648926015251,-0.357280422518552,-0.3578218590665069,,,,-0.1064093264248704,,,,,0.1464479505494303,,0.2056476111373991,-0.4091769844384376,-0.3053444585750178,-0.1331616144204486,,-0.2820463456339299,,-0.3123551291809682,0.3727234997084894,,,-0.2826113548160708,,-0.0343761242191786,,,,,1.1722409975527328,,,-0.0917375796518695,-0.5569908189390236,,-0.2746008825342216,,-0.5852750485861878,,-0.4125700911761287,-0.4291879427820811,-0.56572696559154,-0.5421705277842613,-0.2834349027229956,,-0.4227023726913633,-0.4372082512134215,,,,,,,,-0.0825063932822374,-0.3543402207741898,-0.4511372511625694,-0.3986568885980679,0.8720102386664008,,,,,9.4296,0.0076461355730888
1999-06-30,-0.3768592921419185,,,-0.0052726545790023,-0.2824791229140466,-0.4074453119507968,,-0.2432990564288229,-0.2982692997854608,,-0.2417222891686486,,,,-0.3185018182470631,,-0.5042062596798527,,-0.4295283918792962,-0.2911134653798047,,-0.3407088873460072,0.1574976502288733,,-0.3706060413879296,,,-0.2464464149619539,-0.3000555462638849,,-0.5647343553263715,-0.4923094371276095,,,,0.1513860868416727,,-0.6334757315300308,,,,,1.2670963543469531,,-0.4530677186490083,,,,-0.2954848000720691,,,,,-0.3768592921419185,-0.248268966868653,-0.3626306871069101,-0.3631613108825732,,,,-0.0948134715025906,,,,,-0.1472937380048109,,-0.0677839137576356,-0.4076132723883904,-0.3540508627039258,-0.2851564924031619,,-0.3052564245879445,,-0.3128865017018282,-0.3007154362283467,,,-0.6080920846432103,,-0.1794608108550061,,,,,0.0434963785389143,,,-0.2512666372772976,-0.4321116117593726,,0.155331634196316,,-0.5828071022146143,,-0.3107113553723214,-0.464506556876136,-0.1027412067169658,-0.2076706067110725,-0.3162296038574431,,0.0,-0.4681358006745296,,,,,,,,0.4361559469801421,-0.3299033768820243,-0.4335459936887254,-0.4895127938971545,0.798230099878448,,,,,11.6151,-0.1037959208271991
1999-03-31,-0.373276161502787,-1.123384586084677,,0.0705054512925509,-0.2633070138248674,-0.4267459969717214,,-0.2414685724688775,-0.3033187298851473,,-0.2578765306548716,,,,-0.316923682173263,,-0.4280603350775706,,-0.3931786792690978,-0.1494530214497731,,-0.3196868931161125,0.1542007677367269,,-0.3552776953373154,,,-0.2590253139108128,-0.2852138811746867,,-0.586759833969891,-0.1573366434304428,,,,0.1599626629120735,,-0.6431270691964094,,,,,1.2461606182702647,,-0.4548677764548605,,,,-0.2949134997517328,,,,,-0.373276161502787,-0.2490097236138606,-0.3677620684689873,-0.368282321830759,,,,-0.1013937823834196,,,,,-0.3397545890231818,,0.0029977827558157,-0.4189945653097501,-0.3524786538674865,-0.2077362161097293,,-0.2906455846613092,,-0.4016429463888211,0.3415960947458917,,-0.4907837154732739,-0.8760726301643268,,-0.4873778575607487,,,,,0.2117045057261815,,,-0.1076244632358289,-0.5862327643366356,,0.2135582015800746,,-0.5872983307921801,,-0.3045297830328631,-0.4422733444005884,0.0919589721234123,-0.0511189393315911,-0.2955852049449448,,0.1220991913099178,-0.472230775405509,,,,,,,,0.5063932822374411,-0.3187595425253027,-0.4562424149261819,-0.4696946040428814,0.3380046176899973,,,,,11.9443,0.0193230243714575
1998-12-31,-0.3753765979833243,-1.123384586084677,,-0.0068273155964676,-0.254650517989806,-0.4445899917481436,,-0.615272825500046,-0.3097372875482558,,-0.2855744735982067,,,,-0.328409958642861,,-0.3923133286990878,0.7772962055695134,-0.330508284302303,0.0711501484122687,,-0.2871481537896048,0.1746789902560771,,-0.3701990874896678,,,-0.224420092365848,-0.2919024810831551,,-0.5704051447395598,-0.1595916532233862,,,,0.2254672832857567,,-0.6553953185066889,,,,,0.5034822701909364,,-0.4508228997467547,,,,-0.2952014373724026,,,,,-0.3753765979833243,-0.251034688781639,-0.35010998801767,-0.3506659158630571,,,,-0.1853575129533679,,,,,0.5820682744978137,,0.0619355927018214,-0.4411547782109367,-0.3639217896420852,-0.5826284813711247,,-0.3287107765812539,,-0.4007295601097213,0.577383716908604,,-0.4907837154732739,0.695428839959358,,-2.0131472322859394,,,,,-0.8762134808050203,,-0.0778338645760626,-0.3102757405601495,-0.3431790573078245,,0.1156132104834474,,-0.5667666558513255,,-0.2912821810744024,-0.5001968795380733,-0.0606895984935244,-0.1912012120999523,-0.3493694507940547,,0.0038616285897299,-0.4480694321725215,,,,,,,,0.3882431600379253,-0.3124997257178512,-0.411275379524701,-0.4734308158755788,0.5252590215385011,,,,,12.4621,-0.1106555074987361
1998-09-30,-0.3881609180490294,,,-0.0606992432739969,-0.264200386353842,-0.4619830964601303,,-0.2514000012991286,-0.3153664057177485,,-0.2810060286435163,,,,-0.3507745822200714,,-0.4343754308389037,,-0.361237026195192,-0.0871124012918401,,-0.3104041189734042,0.1429011495564318,,-0.4035026898199268,,,-0.2526748018201268,-0.3354758845740018,,-0.5781045168171417,-0.3574021138323346,,,,0.1623845007632285,,-0.6661546555299094,,,,,1.2630769745556587,,-0.4551720921179082,,,,-0.2938343832000428,,,,,-0.3881609180490294,-0.2674318652335867,-0.3800259574293017,-0.3805214257292228,,,,-0.167461139896373,,,,,0.0482599838652044,,-0.0996873557040071,-0.4337563626295566,-0.3862024151188606,-0.4785313600433401,,-0.3193538771099601,,-0.3989832115006247,0.496037431939682,,-0.2376728356356537,-0.0294016499816517,,-2.0131472322859394,,,,,0.3561674312169592,,-0.5129184645960863,-0.1847837283828574,-0.5058892045500377,,-0.1148504399958266,,-0.59637899968036,,-0.369675288634999,-0.4859585513446084,-0.2857176037175929,-0.3550343837569971,-0.3361486115925115,,-0.2103061278958044,-0.4873497188632806,,,,,,,,0.1102099867412581,-0.3712748993334644,-0.4522021798568388,-0.5083073569060421,0.4938870273781425,,,,,11.0079,0.0256724715885864
1998-06-30,-0.3864615793709675,,,-0.0613903703029761,-0.259120733794267,-0.4652553768403425,,-0.2116127236659163,-0.3182864196715754,,-0.2824863378703396,,,,-0.3433079220267267,,-0.3869435963991955,,-0.3700238965590897,-0.0145472025687456,,-0.3134390136561314,0.1369852833995947,,-0.3960483887335805,,,-0.2288511644813738,-0.3300946210513225,,-0.56176476422861,-0.3424536524420128,,,,0.1675303251417862,,-0.671735887491249,,,,,1.235183044182601,,-0.4561187983723659,,,,-0.30457578939097,,,,,-0.3864615793709675,-0.2600834142809258,-0.3733186811208878,-0.3738277046852679,,,,-0.1601088082901554,,,,,0.4354361367847552,,-0.0217450040527964,-0.4406125379849213,-0.3787637985574899,-0.2364273929424512,,-0.3090343762550045,,-0.3972856917177694,-0.2853790132118541,,-0.1677240964712118,0.3687965578636481,,-2.0131472322859394,,,,,0.0,,0.3045558117291862,0.1070794240277388,-0.4573171813771752,,0.0162812045461121,,-0.5861601592355633,,-0.3324586192975373,-0.4702554393878779,-0.1479926462837469,-0.2443047897106421,-0.3215676639332874,,-0.0831776449236681,-0.4980351173852788,,,,,,,,0.2684083088115861,-0.3650938763069295,-0.4390440836706789,-0.5487084491582539,0.4826322119249593,,,,,10.3547,-0.0088075946188686
1998-03-31,-0.3983339325493624,-1.163570212313264,,0.0052726545790023,-0.2731334829261654,-0.4738686158925361,,-0.2113032735642478,-0.3210060452426002,,-0.2879995092330348,,,,-0.3502273402509925,,-0.4256040012519105,,-0.4016125019418229,-0.1475423301659603,,-0.3331544404112298,0.1259822219785657,,-0.3955965673130901,,,-0.2309710741778293,-0.3417720631052857,,-0.6014070783345178,-0.3275788360481947,,,,0.1666259001744226,,-0.6769341027737437,,,,,0.9494453521269772,,-0.4759624945241309,,,,-0.3117847352818684,,,,,-0.3983339325493624,-0.2642941895082917,-0.39927611042257,-0.3997326745678535,,,,-0.1317153005181347,,,,,-0.3449383525563336,,-0.0656381474646077,-0.4394412572652739,-0.3856572285067933,-0.1722810214484474,,-0.3341468867608153,,-0.4624664301819592,-0.5054547071553505,,-0.0955678446531651,-0.5778568360236521,,-2.0131472322859394,,,,,0.2012338746985058,,0.3506869469081531,0.1844096818675014,-0.545259194370369,,0.0260902576673777,,-0.5861523263979581,,-0.3338489228672097,-0.5084689702097633,-0.0717273193417387,-0.203079359896815,-0.3570504073744203,,-0.0444779545211914,-0.5086765702980014,,,,,,,,0.2802391861927768,-0.3694504742188743,-0.4502412478613316,-0.5580173336586761,0.2319778247978956,,,,,9.4721,0.083550638190053
1997-12-31,-0.399460500729992,-1.163570212313264,,-0.0413761710906698,-0.2700247896294039,-0.4811907162974554,,-0.5969623680470064,-0.3253732281892786,,-0.2920761605133956,,,,-0.3490452553804651,,-0.3820891571446631,0.8012125154900075,-0.3670666215192823,0.0815464745085593,,-0.3132585150788738,0.1208700898588081,,-0.4054179037794441,,,-0.2775341993855718,-0.3255192443303077,,-0.6314161920198658,-0.2414598500366936,,,,0.1723422701804368,,-0.6852814125566558,,,,,0.3688477585626001,,-0.4728772421566999,,,,-0.324147866247666,,,,,-0.399460500729992,-0.2696859443470673,-0.4044778815446406,-0.404923933019807,,,,-0.2538445595854922,,,,,0.2703911766981136,,0.0846083797820496,-0.4657480130712836,-0.3844795833659726,-0.4311664901869044,,-0.3545892279729892,,-0.4610647556404475,0.0081079478640671,,-0.580755208501671,0.3582151269322787,,-2.0131472322859394,,,,,-0.2126968319719747,,0.0302996521419295,-0.1276840435022034,-0.2371007787204592,,-0.0103280877519224,,-0.5740313114670633,,-0.3016432611026555,-0.539575937225353,-0.1125586680411708,-0.2472365497245656,-0.3859344310724821,,-0.081127562186399,-0.4862042978215204,,,,,,,,0.2966029667851517,-0.3548600602503128,-0.4027181369871909,-0.5687458008153969,0.2433355414209365,,,,,8.206,0.2507311723129419
1997-09-30,-0.40957386553634,,,-0.1095882350240428,-0.2815053793411977,-0.4891962161528985,,-0.2651468890228721,-0.3304130539324675,,-0.2952778502712854,,,,-0.3755946704859266,,-0.4263704395911829,,-0.372095457590586,0.0145472025687456,,-0.3230339271608072,0.116565144571516,,-0.4317580803389577,,,-0.2692458133223651,-0.3419963325236052,,-0.6442425663951232,-0.5083095490680042,,,,0.1744463971827212,,-0.6949143927280704,,,,,0.9915539371114463,,-0.4763205494258423,,,,-0.3250159716281473,,,,,-0.40957386553634,-0.2837037567185001,-0.4260766097720271,-0.4264790106713657,,,,-0.0293609689119171,,,,,0.1482809812018581,,-0.0551123132104008,-0.4665017635879675,-0.4109292829350282,-0.4038336329385111,,-0.3175383901992688,,-0.4575576970027717,0.137420081622973,,-0.5466664296472504,0.2063271948788048,,-2.0131472322859394,,,,,0.1628015382822515,,0.026689710459103,-0.0947335141224824,-0.3938676772125453,,-0.2639711935779985,,-0.5904380936198826,,-0.3825415285705148,-0.4831959376663632,-0.4177432523936203,-0.4535512342939019,-0.3335834177916811,,-0.3470795078466958,-0.5082803510143727,,,,,,,,-0.0769158126551102,-0.4053024424476261,-0.433879734367902,-0.5779621038382345,0.3897381808359433,,,,,7.977,-0.0851573273160336
1997-06-30,-0.4125442785219137,,,-0.1414040654123248,-0.289795682206256,-0.4843393192939623,,-0.2941525693165594,-0.3313599276516856,,-0.2925791453172662,,,,-0.3763553737630986,,-0.455681653482952,,-0.3940109931453648,-0.0671402169245991,,-0.335658505499994,0.1146578204002775,,-0.4362148068876366,,,-0.2894206713085776,-0.3362731533372502,,-0.6388443706947755,-0.3734640875697924,,,,0.1869729356133802,,-0.6967242203345879,,,,,0.9475242189699496,,-0.4789837420803842,,,,-0.3267078451917333,,,,,-0.4125442785219137,-0.2867637107516708,-0.4263951314713581,-0.4267968886450363,,,,-0.1595336787564766,,,,,0.3696724783856363,,-0.0700583402547758,-0.4645220900144919,-0.4116871291272125,-0.4698534807554975,,-0.3718746506688527,,-0.4555068863006419,-0.1279830429755822,,-0.2897901731750044,0.3240952427629511,,-2.0131472322859394,,,,,0.1521825880292259,,-0.2228251414970749,-0.1743223004454419,-0.4153208047584708,,-0.1126480498062826,,-0.6049330608710899,,-0.3619008678823025,-0.565879043511953,-0.2448630289950099,-0.3584127211131244,-0.4103578840222355,,-0.1957353608412512,-0.521394335115631,,,,,,,,0.1967053348493376,-0.3982760319691304,-0.4465002285733192,-0.5909334488248037,0.3121121108245599,,,,,8.2938,-0.0880296124816127
1997-03-31,-0.4174049050364518,-1.1859428415359163,,-0.1060951201053406,-0.2951093922908206,-0.4884858902521143,,-0.2779340600924242,-0.3333803657223123,,-0.2949226602469967,,,,-0.3743574392453232,,-0.4749235946622367,,-0.4265671118295856,-0.1888812141803722,,-0.3535968848821982,0.1047898846445998,,-0.4335127697944043,,,-0.2900324495959786,-0.3357664928461763,,-0.6688441489789988,-0.2918403921448774,,,,0.1882928908003862,,-0.7005860284334535,,,,,0.8352088900581071,,-0.4883756385872915,,,,-0.3276105166420164,,,,,-0.4174049050364518,-0.2857072658979121,-0.4514513147135812,-0.4518024338675084,,,,-0.0276062176165803,,,,,-0.1777553478742959,,-0.0250901693597153,-0.4707664803511123,-0.4096966985454505,-0.2675869881060848,,-0.3641821200415678,,-0.5211701684594505,0.3903920076682115,,-0.1534188973425814,-0.3951224595113646,,-2.0131472322859394,,,,,0.0123104957040395,,0.4245814022677875,0.0695156542919611,-0.5446203435275214,,-0.0795771270556445,,-0.6015643381749307,,-0.3656429612400008,-0.5541733736962637,-0.1965689803954498,-0.3169295986335543,-0.3994887162184889,,-0.1563667663072488,-0.5034841366687185,,,,,,,,0.2387329024557003,-0.3784467292202846,-0.4606731101497343,-0.5332462962832198,0.2679932342480818,,,,,6.9404,0.0898075038902656
1996-12-31,-0.418964303572596,-1.1859428415359163,,-0.1561264953609878,-0.2964649070542584,-0.4903280485012941,,-0.6005919696177116,-0.3356400439696128,,-0.3005564185972702,,,,-0.3806594292113224,,-0.4797137282843943,0.6271663118826344,-0.4013998723251388,-0.1040271995818321,,-0.3409705173844111,0.1122532936934519,,-0.4435351893634288,,,-0.2960960826027421,-0.3402538854075465,,-0.6508781695145475,-0.3564049605796745,,,,0.2131254698651916,,-0.7049051134294854,,,,,0.2894172678140389,,-0.4859042536769029,,,,-0.3278881183300493,,,,,-0.418964303572596,-0.2900805364777309,-0.4392382092330794,-0.4396140108165117,,,,-0.0276062176165803,,,,,0.3298821570527107,,-0.1016730115208065,-0.4630049154573237,-0.4159750192024503,-0.4784840798837696,,-0.3601454045616955,,-0.5188637244905286,0.1500390327776515,,-0.5611461612550824,0.3815822476438689,,-2.0131472322859394,,,,,-0.2111041660045272,,0.0593808424570041,-0.1847267308186126,-0.3112300621266312,,-0.1397974186794601,,-0.5916329026176439,,-0.3419912943543978,-0.548030732108375,-0.1951468331317433,-0.313224760622402,-0.3937850355895046,,-0.1897936238923881,-0.4996863854671398,,,,,,,,0.1621948317348553,-0.379237659198346,-0.4241679628059987,-0.5712957143929415,0.0,,,,,6.2181,0.0740419099081712
1996-09-30,-0.4284769390420731,,,-0.1900711769014403,-0.308691574774376,-0.4957651438150794,,-0.3155249910509348,-0.3373343682872063,,-0.3050867726431555,,,,-0.3728262699364682,,-0.4876041000423216,,-0.4272022093090993,-0.072377116508298,,-0.3535576610205753,0.1082666194119647,,-0.4576965694624222,,,-0.2656811390827819,-0.3721344145430801,,-0.6571795652737081,-0.5551374565448493,,,,0.2166671778267739,,-0.7081435969380436,,,,,0.7449802463665776,,-0.4944889937087284,,,,-0.3445056434262797,,,,,-0.4284769390420731,-0.2816652877818199,-0.4582225524934046,-0.4585599871180833,,,,-0.0578756476683937,,,,,0.1245591480238559,,-0.0186142724193979,-0.4704336588430517,-0.4081712800739813,-0.4173981137186338,,-0.3378482443392828,,-0.5164739842886071,0.1258387106337144,,-0.1455778641103045,-0.058426038919666,,-0.4094247268260953,,,,,0.6263803399335388,,-0.2137960269339708,-0.3731143676906932,-0.5481824209543077,,-0.3629682818989302,,-0.6264649289215177,,-0.4356347562825008,-0.5141013000349658,-0.4767623638374392,-0.5113566911722048,-0.3622802437665351,,-0.4251044224404825,-0.5489690236023953,,,,,,,,-0.1214515867049948,-0.4489861135436336,-0.4781127046794697,-0.6117491125646927,0.2129925589591546,,,,,6.005,0.027826810990841
1996-06-30,-0.4308843598267817,,,-0.1940646468004501,-0.3101583725216396,-0.4995263491504941,,-0.3151167603570544,-0.3388333235841875,,-0.3059118874372576,,,,-0.3803235376844963,,-0.4538350218508419,,-0.4273625310691677,0.0298285324920193,,-0.3556038391352363,0.0962368501007055,,-0.4541021064087664,,,-0.234671699147946,-0.3532607099920844,,-0.670932011440534,-0.5283336236173612,,,,0.2113441063652267,,-0.7110086576344716,,,,,0.6867814500459226,,-0.5002770541951007,,,,-0.3603727120364689,,,,,-0.4308843598267817,-0.2818902005549749,-0.4798032815127563,-0.4800971019376282,,,,-0.0466321243523316,,,,,1.558918895024368,,-0.0255533460945195,-0.476593340484769,-0.4156403892327484,-0.5530232214533725,,-0.4058368835728451,,-0.5137051026123423,0.0042837238258051,,-0.11989896508704,1.533744064625311,,-0.3336955060303571,,,,,-0.0901039294000487,,-0.07602747361597,-0.5489874768632934,-0.4646930047445968,,-0.2397606829513782,,-0.6363481624012347,,-0.4059421636466049,-0.6175591347380557,-0.3182804881752742,-0.4359890069118299,-0.4583448503807572,,-0.2968733319098964,-0.5545985506572674,,,,,,,,0.035145109564048,-0.4384046074613521,-0.4742192004259715,-0.6291669837713039,0.0608017287396536,,,,,5.3042,0.1736931180710061
1996-03-31,-0.4567760798805934,,,-0.2118724117288079,-0.3509210919815685,-0.5033569182503628,,-0.3017713150874422,-0.3397639809024851,,-0.3102202669687587,,,,-0.3865400375839662,,-0.6001591670399573,,-0.5452497548448484,-0.4346365299531428,,-0.4240675756945694,0.0916571390294725,,-0.4686798790006368,,,-0.2601958727432035,-0.3696125359990997,,-0.6888205070756506,-0.671414068624617,,,,0.2170861438507615,,-0.7127874896716029,,,,,0.1286155379865139,,-0.5357144650296254,,,,-0.3678109687825888,,,,,-0.4567760798805934,-0.2887492149058802,-0.4994793086247062,-0.4997333642122969,,,,-0.1465819844559585,,,,,-0.3474359304951319,,-0.3355315167465551,-0.4260622509557834,-0.4218335409108139,-0.3665404220739245,,-0.3906132909374702,,-0.5800807111774928,-0.1366789529333873,,0.0501021338211623,-0.7223577003056391,,-0.3428673176084973,,,,,0.1376367097145561,,0.2301273917461282,-0.3226786480296506,-0.581589802908062,,-0.2156711635055528,,-0.652327151115622,,-0.4194679638706766,-0.5943935007701927,-0.2503515169273043,-0.3747701340946285,-0.4368346619984234,,-0.2578116659549482,-0.5665252945079389,,,,,,,,0.0657573159169118,-0.4438030785827332,-0.5000101211382078,-0.6227490474438228,-0.1270443568355317,,,,,4.8967,0.2643600458865947
1995-12-31,-0.4546794796613959,,,-0.2212554731010942,-0.3415119864627359,-0.5119989778187095,,-0.6153168320197991,-0.3410849901572238,,-0.3177993311118342,,,,-0.3355428381752198,,-0.5579267609726432,0.6362915723022533,-0.5230735295545458,-0.2598432803778445,,-0.3981935897819225,0.0838278871272748,,-0.4609207386664664,,,-0.2711813830452157,-0.3694688352189968,,-0.7102811939511269,-0.6025221201952623,,,,0.2183868989546615,,-0.7153124293432472,,,,,0.1353625807106692,,-0.536158330472049,,,,-0.3694736984049693,,,,,-0.4546794796613959,-0.2611805204832669,-0.5073796752942871,-0.5076177644068729,,,,-0.0276062176165803,,,,,0.2581493610547293,,-0.1158470773405078,-0.4157084431300072,-0.3710278791715056,-0.6354305695781723,,-0.3831174208079227,,-0.5776019301747785,-0.2701018804905283,,-0.4473121998202962,0.2096698265711213,,-2.0131472322859394,,,,,-0.7737955242908046,,0.2194253773787875,-0.3739301453289457,-0.5371767632525252,,-0.2523420122586861,,-0.6489945799776402,,-0.4194143187168629,-0.582987087852375,-0.277436633155684,-0.3903382789637786,-0.4262433658150633,,-0.2897389105369916,-0.5798278194489918,,,,,,,,0.0191515160672531,-0.4588522917819483,-0.4920792588901869,-0.6622917995563935,-0.178237688839725,,,,,4.9622,-0.0110827999088518
1995-09-30,-0.4618244747083186,,,-0.2573125146932425,-0.3492647010026017,-0.518179775545769,,-0.3352949200500433,-0.341739292976503,,-0.3231554673127576,,,,-0.3250935245496336,,-0.5894994131581054,,-0.5415418438580138,-0.3124269606287453,,-0.4059400271972751,0.0779209215096549,,-0.4711261848962891,,,-0.2027774273398071,-0.3879849913854689,,-0.7380983554523993,-0.7350669120026984,,,,0.2178199912376884,,-0.7165630452187536,,,,,0.0622349067010047,,-0.5428235806849154,,,,-0.3693925359175424,,,,,-0.4618244747083186,-0.2463302757799702,-0.5288276601543818,-0.5290224033403169,,,,0.0914093264248704,,,,,0.3602804065379075,,0.035694629294213,-0.4330695424397097,-0.3606178115673142,-0.5290482405378119,,-0.4405029540476871,,-0.57582398644282,0.127755763510776,,0.0226520533422969,0.0853301878438748,,-2.0131472322859394,,,,,0.254371002885162,,0.0146101809728238,-0.2456832508798256,-0.622847306582261,,-0.4595630815577001,,-0.6828101449707609,,-0.4866825905657431,-0.6703102506512775,-0.4704681115635223,-0.5735078447853663,-0.5073263046438198,,-0.4781346749226006,-0.6018100747553797,,,,,,,,-0.2442252701799185,-0.4999409545337941,-0.5260595675735994,-0.6677133081166495,-0.2412389300850864,,,,,5.1452,-0.0929883042062467
1995-06-30,-0.4634832199036163,,,-0.2498521657171946,-0.3508945112060847,-0.5198638560793519,,-0.3382426546418071,-0.3427543141900651,,-0.3262301531509928,,,,-0.342614766456442,,-0.5940019380728281,,-0.5464888806361412,-0.362643978568895,,-0.4133145260651334,0.0779499249908975,,-0.4736819921685997,,,-0.245877265293449,-0.3783404043002408,,-0.7388367856813618,-0.6049597695795349,,,,0.2275372543507262,,-0.7185031280156683,,,,,0.0550436379915908,,-0.5442769859531572,,,,-0.3702286168510014,,,,,-0.4634832199036163,-0.261906573124559,-0.5383820254765933,-0.5385574594910071,,,,0.1113575129533678,,,,,0.2270850907858529,,0.0410997874247516,-0.4514191713032041,-0.3780732463733524,-0.5214617449333891,,-0.4736350726401775,,-0.5731269118639686,0.0973991323853473,,-0.150322561878228,0.0261265628429996,,-2.0131472322859394,,,,,0.5138378305841306,,-0.2459702357326001,-0.236537516717059,-0.5211119231184955,,-0.3551511995223478,,-0.6764697641924239,,-0.4544311928687709,-0.7207271627611016,-0.3909314885915561,-0.5350387820716062,-0.5541403602678683,,-0.391839369595388,-0.5881481881384776,,,,,,,,-0.1115169738338162,-0.4780867513543553,-0.5087749240734817,-0.6594646646052904,-0.1484349375196959,,,,,4.8054,-0.020414533649644
1995-03-31,-0.4684710059720217,,,-0.2780781833703555,-0.3552952886640781,-0.5256606191488962,,-0.3202065357055266,-0.3438190463945438,,-0.3286780330640125,,,,-0.361133656330988,,-0.5861514216738671,,-0.5496495616334615,-0.3374633636380607,,-0.419936339672586,0.0635530726205545,,-0.4839615792430805,,,-0.2350714864657015,-0.3722953514000153,,-0.7595343035148953,-0.7161033254029946,,,,0.2187838354096118,,-0.720538226992547,,,,,0.0612570326165718,,-0.547340639280433,,,,-0.3804820879487614,,,,,-0.4684710059720217,-0.2710300194784364,-0.5704286511393498,-0.5705393195967922,,,,0.1113264248704663,,,,,0.3170848329238239,,-0.2108554902882989,-0.4236896231587297,-0.3965225821341769,-0.5397404516240242,,-0.4449019388654966,,-0.6167856270913817,0.5100002964514758,,-0.0806420855984848,0.0661920151629285,,-2.0131472322859394,,,,,0.1232497448556182,,-0.0047119537779772,-0.258573012543917,-0.6507696055418697,,-0.372004043560332,,-0.6363686482842018,,-0.4471412978963534,-0.6770041549457715,-0.3891859636209013,-0.5149940703703354,-0.5135418540472001,,-0.4004650635208711,-0.5812354965461055,,,,,,,,-0.1329349415066615,-0.4732819265418546,-0.4979365722140128,-0.6579540696489933,-0.227514486555319,,,,,4.2185,0.068815929832879
1994-12-31,-0.4732114574302406,,,-0.4790953282117847,-0.3604227237477818,-0.5297851267989451,,-0.5861519792078558,-0.3447719047379111,,-0.3318900412486811,,,,-0.3331483247377117,,-0.6023680301792692,0.5692631160357441,-0.5758112572332906,-0.3892886478615565,,-0.4274715875593058,0.0549224652736542,,-0.4848853987899414,,,-0.2820620499872402,-0.3884122857553144,,-0.7535741166668417,-0.7274549651640755,,,,0.2191357021957972,,-0.7223594934401475,,,,,0.0143340764022541,,-0.5547077721777682,,,,-0.382292570575393,,,,,-0.4732114574302406,-0.2612358859357647,-0.6130247411971016,-0.6130493238517379,,,,0.1113264248704663,,,,,0.1463978516409234,,0.0383207270159267,-0.4415309998528056,-0.3686423591596871,-0.457625649486567,,-0.4813938468035423,,-0.6143700363343912,0.6906973526883208,,-0.1939362891809255,-0.0655099799137324,,-2.0131472322859394,,,,,0.395454368884039,,0.0481562244156744,-0.1595813053926523,-0.6341046327978924,,-0.3513215656258794,,-0.6519547900663953,,-0.4541853192471246,-0.7325336349002844,-0.408056214122494,-0.5530273491519753,-0.5651031269332186,,-0.4000997517881925,-0.59132455787557,,,,,,,,-0.083851154568222,-0.4817563472878781,-0.506445726500952,-0.66946084888846,-0.08884229752587,,,,,3.8709,0.1560432798318035
1994-09-30,-0.4767050822545251,,,-0.5023204196460354,-0.3631001867500318,-0.534438949079587,,-0.3148770652707393,-0.3449954111446443,,-0.3370429917123397,,,,-0.3511542742130824,,-0.611992816707536,,-0.5660011675210688,-0.3931333656915638,,-0.4266051531001938,0.0520425270065666,,-0.4859830115898247,,,-0.1995699117990832,-0.3877098154146444,,-0.7354074260782096,-0.8432558305664295,,,,0.2220205652090149,,-0.7227866972551117,,,,,-0.016620397934176,,-0.5599272990776633,,,,-0.3827757048255321,,,,,-0.4767050822545251,-0.2607318952719704,-0.6444793214812834,-0.6444403350902159,,,,0.2010259067357513,,,,,0.2375483951772433,,0.0,-0.4523640392765982,-0.3865806810469055,-0.4489960353616193,,-0.4583245353636977,,-0.6121325271789864,0.4708983467889364,,0.0407872707645169,-0.0819579024450716,,-2.0131472322859394,,,,,0.7459856695377031,,,-0.1491780624687367,-0.6758880591356478,,-0.5296993895205856,,-0.6865373706188453,,-0.5147135589501781,-0.6974292257436534,-0.6065690339939648,-0.6879004523788002,-0.5325073233796794,,-0.576366833030853,-0.6200137164642284,,,,,,,,-0.3144021667277349,-0.5270571859329762,-0.5353586844041069,-0.6961792356483671,-0.0188566393764189,,,,,3.6574,0.2327883195712801
1994-06-30,-0.482401555057723,,,-0.5091113798619114,-0.3690699634652306,-0.539676246037163,,-0.3739338147794843,-0.3453995663271068,,-0.3401325134975353,,,,-0.3620872399743107,,-0.6316053279265723,,-0.5632919603673929,-0.4017520114996173,,-0.4279203222990302,0.0385119426341832,,-0.4954514266923079,,,-0.2320356375253971,-0.3954123375637547,,-0.7375835080803731,-0.648843350096162,,,,0.2152035251756795,,-0.7235591880230906,,,,,-0.0148198404017187,,-0.5645704381946609,,,,-0.3845911577367103,,,,,-0.482401555057723,-0.2711769104757138,-0.6888046211680972,-0.6886760542779046,,,,0.2452849740932642,,,,,0.2992363600195975,,-0.0456057536843279,-0.4548564096115087,-0.3974725842634014,-0.5743987785958777,,-0.4634770404044168,,-0.6096192787695136,-0.2451505479411445,,0.0015659441883916,0.0084447166361823,,-2.0131472322859394,,,,,0.216147019666423,,,-0.3003546020338037,-0.6578227769684591,,-0.4665419931455866,,-0.714753059250295,,-0.5084453290545592,-0.7052697564678866,-0.459019468767252,-0.5798354814468026,-0.5397875598338036,,-0.4771855316536778,-0.6460609406285959,,,,,,,,-0.2327721347329931,-0.5371880713795854,-0.5523046550967843,-0.7322781660184655,-0.3163439214349568,,,,,3.3592,0.3422243391283638
1994-03-31,-0.4893968942138999,,,-0.5099854081870631,-0.3771419267408679,-0.5450217095145111,,-0.3792838840107518,-0.3459717253536285,,-0.3436731199399683,,,,-0.3646026004811719,,-0.6619724261688308,,-0.5707258655675949,-0.4345921929546176,,-0.4327913754022553,0.0279063363264785,,-0.5092235673568463,,,-0.2688275920072491,-0.4121042754589631,,-0.7698886636723368,-0.8280113162901628,,,,0.2104425108837944,,-0.7246527965798604,,,,,-0.0337548287941514,,-0.5691920127197333,,,,-0.3855080057940527,,,,,-0.4893968942138999,-0.2773986969763261,-0.7213764380081562,-0.7211820441606602,,,,0.2916373056994819,,,,,-0.0304851858264293,,-0.244523006588832,-0.4209695328446199,-0.3999784974614913,-0.5018020635819646,,-0.4547204729788476,,-0.6543091439157847,-0.047318596401079,,-0.0015659441883916,-0.3842329595181602,,-2.0131472322859394,,,,,0.4979288279602928,,,-0.2128372170345533,-0.7165196180446325,,-0.4923972824328696,,-0.6976142080443845,,-0.510590447448726,-0.6919449493310821,-0.4900101301193281,-0.5975312772786575,-0.5274149603155451,,-0.5046940055514039,-0.639514226180136,,,,,,,,-0.2661947410767911,-0.5349503280015543,-0.5480905625061459,-0.7231476447036725,-0.3053463589064178,,,,,3.0618,0.0231889738062578
1993-12-31,-0.4906238098175108,,,-0.513226284228052,-0.3765138380355459,-0.5489546605545331,,-0.6358531298788644,-0.3464776191466273,,-0.3466480609860091,,,,-0.3304031437124958,,-0.6562056949209363,0.388654643252374,-0.5660492276399084,-0.3561101051020218,,-0.4212205426648781,0.0185341452594471,,-0.5047743643256142,,,-0.2208922861209857,-0.4149271840890167,,-0.7898225456938712,-0.7754582467851198,,,,0.2087456277494961,,-0.7256197476462509,,,,,-0.0632629725526032,,-0.5734600795094428,,,,-0.386796947426321,,,,,-0.4906238098175108,-0.2517086768917205,-0.744759337731997,-0.7445176875355748,,,,0.2916373056994819,,,,,0.3305835417718068,,0.1737841968100846,-0.4635853268853632,-0.3659074886139064,-0.5754172720332931,,-0.5055603168097113,,-0.6523215234593788,0.1795655997707441,,-0.0859136128869611,0.0635890787046437,,-2.0131472322859394,,,,,0.3526960550617467,,-0.1352577834929665,-0.3015824245635753,,,-0.4567329400243209,,,,-0.6297996078401704,-0.7693075825397775,-0.2902538247006969,-0.4798183469082951,-0.5992491616320716,,-0.3594517321447635,-0.657063172817467,,,,,,,,-0.3021028893480552,-0.5323980079336361,-0.7263586395011892,-0.5351314016234189,-0.6235167761063484,,,,,3.3873,-0.0918430608449207
1993-09-30,-0.4940049112589094,,,-0.2521519246379196,-0.3791453697371898,-0.553399521295322,,-0.4122112942615908,,,-0.3521436242870868,,,,-0.3733793167866078,,-0.6532000072644165,,-0.554842239018991,-0.2964623742229357,,-0.4260742546924383,0.0527702228163673,,-0.5075672991887271,,,,-0.4181383052867958,,-0.7937588175780935,-0.9653283038710389,,,,-0.3082887617719878,,,,,,,-0.0638070051553291,,-0.5776398210376563,,,,-0.3922533596899615,,,,,-0.4940049112589094,-0.2878725202203935,-0.7834547422770541,-0.7831348894812703,,,,0.4518680103626943,,,,,0.2469876189388609,,0.0953014723016024,,-0.4165294061671803,-0.4763348026299588,,-0.4705361172179371,,-0.6504373052232483,0.2278871903317292,,0.1597957969993342,-0.1540345309174898,,-0.2391066568310736,,,,,0.7932571255027845,,-0.038567583092919,-0.4719920797134685,,,-0.6396751123771348,,-0.5765571003317207,,-0.5047362480992078,-0.7160115040651687,-0.6503286482275864,-0.728904617285916,-0.5497616885234633,,-0.6411354355716878,-0.6567742186231451,,,,,,,,-0.52273439831376,-0.5658390859442667,-0.5074748972653096,-0.813046874734384,-0.2032426731151399,,,,,3.11,-0.0108681672025722
1993-06-30,-0.4976639540042273,,,-0.2503903752690462,-0.3835952919403945,-0.5558618069560107,,-0.4262091127788203,,,-0.3561221221744082,,,,-0.4019551630986877,,-0.6605633554989901,,-0.5378270151268011,-0.2816678178729441,,-0.4238790947174026,0.0493557918235234,,-0.5139144120893486,,,,-0.4158735649588153,,-0.7939922026062106,-1.0006779021928165,,,,-0.2933531181768652,,,,,,,-0.0602878122850984,,-0.5804886896514271,,,,-0.3965063418077391,,,,,-0.4976639540042273,-0.3041220554656805,-0.8119963435894535,-0.8116188088172486,,,,0.3683691088082901,,,,,0.4370687718031555,,-0.0906840005317955,-0.4860896034979462,-0.4507284313503857,-0.6798364894481519,,-0.4548032773989475,,-0.648713934885324,0.0203711572477445,,0.0883667638446273,0.0958803176406193,,-0.2609096954478889,,,,,-0.0687600865901763,,-0.038567583092919,-0.7137567480514699,,,-0.5669050543627403,,-0.5346815454429605,,-0.4871640214333022,-0.692070952235449,-0.8186279852139563,-0.8457432814395172,-0.52753195889255,,-0.6845057782641187,-0.6474653099916781,,,,,,,,-0.4350982695641991,-0.5631660817308939,-0.4757859731710718,-0.8327662064007276,0.6739897999215378,,,,,2.8919,-0.0964417856772364
1993-03-31,-0.5021423721335394,,,-0.2842720907895049,-0.3875981261985362,-0.5609911421576951,,-0.4139200580605168,,,-0.3603418967077994,,,,-0.3961502820380621,,-0.669325881229193,,-0.5563714246184318,-0.3425728526891556,,-0.4328799387529722,0.0394040682331449,,-0.5206308613009978,,,,-0.4130877339359012,,-0.8143900540636417,-0.9771115033116314,,,,-0.2707778625669167,,,,,,,-0.0473648745321204,,-0.5845053532592345,,,,-0.3994772164345,,,,,-0.5021423721335394,-0.3008211341785492,-0.856672949247376,-0.8562051239940613,,,,0.3535652590673575,,,,,0.2511134114041324,,-0.1521549869409892,-0.4690955751994903,-0.4313814040369044,-0.6109847570735552,,-0.4817147139314296,,-0.6949577056196234,0.0539689911756277,,0.1698152541386822,-0.1800638955003383,,-0.4738527059387843,,,,,0.225406377020408,,-0.0379995356211918,-0.5959617819457247,,,-0.568307850661813,,-0.5953559105839411,,-0.5172190627366319,-0.7330218961547064,-0.723758613728009,-0.791641313396106,-0.5655564964191123,,-0.6406350085406213,-0.660341846042819,,,,,,,,-0.4366092373012605,-0.5687913592545589,-0.522517888469578,-0.8018011020334188,0.3292708808983272,,,,,2.886,0.0069646569646568
1992-12-31,-0.5062058902592513,,,-0.3075095505491115,-0.3911853083827523,-0.5657109495987658,,-0.4979303768871672,,,-0.3658604582934387,,,,-0.3789731112632107,,-0.7003621820413307,,-0.5587744305604101,-0.3221778333675584,,-0.4297626739608369,0.0342248751541121,,-0.5289751261056942,,,,-0.4333301032390897,,-0.8256392124188842,-0.8363022699965498,,,,-0.2540434743439647,,,,,,,-0.0527302013670622,,-0.5870166292198619,,,,-0.3928746452582956,,,,,-0.5062058902592513,-0.2910534080061745,-0.8771149069440944,-0.8766057689238836,,,,0.3535652590673575,,,,,0.4149663121677724,,0.0684257852203734,,-0.421471309883124,-0.5396705163879928,,-0.529327255488898,,-0.6938087920610073,0.6073450793995869,,-0.1521002074997252,0.1678729272779915,,0.2064020989058508,,,,,0.3334675269181737,,0.1361070144631987,-0.6211357061538073,,,-0.559891072867377,,,,-0.4978586642769355,-0.8054735661657001,-0.64836336934558,-0.7657371291957695,-0.6328306781968764,,-0.6022689361588556,-0.653750004651501,,,,,,,,-0.4267879470103614,-0.5586379328022699,-0.5088312325378256,-0.8046256216885449,0.0823080732399076,,,,,3.3867,-0.1147429651282959
1992-09-30,-0.5074547601193342,,,-0.2959657802169198,-0.3931483038915443,-0.5659003561880496,,-0.4711519414629019,,,-0.3695566111694018,,,,-0.4025620370277531,,-0.714311557679573,,-0.5568690167579323,-0.3496667724531894,,-0.434834250454885,0.0429796296773364,,-0.5246798815996702,,,,-0.4220665274486027,,-0.7952058047524193,-1.0634234392139723,,,,-0.2632999354624575,,,,,,,-0.0509994507751455,,-0.591243427030136,,,,-0.3904742237442777,,,,,-0.5074547601193342,-0.3044671517820623,-0.9175167006937408,-0.9169259114974474,,,,0.3264248704663212,,,,,0.5817662075494635,,-0.0752447760383235,-0.4953971020737159,-0.4478894653859074,-0.7769578172326331,,-0.4978615758509189,,-0.6837557984231162,0.2051592438511023,,-0.2154490332839902,0.3924173825085141,,-0.205675330951957,,,,,-0.1061930339403827,,,-0.8398638589429029,,,-0.7308568718168579,,-0.6158417935511042,,-0.5323841350647421,-0.7575924625062608,-0.5633203922696648,-0.6810088600405023,-0.5883712189350497,,-0.6444716157787979,-0.6779437164246538,,,,,,,,-0.6330350431192417,-0.5841112639998596,-0.5396981352547809,-0.8189051377227938,-0.8553788370881541,,,,,3.1326,0.0321777437272553
1992-06-30,-0.5151877456135701,,,-0.3395922369268909,-0.4063583555183261,-0.5655266621064897,,-0.479110567375708,,,-0.3660863343025253,,,,-0.3996068248514346,,-0.7659821932757367,,-0.5963001597149404,-0.5017660126570463,,-0.4564211371059417,0.0279024231583743,,-0.542866275137119,,,,-0.4470187549559984,,-0.8121028807880946,-1.0718189688153943,,,,-0.2357730794725292,,,,,,,-0.0223843743221226,,-0.5948604911709574,,,,-0.3911858781225512,,,,,-0.5151877456135701,-0.3027866827631592,-0.9672073714470848,-0.9665161584494996,,,,0.4764112331606218,,,,,0.0312676128975219,,-0.0363608032399498,-0.493723843902791,-0.4407394770309252,-0.7010140609224557,,-0.5069700620619129,,-0.6906492797748129,-0.2681749458976056,,0.0553995177732241,-0.3650700754151416,,-0.2957945572347933,,,,,0.2476542608228892,,-0.2001770887993109,-0.7335871506116106,,,-0.6061833507367749,,-0.4883472983789942,,-0.5443511309154958,-0.7714527819866248,-1.5563222128325565,-1.4368174011357366,-0.6012410624055785,,-1.048149420839116,-0.6349668006869927,,,,,,,,-0.3852363342411731,-0.5960998873747627,-0.4545367205683209,-0.8321385353662551,3.1809195505791408,,,,,3.2823,-0.0456082624988575
1992-03-31,-0.5178189205107729,,,-0.3589318002106925,-0.4081956075425692,-0.5692943175041341,,-0.5260430525379912,,,-0.3687455109549543,,,,-0.4038021707088868,,-0.7750415142322851,,-0.5753891534622704,-0.4359605727406799,,-0.4456586599869577,0.0191706872710568,,-0.5495416869808762,,,,-0.4489227401874864,,-0.8217183439465174,-1.0785943084937353,,,,-0.2171793147803604,,,,,,,-0.0006923002367666,,-0.5958457105464573,,,,-0.3905363523011111,,,,,-0.5178189205107729,-0.305172348602495,-0.988485006659707,-0.9877507920085284,,,,0.2976396062176166,,,,,0.5418344304748713,,-0.1135569257073094,-0.4837888735129245,-0.439057126829753,-0.7761698145731242,,-0.4949634211474208,,-0.7495310996538898,-0.2365534551419508,,0.1859756688795661,0.1054354008419181,,-0.4375143082440922,,,,,-0.1626955959784301,,,-0.8010342683011906,,,-0.6933320708166641,,-0.6236143785592339,,-0.546655121495957,-0.7531823608534177,-0.7116096170028783,-0.7911016428919323,-0.5842762687398815,,-0.6945143188854489,-0.6923323594616166,,,,,,,,-0.5877060110073999,-0.6022438075069927,-0.5444247581741549,-0.8447442619752441,-0.1736585867810584,,,,,3.3488,-0.0857620640229336
1991-12-31,-0.5205063883732884,,,-0.3609182282224008,-0.410092238434516,-0.5731131638718552,,-0.5228361944495957,,,-0.3721644523652202,,,,-0.3938019437908089,,-0.7785465245243662,,-0.5952685662550002,-0.4957921854873336,,-0.4543223164401552,0.0114671171209103,,-0.5522706719456909,,,,-0.4520693263068929,,-0.8482308831406157,-0.9464751847660906,,,,-0.1985047076330082,,,,,,,0.0002307667455888,,-0.5989116030086774,,,,-0.3922025272343706,,,,,-0.5205063883732884,-0.2994857614760279,-1.0176051539446551,-1.0168120880878035,,,,0.2976396062176166,,,,,0.40848292400806,,-0.0436515481396449,,-0.4420800998474844,-0.6324578295451747,,-0.538435741699892,,-0.7501055564331979,0.4363913950018281,,0.126828550927931,-0.0138383963605017,,-0.0450596131414181,,,,,0.2010396471415,,0.0849827420077495,-0.6919076817576624,,,-0.6272252952228649,,,,-0.5472741040399615,-0.8193338856460641,-0.612988349469464,-0.744959814785083,-0.6457005216674052,,-0.6141123758940963,-0.7017357747796975,,,,,,,,-0.45776278562012,-0.6005681929254755,-0.5649752926062157,-0.8394090581822281,-0.2636971104065239,,,,,3.767,-0.1037164852667905
1991-09-30,-0.5285750467347586,,,-0.3761724961613684,-0.4169173153458675,-0.5829213537385488,,-0.5218296623488585,,,-0.3788893971812085,,,,-0.3966779984981189,,-0.801993347405667,,-0.5944554278806944,-0.5010659547855956,,-0.4546113343679028,0.0010780394483023,,-0.564164669073041,,,,-0.4738348837952719,,-0.8546256329110231,-1.1805189836548613,,,,-0.183387168513723,,,,,,,-0.040557255537248,,-0.6062525208030493,,,,-0.39386870216763,,,,,-0.5285750467347586,-0.3011212179319248,-1.063374568661836,-1.0624890037797328,,,,0.519861829015544,,,,,0.2814674559700585,,-0.0709561025679147,-0.4986651844388036,-0.4471008637291079,-0.6382693491590534,,-0.5336744875441451,,-0.7483821860952736,0.4531903119657697,,0.1947022928396434,-0.1894542358878216,,-0.6940633959686182,,,,,0.5485304036754917,,-0.038567583092919,-0.5928744138824692,,,-0.7839877816442351,,-0.6753713593498022,,-0.6034639638679257,-0.8120887186449648,-0.8347075397031,-0.9092894833059676,-0.6389731034896288,,-0.795600579160884,-0.7309855942866927,,,,,,,,-0.6564550430436934,-0.6469667585993937,-0.5874164762060261,-0.8756047545034743,-0.0668986230537208,,,,,2.9328,0.151220676486634
1991-06-30,-0.5296612924728273,,,-0.3830687745416388,-0.4167321929936149,-0.5858597154209508,,-0.5345868715326213,,,-0.381764182751402,,,,-0.3945143610118857,,-0.8010605624085809,,-0.5888605504097246,-0.4768906229581645,,-0.4508747454448796,-0.0048377499797483,,-0.5632139700502108,,,,-0.4720110663630044,,-0.8476240820675113,-1.1668210143051725,,,,-0.1680877338702754,,,,,,,-0.0336919448559784,,-0.6085261039772798,,,,-0.3939421268257059,,,,,-0.5296612924728273,-0.299890874543085,-1.0884127526960243,-1.0874765861701912,,,,0.5174870466321243,,,,,0.3971369947285634,,-0.0542302760333201,-0.485409842366008,-0.4440253172675898,-0.6609244256199365,,-0.5309833438908969,,-0.7475205009263115,0.0351937310394576,,0.2053681665686268,-0.0650734114571213,,-0.8219745558539342,,,,,0.4033894474402573,,,-0.5992866398599997,,,-0.7424299412842074,,-0.674106054813595,,-0.5956235183105353,-0.807993624253039,-0.817198691481588,-0.894313626815148,-0.6351706497369726,,-0.7632396311519163,-0.7286465537929993,,,,,,,,-0.6035711722465446,-0.6411220553567204,-0.586019039864646,-0.872204869733415,0.0565827807754889,,,,,2.8375,0.2013592371192713
1991-03-31,-0.5306808206223774,,,-0.4283818210728716,-0.4176508190057365,-0.5870166313446841,,-0.5365999357340957,,,-0.3855168046296368,,,,-0.3954114789939824,,-0.805088497623271,,-0.5888969595906637,-0.4779173745029589,,-0.4511293564764668,-0.0010780394483023,,-0.5665790342173507,,,,-0.4560777162679204,,-0.8496778703149415,-1.1928913430674837,,,,-0.1677845746633379,,,,,,,-0.0230189828724921,,-0.608515769508306,,,,-0.3938178697120391,,,,,-0.5306808206223774,-0.3004010169238234,-1.0942624953073494,-1.093314506574637,,,,0.6062176165803109,,,,,0.3025384674891238,,-0.0303566603813774,-0.4906910634679896,-0.4306979492676782,-0.7987263907015686,,-0.5270501339361495,,-0.7960620987778432,0.018394814075516,,0.2835845739145049,-0.2385475944048398,,-0.8910175114738491,,,,,-0.0613441253226826,,-0.0269226099225112,-0.7541300227248101,,,-0.7778505478357922,,-0.6848912696698368,,-0.6014694645594667,-0.8020084862956092,-0.7759278349594527,-0.8605842203042933,-0.6296132173292442,,-0.7649077212554714,-0.7353565285425846,,,,,,,,-0.6489002043583865,-0.6469867063920308,-0.5925952108829055,-0.8786908037562973,-0.2534069934207564,,,,,2.5874,0.298127571225345
1990-12-31,-0.5349361518150804,,,-0.4677355835689796,-0.4213637446745014,-0.5920231082181843,,-0.5641508260263687,,,-0.3896133740671625,,,,-0.4007678010635597,,-0.8107982724539192,,-0.5763843377412715,-0.440020908395094,,-0.4454315744722988,-0.0093110382243055,,-0.5816739460402728,,,,-0.4682431797996386,,-0.8658747912662654,-1.1986356527947724,,,,-0.1497364965436566,,,,,,,0.0141344631673197,,-0.6079439288917571,,,,-0.397539935071422,,,,,-0.5349361518150804,-0.3034468670205854,-1.1096261050228076,-1.1086470667577426,,,,0.6062176165803109,,,,,-0.0138214047586595,,-0.1786018066751773,-0.4783246397984979,-0.4668947653147756,-0.6711684601935531,,-0.5340885096446448,,-0.7957748703881892,0.6024042214690158,,0.0722063491037433,-0.4843438726175615,,-0.6678997496284399,,,,,0.3648970770518375,,-0.065265814264098,-0.6368100363211041,,,-0.7234921912467265,,,,-0.5979618968101078,-0.8127187331667995,-0.7359076104531397,-0.8349498713560436,-0.6395580963746529,,-0.7116956469520658,-0.7295443673158312,,,,,,,,-0.6088595593262595,-0.6357162035520635,-0.6015141428264198,-0.8544731630095675,-0.1312118542147676,,,,,2.4132,-0.1083623404607988
1990-09-30,-0.5323946286774494,,,-0.4036076905872265,-0.4125337577595082,-0.5987240062012229,,-0.576556919361037,,,-0.3946699165433065,,,,-0.3787356388561851,,-0.7853021492002322,,-0.5533251898131967,-0.3134504452368062,,-0.426611002272541,-0.0179123351748178,,-0.565744607736881,,,,-0.4769413860150681,,-0.855745881045985,-1.2543112701515724,,,,-0.1336286373483755,,,,,,,-0.0002307667455888,,-0.611767682412054,,,,-0.3934507464216599,,,,,-0.5323946286774494,-0.2909183703171555,-1.137299887376384,-1.1362649209787754,,,,0.6293343937823834,,,,,0.4680122152926918,,0.0569893226326165,,-0.4235742476345893,-0.6853525080647147,,-0.550235371564134,,-0.7926153581019948,0.1863839837149322,,-0.1960565355949295,0.1929138349779471,,-0.9651478427710208,,,,,0.5171008535418278,,-0.0388516068287826,-0.6053426310610007,,,-0.868330909125979,,-0.7194762603261654,,-0.6417033299197592,-0.8372892995183538,-0.874727764209413,-0.950304441623167,-0.6623728188905903,,-0.8456432822675349,-0.7586051734495987,,,,,,,,-0.787153752299504,-0.6762700659833085,-0.6207905441236928,-0.8942779677790305,-0.1646547344185119,,,,,2.0275,0.0373638029119661
1990-06-30,-0.5380593689276081,,,-0.4172128484787381,-0.4233581760544307,-0.5967685111442934,,-0.5980452093256136,,,-0.3906400831993745,,,,-0.4002136987805,,-0.825539102029083,,-0.5663475401957357,-0.4020311012377023,,-0.4395961648834891,-0.0290763735896218,,-0.578753453358629,,,,-0.485098459585759,,-0.8705891688342301,-1.2588772599348022,,,,-0.1123670716351563,,,,,,,-0.0046153349117778,,-0.6145752131499297,,,,-0.3948740551782069,,,,,-0.5380593689276081,-0.3031317790795411,-1.1610524136937974,-1.1599694439396853,,,,0.7187268704663212,,,,,0.5817662075494635,,-0.1169878644836365,-0.4795534387677708,-0.455565188178756,-0.7961653820581645,,-0.5483722721118853,,-0.7906047593744165,0.1834194689565896,,-0.0160295153814827,0.2294867396449874,,-0.8692144728570338,,,,,0.046717024575083,,-0.0377155118853282,-0.7546050024268495,,,-0.8206358349575085,,-0.7224286375773153,,-0.6326936951125826,-0.8344542341700977,-0.8177346766312261,-0.9060514602809256,-0.6597403509079821,,-0.7954337701505284,-0.7665201084535109,,,,,,,,-0.7282260105541096,-0.6769482909329703,-0.6223934858093936,-0.9097605199626848,-0.1865212330132678,,,,,2.1698,-0.044882295128001
1990-03-31,-0.5430611031418631,,,-0.4715585204971729,-0.4319296902511845,-0.5964869608088715,,-0.6082509766726237,,,-0.3901575299072349,,,,-0.3895274404643483,,-0.8595716213167094,,-0.5952928390422929,-0.499525827468404,,-0.4532212957630213,-0.0343476412122818,,-0.5914203209146107,,,,-0.4986267757042265,,-0.8767505335765206,-1.2416443307529357,,,,-0.0992705938954548,,,,,,,-0.0053076351485445,,-0.6164595313261481,,,,-0.395133865506783,,,,,-0.5430611031418631,-0.2970550830736859,-1.1782480856556596,-1.177130363809897,,,,0.7967317668393782,,,,,0.6801958277923695,,0.0308284144631224,-0.4960245738878127,-0.4248097235635752,-0.8262079834519441,,-0.5452671063581374,,-0.8328273326535595,-0.1268664090832732,,0.0201698136380972,0.2968665504955258,,-0.8888372076121676,,,,,-0.0115512425266533,,-0.038567583092919,-0.7876160917185805,,,-0.8579852864203181,,-0.7407454270538378,,-0.6511943955944949,-0.8297291252563371,-0.8554322988224407,-0.9324953149854356,-0.6553529042703018,,-0.8368024047186933,-0.7760180304582056,,,,,,,,-0.7743105265344822,-0.6899143561470918,-0.6343127957799889,-0.9156187829510948,-0.2353992886956633,,,,,1.7277,0.1926133707339877
1989-12-31,-0.5497724755619077,,,-0.4973071251017693,-0.4424746785804427,-0.5975107802104054,,-0.6139624611512258,,,-0.3893669638754317,,,,-0.4061505089561399,,-0.898070202105536,,-0.6165558007107073,-0.6095749248604552,,-0.4696127410938523,-0.0443914393462876,,-0.6061869337943973,,,,-0.503817640703757,,-0.90396322785497,-1.2596137098998392,,,,-0.0799694577204317,,,,,,,-0.0248651168372032,,-0.6201110436968821,,,,-0.3968000404400424,,,,,-0.5497724755619077,-0.3065077213050162,-1.2014220660005246,-1.2002575100275104,,,,0.7967317668393782,,,,,,,,,,,,,,,,,,,,,,,,,,,,,,,,,,,-0.4402588997654056,,,-5.1350444486119,,,-5.892783508594,-0.0558534517888018,,,,,,,,,-0.686503283606146,-2.5548835416626634,,,,,,,1.7681,0.154233357841751
1989-09-30,,,,,,,,,,,,,,,,,,,,,,,,,,,,,,,,,,,,,,,,,,,,,,,,,,,,,,,,,,,,,1.0997720207253887,,,,,,,,,,,,,,,,,,,,,,,,,,,,,,,,,,,-0.490190158315102,,,0.2797395550146858,,,0.8019293130137718,,,,,,,,,,-0.71546747851523,,,,,,,,1.6217,0.2738281006179389
1989-06-30,,,,,,,,,,,,,,,,,,,,,,,,,,,,,,,,,,,,,,,,,,,,,,,,,,,,,,,,,,,,,1.1490569948186529,,,,,,,,,,,,,,,,,,,,,,,,,,,,,,,,,,,-0.4873703489479704,,,0.2908028003502461,,,0.815607651862923,,,,,,,,,,-0.7138317595189869,,,,,,,,1.5052,0.35583311187882
1989-03-31,,,,,,,,,,,,,,,,,,,,,,,,,,,,,,,,,,,,,,,,,,,,,,,,,,,,,,,,,,,,,2.405098445595855,,,,,,,,,,,,,,,,,,,,,,,,,,,,,,,,,,,-0.4952795703435834,,,0.2597717463602597,,,0.7772415794811572,,,,,,,,,,-0.7184197518255222,,,,,,,,1.4118,0.4455305284034566
1988-12-31,-0.5503249805918274,,,-0.543482206430536,-0.4342559447153402,-0.6109125761764828,,-0.5734436921657334,,,-0.4030632636991393,,,,-0.2560151760699583,,-0.8901415296303041,,-0.6376245800807798,-0.5195941531166577,,-0.4424037676101806,-0.0593151882925376,,-0.5890743513834543,,,,-0.5260441630376541,,-0.943498651618,,,,,-0.0396492831977394,,,,,,,-0.105114252615741,,-0.6296428689136943,,,,-0.3866787337268189,,,,,-0.5503249805918274,-0.2211338934696674,-1.245648691457576,-1.2443947544039813,,,,2.405098445595855,,,,,,,,,,,,,,,,,,,,,,,,,,,,,,,,,,,-0.4915656750795564,,,-4.899748108792177,,,-5.601868594534002,-0.1323093612594292,,,,,,,,,-0.7162653902207143,-2.421880482818366,,,,,,,1.2043,0.6945943701735449
1988-09-30,,,,,,,,,,,,,,,,,,,,,,,,,,,,,,,,,,,,,,,,,,,,,,,,,,,,,,,,,,,,,1.1615751295336787,,,,,,,,,,,,,,,,,,,,,,,,,,,,,,,,,,,-0.5238559311251245,,,0.1476551991181784,,,0.638623291875734,,,,,,,,,,-0.7349963675069607,,,,,,,,1.2282,0.6616186288878033
1988-06-30,,,,,,,,,,,,,,,,,,,,,,,,,,,,,,,,,,,,,,,,,,,,,,,,,,,,,,,,,,,,,1.1861554404145078,,,,,,,,,,,,,,,,,,,,,,,,,,,,,,,,,,,-0.5178380452806364,,,0.1712657836757767,,,0.667814868687947,,,,,,,,,,-0.7315055037954665,,,,,,,,1.138,0.7933216168717049
1988-03-31,,,,,,,,,,,,,,,,,,,,,,,,,,,,,,,,,,,,,,,,,,,,,,,,,,,,,,,,,,,,,1.203896373056995,,,,,,,,,,,,,,,,,,,,,,,,,,,,,,,,,,,-0.5321090317118512,,,0.1152749688677577,,,0.5985891293904132,,,,,,,,,,-0.7397838377398672,,,,,,,,1.1784,-0.0289375424304139
1987-12-31,-0.5594861394652899,,,-0.5741781411775002,-0.4366415780471995,-0.6299095451719422,,-0.5888927895258865,,,-0.4204762505814542,,,,-0.2725590870927414,,-0.8834848366965532,,-0.6257915962755836,-0.4668097896092744,,-0.4400090476374143,-0.0785741136679039,,-0.602582484981221,,,,-0.5368267320328179,,-0.9430785585673892,,,,,0.0046321716289365,,,,,,,-0.122940983712483,,-0.6379758957295485,,,,-0.393196584143705,,,,,-0.5594861394652899,-0.2305415191379914,-1.313467136017444,-1.3120761393126683,,,,1.203896373056995,,,,,,,,,,,,,,,,,,,,,,,,,,,,,,,,,,,-0.5164625285161819,,,-4.38652145932301,,,-4.967327119141667,-0.239290930506339,,,,,,,,,-0.7307075920899821,-2.235774843001624,,,,,,,1.2065,-0.0337339411520928
1987-09-30,,,,,,,,,,,,,,,,,,,,,,,,,,,,,,,,,,,,,,,,,,,,,,,,,,,,,,,,,,,,,1.2612642487046632,,,,,,,,,,,,,,,,,,,,,,,,,,,,,,,,,,,-0.565706028683651,,,-0.0165395517766627,,,0.4356167262730863,,,,,,,,,,-0.7592728311463238,,,,,,,,1.4753,-0.0762556768114959
1987-06-30,,,,,,,,,,,,,,,,,,,,,,,,,,,,,,,,,,,,,,,,,,,,,,,,,,,,,,,,,,,,,1.3145699481865285,,,,,,,,,,,,,,,,,,,,,,,,,,,,,,,,,,,-0.5764350594463957,,,-0.0586338511022095,,,0.3835723150421693,,,,,,,,,,-0.7654965424491023,,,,,,,,1.5536,-0.0443486096807416
1987-03-31,,,,,,,,,,,,,,,,,,,,,,,,,,,,,,,,,,,,,,,,,,,,,,,,,,,,,,,,,,,,,1.2858031088082902,,,,,,,,,,,,,,,,,,,,,,,,,,,,,,,,,,,-0.5955891303914239,,,-0.133782968808394,,,0.2906596962741539,,,,,,,,,,-0.7766074629479726,,,,,,,,1.4948,-0.0293684773882792
1986-12-31,-0.5703298325242062,,,-0.5881955765808757,-0.4438194352902023,-0.6460142243580688,,-0.6283582109640956,,,-0.4319907934992114,,,,-0.2826648573028306,,-0.9093908200247174,,-0.619723399452406,-0.4736703567494913,,-0.4392039262672602,-0.1036260624131514,,-0.6208167554478773,,,,-0.5574899822819143,,-0.9840609695047452,,,,,0.0523696414147005,,,,,,,-0.1547867946037504,,-0.6467085220123888,,,,-0.3944504513816155,,,,,-0.5703298325242062,-0.2362881230151335,-1.3772036173265518,-1.3756838105325386,,,,1.2858031088082902,,,,,,,,,,,,,,,,,,,,,,,,,,,,,,,,,,,-0.5751627064392754,,,-4.005379165750351,,,-4.496091664887371,-0.3463670064398628,,,,,,,,,-0.7647584741215291,-2.049504798909424,,,,,,,1.1272,0.3092618878637331
1986-09-30,,,,,,,,,,,,,,,,,,,,,,,,,,,,,,,,,,,,,,,,,,,,,,,,,,,,,,,,,,,,,1.5596269430051817,,,,,,,,,,,,,,,,,,,,,,,,,,,,,,,,,,,-0.6172191315124701,,,-0.2186461555897047,,,0.1857368287605423,,,,,,,,,,-0.7891546245167148,,,,,,,,1.0297,0.4332329804797513
1986-06-30,,,,,,,,,,,,,,,,,,,,,,,,,,,,,,,,,,,,,,,,,,,,,,,,,,,,,,,,,,,,,1.5596269430051817,,,,,,,,,,,,,,,,,,,,,,,,,,,,,,,,,,,-0.6182163811666995,,,-0.2225587667449638,,,0.1808993674602327,,,,,,,,,,-0.7897331105031911,,,,,,,,1.3161,-0.1078185548210623
1986-03-31,,,,,,,,,,,,,,,,,,,,,,,,,,,,,,,,,,,,,,,,,,,,,,,,,,,,,,,,,,,,,1.7436269430051814,,,,,,,,,,,,,,,,,,,,,,,,,,,,,,,,,,,-0.6431476225224364,,,-0.3203740456264428,,,0.0599628349524927,,,,,,,,,,-0.8041952601650959,,,,,,,,1.0506,0.1176470588235293
1985-12-31,-0.5786111531990794,,,-0.6040120411269306,-0.4608995919414353,-0.6413148933050287,,-0.6391725791162027,,,-0.4247165592974897,,,,-0.2943010052470847,,-0.9821763160094666,,-0.6535960741193833,-0.6924617768402188,,-0.4614445439453651,-0.1208593478287182,,-0.6350772407903298,,,,-0.5698358233618788,,-1.012347234912533,,,,,0.0876775837160255,,,,,,,-0.1628059390129644,,-0.6532089029968935,,,,-0.3929819582200987,,,,,-0.5786111531990794,-0.2429049697770647,-1.4333868595496084,-1.431753507603811,,,,1.7436269430051814,,,,,,,,,,,,,,,,,,,,,,,,,,,,,,,,,,,-0.6125767624324363,,,-3.7395914424448153,,,-4.167477914487029,-0.4186173683561725,,,,,,,,,-0.786461672510705,-1.9238177303229405,,,,,,,0.8285,0.4172601086300542
1985-09-30,,,,,,,,,,,,,,,,,,,,,,,,,,,,,,,,,,,,,,,,,,,,,,,,,,,,,,,,,,,,,1.7803523316062175,,,,,,,,,,,,,,,,,,,,,,,,,,,,,,,,,,,-0.657865651902099,,,-0.3781187895730262,,,-0.0114314214796626,,,,,,,,,,-0.812732915413779,,,,,,,,0.6832,0.7186768149882902
