,totalAssets,intangibleAssets,earningAssets,otherCurrentAssets,totalLiab,totalStockholderEquity,deferredLongTermLiab,otherCurrentLiab,commonStock,capitalStock,retainedEarnings,otherLiab,goodWill,otherAssets,cash,cashAndEquivalents,totalCurrentLiabilities,currentDeferredRevenue,netDebt,shortTermDebt,shortLongTermDebt,shortLongTermDebtTotal,otherStockholderEquity,propertyPlantEquipment,totalCurrentAssets,longTermInvestments,netTangibleAssets,shortTermInvestments,netReceivables,longTermDebt,inventory,accountsPayable,totalPermanentEquity,noncontrollingInterestInConsolidatedEntity,temporaryEquityRedeemableNoncontrollingInterests,accumulatedOtherComprehensiveIncome,additionalPaidInCapital,commonStockTotalEquity,preferredStockTotalEquity,retainedEarningsTotalEquity,treasuryStock,accumulatedAmortization,nonCurrrentAssetsOther,deferredLongTermAssetCharges,nonCurrentAssetsTotal,capitalLeaseObligations,longTermDebtTotal,nonCurrentLiabilitiesOther,nonCurrentLiabilitiesTotal,negativeGoodwill,warrants,preferredStockRedeemable,capitalSurpluse,liabilitiesAndStockholdersEquity,cashAndShortTermInvestments,propertyPlantAndEquipmentGross,propertyPlantAndEquipmentNet,accumulatedDepreciation,netWorkingCapital,netInvestedCapital,commonStockSharesOutstanding,investments,changeToLiabilities,totalCashflowsFromInvestingActivities,netBorrowings,totalCashFromFinancingActivities,changeToOperatingActivities,changeInCash,beginPeriodCashFlow,endPeriodCashFlow,totalCashFromOperatingActivities,issuanceOfCapitalStock,depreciation,otherCashflowsFromInvestingActivities,dividendsPaid,changeToInventory,changeToAccountReceivables,salePurchaseOfStock,otherCashflowsFromFinancingActivities,changeToNetincome,capitalExpenditures,changeReceivables,cashFlowsOtherOperating,exchangeRateChanges,cashAndCashEquivalentsChanges,changeInWorkingCapital,stockBasedCompensation,otherNonCashItems,freeCashFlow,researchDevelopment,effectOfAccountingCharges,incomeBeforeTax,minorityInterest,sellingGeneralAdministrative,sellingAndMarketingExpenses,grossProfit,reconciledDepreciation,ebit,ebitda,depreciationAndAmortization,nonOperatingIncomeNetOther,operatingIncome,otherOperatingExpenses,interestExpense,taxProvision,interestIncome,netInterestIncome,extraordinaryItems,nonRecurring,otherItems,incomeTaxExpense,totalRevenue,totalOperatingExpenses,costOfRevenue,totalOtherIncomeExpenseNet,discontinuedOperations,netIncomeFromContinuingOps,netIncomeApplicableToCommonShares,preferredStockAndOtherAdjustments,adjusted_close,10%DDret
2023-09-30,3.85813529262827,-0.3977517190320235,,-0.1549630949635874,3.30086228541099,4.132501608211961,,2.857145728275618,3.619327201155647,0.2242666946633579,4.714143788238152,,9.00497538768115,1.785870959131449,1.036665536606577,-0.3761409070266516,2.935916573044345,4.578841923318668,1.8341103515234127,3.291252833614435,-0.1301350307105659,1.17736249751764,0.0515481899513375,3.614101991477596,1.8771646417587664,0.0182972184338491,,-0.7119248400262266,2.2184316038173235,0.7920980557993281,2.560432739103789,2.7284393989894866,,,,-3.514693891676588,,,,,,,10.56425075634558,,4.288351411664532,1.688230471505653,0.9301406451612904,14.700645193433475,3.3676327912475417,,,,-1.1361212461408925,3.85813529262827,0.6175908240288973,,3.778835591928585,,0.0,1.3545051375679755,3.0033561227256405,-1.945877895715136,,-5.722948103614195,,-3.6291552759365366,,-0.926548520530204,1.573504361076977,1.1757486311215477,2.7646835253047506,1.8987944162436547,3.1265695492767063,-118.70606267029972,-7.066879754005503,-6.165077363595765,0.3700252894982031,7.022737819025522,0.2999992737150203,,2.0356345494231367,,,,,-6.360823147145289,0.2682698313554029,3.949562846387241,1.723724517906336,,,3.8078227315247895,,0.7849211533078286,,3.7877078838738174,3.1265695492767063,3.289698032881577,4.342701457910125,3.1265695492767063,,4.3128166093598255,2.7393988934763134,1.131687915440776,0.0707679283855222,-0.5498982312753435,-2.4318344771074463,,,,2.8774986444966566,3.3984974410940705,1.296497988566589,2.894174956654649,-3.259698095524986,,6.822882246203801,2.0356877724837017,,44.8416,0.1882232162184753
2023-06-30,3.8711404304450863,-0.379209232016977,,-0.1735443386532404,3.3274748087000714,4.137266671837164,,0.9990842569759896,3.606871550763872,0.2183475796790105,4.770026791886718,,9.001352799971919,1.8335693105789368,1.4151619670906848,-0.2237033607101549,2.6294749365682475,3.663379949717159,1.7479216272217626,0.8844470448125151,,1.183517939864068,0.0409899407395631,3.571916121830616,1.779092345356044,1.240836638983148,,-0.7125224114295298,1.973206039768112,0.8800028987582179,2.221187903313025,2.951909005224739,,,,-1.7372896451288176,,,,,,,10.503517054038678,,4.318812141727191,1.9981696505176456,1.2098619354838709,14.41755723289241,3.4435261977118654,,,,-1.1361212461408925,3.8711404304450863,0.9154269079936752,,3.736748313092345,,0.0210105067344405,1.3563659942468138,2.996797760630775,-2.0148036805306946,,-4.488030397730091,,-14.567052391117103,,-4.033289722343364,3.244703497953294,1.5984001404540615,4.127816024187807,1.3842005076142132,2.862591805671311,-118.1515667574932,-7.228677779575984,-1.4662043239551317,-0.3623053374151471,-0.2774228092093521,8.549289330147364,,1.990975990021828,,,,,1.203156428902986,0.4932854465958776,-4.09699161771022,6.728088154269972,,,6.658442469597755,,1.0977698982924329,,4.855165033040583,2.862591805671311,4.72979130788238,4.935083126005424,2.862591805671311,,6.079660883487756,2.6201797408259213,1.13893429225237,0.9139491530002972,-0.2246485428927562,-2.792993956775581,,,,4.569636725103922,3.55983624705151,1.267025195850095,2.764489824565052,1.384342470796934,,12.484805653710248,4.036241175914803,,49.2019,-0.0326125617100153
2023-03-31,3.9217813669947215,-0.3845348519772733,,-0.1828842119873647,3.5297572293378545,4.0973139424537965,,12.118821538945587,3.592310896366455,0.211428134695024,4.3906880340011325,,7.273473509692367,1.7256561424683607,2.94869772857922,0.3939205053086497,2.5990529418447594,,1.8546208376783464,3.145170194912376,-0.1301350307105659,1.5061923231242478,0.0403761403880631,3.834678841945993,2.0136163967346805,0.1998299595343584,,-0.7099555706289774,1.6188017640098955,1.1455609671600742,2.188580383214968,2.455088657217843,,,,-0.953509694445008,,,,,,,10.350296321692706,,4.343427421456608,1.9066903086808136,1.9928425806451613,0.5558129686371223,3.681511745967503,,,,-1.1361212461408925,3.9217813669947215,2.1235758047591644,,3.9988969415740767,,0.3289626858376803,1.378742884522541,2.813207588647805,-6.512538319104192,,-3.211909651506068,,20.85428603527693,,1.2282969247644346,2.784120996554466,3.310836908693887,3.679122582280826,0.9413071065989848,2.2576388970406978,-115.13374205267938,5.775894157630685,0.1563558988099929,1.1450818581126048,-1.189648402641442,14.65724432953002,,1.749710009354537,,,,,1.6610707101965032,0.4569019362898188,-175.5046255923083,5.985388429752066,,,28.2785167212348,,1.1312120929364562,,4.505869162688773,2.2576388970406978,4.272369420347214,4.230164323238965,2.2576388970406978,,5.518451927872123,2.2371151874532407,0.4639315680505612,0.717423607921541,47.64029094810584,0.2505377445457339,,,,4.175239472257365,3.115889485919631,1.292754605123862,2.329315494370953,101.05057402014928,,69.40658962849776,24.148676555940987,,49.7771,0.0543462756970575
2022-12-31,2.991205825997985,-0.3815946291458423,,1.824033383554928,2.479139270217018,3.2501101519134408,,10.382758769787428,3.157560983965877,0.0048283474504052,-0.4173433865802187,,3.5347361770034804,1.082418921506618,2.5260552550250823,0.2237033607101549,2.44159702849064,,0.6952403187446586,2.997654905291369,-0.1301350307105659,0.6793204210082637,0.0336419998410301,2.996746121642302,1.8628413885515376,0.2130243018243197,,-0.7048083078596157,0.0538623879412342,0.2614105463540603,2.1219661397310645,2.3595335480325006,,,,-1.0283841640652804,,,,,,,6.465102610569623,,3.256918363713984,1.1561326240729088,-0.6237716129032258,0.1172807214209202,2.4919617550972464,,,,-1.045860230143138,2.991205825997985,1.7539953868695026,,3.162922518371549,,0.2140565710781918,0.9428394852630472,2.7105014399085494,-1.8369082024813472,,-1.2609247157299182,,-3.391079653971464,,-2.0643724642852423,3.657594667801792,2.8388893156156385,2.011015902463828,-0.2439720812182741,1.9895369902999995,93.94777475022708,-6.352524680368992,-2.8407807287151603,-0.2957540263543192,-0.5067999286096734,0.2409958819641651,,1.848849391955098,,,,,-3.980697818350611,-0.7281386633354153,-3.764827404272167,-0.2958236914600551,,,3.918469363891488,,1.3691144909956146,,3.618988567448656,1.9895369902999995,2.612662723159369,3.118061649542642,1.9895369902999995,,3.482164886217486,2.2462546297579133,0.2784134248665141,-0.268446221597817,1.0411019422837218,0.4424869404896036,,,,2.19674679197542,2.8499037749184644,1.70747406309549,2.275959771354896,-0.1279914315359641,,7.831496514182026,2.39206608446826,,50.3699,-0.0373535886339826
2022-09-30,2.957766355364623,-0.3159750045720111,,2.1786261968671576,2.436255925794126,3.222709064268608,,20.638908849428745,3.145141528625135,-0.0010735670938055,-0.4834531331944347,14.887646706352824,3.7919571856360186,0.8685974247532394,3.327577396832884,0.5465123987220852,2.9778162435779296,,0.4643673359812443,2.831944948999723,-0.1301350307105659,0.6607762795806129,0.0417582951364049,2.895399905551694,2.146406319181315,-0.0182972184338491,8.610447866282712,-0.7250985732354108,-0.0538623879412342,0.2610278749185828,2.234296703197664,2.564664696261012,,,,-2.237085144424908,,,,,,,6.101770394957445,,3.173808540850428,0.3002535796678678,-0.664901935483871,0.1360137508407443,2.363414035614141,,,,-0.984713256618954,2.957766355364623,2.3850677704653265,,3.0618131542338185,,0.3174843672706484,0.9318027628106408,2.7092923563938536,0.1013449916664098,1.3470956298960437,-0.492302066813213,-2.936213703693333,-7.966895105418867,1.5746722288438617,-2.354636641160845,4.648671618062416,3.7339163639954793,3.2193461575989053,-0.0009517766497461,2.016856636420195,95.29359673024524,5.93603333872795,-8.321748496072713,-3.206042859044324,-4.062752097090844,-0.0171839026197099,2.468281370109312,2.066049267227939,,,,,0.7427665170973232,0.5596502186133666,15.901518947169253,3.232771349862259,,,3.149672591206736,,1.1780162358869086,,4.224514583722629,2.016856636420195,3.795960935745077,3.788035699306037,2.016856636420195,,4.933948397595738,2.2013194232776376,0.2367331371908031,1.0422284062356468,-0.5472475110052225,0.9503226467274404,,,,4.827073920115669,2.988233716246711,1.4847850942197756,2.259549624253641,-11.054188840914415,,3.042421927227581,0.6999203638965,,40.5548,-0.0499644924891751
2022-06-30,2.9445076830887333,-0.3060694221242933,,-0.4602596448967622,2.342773160822516,3.2572007444082445,,7.225108287023382,3.149659763674772,0.0010735670938055,-0.18595190333608,14.560695072229676,3.906689744372109,0.9568306708523614,4.237015363903915,0.9127839961848564,2.5615335336219847,,0.3651412654422915,5.334380186641418,-0.0260270061421131,0.7460089729716586,0.0187209107207517,2.8375816863922965,2.293554977708524,0.0683718916295378,8.736699081736422,-0.7113001062864096,3.221053880933041,0.2606381333411104,1.8454443653340065,2.2725031288835127,,,,-1.356858798872647,,,,,,,5.242772802453461,,3.1355618729464947,0.5135274266430246,-0.6640012903225806,0.2910594624218419,2.316869788922656,,,,-1.1328281410796146,2.9445076830887333,3.137539953868695,,3.004130059587679,,0.6971145728732527,0.9551914573414696,2.713051506957726,-0.0017781486864222,0.3564073508400256,-0.3642738800332776,-3.642875143505166,-7.375750539889401,-1.8322407628128723,-0.6371962098085081,4.943911319610095,4.749448608078303,3.577795110568317,0.0009517766497461,2.156632116040021,95.70651680290644,5.51849004693316,-0.4834633672209525,-0.0033275655530413,-1.7389255755845083,0.0705658486276845,1.6022305317056011,1.897274711568444,,,,,-2.729421321367786,-0.5093691442848219,5.6944362923500575,5.10364738292011,,,6.210447848456502,,1.1710366707100868,,5.183770193826762,2.156632116040021,4.944409383122787,4.52324934842596,2.156632116040021,,6.342974881230479,2.2551377612753654,0.3284297700773673,1.280054755536343,-0.4823679767746414,1.0267335859879136,,,,5.304355684077354,3.26788466615006,1.5674952360787635,2.3074413635524733,-4.223449476185695,,10.53748448094738,3.348185241675328,,43.5292,-0.068836551096735
2022-03-31,2.966353246793521,-0.2961638396765755,,-0.4810706378291735,2.404577536167344,3.255062835288144,,6.684255240005506,3.1386036552562526,-0.004180464205262,-0.464730145424228,14.702213784209771,3.897919496250773,0.8088004038692531,4.5079349871517085,1.0218955208670348,2.564421098473851,,0.4652038907569433,5.973700659221939,0.0,0.8560506766204239,0.0766919252135053,2.836756018010308,2.323610154194806,0.4774230974125758,8.67738404950406,-0.8098586443266677,2.741670468412132,0.3485898159907169,1.95195280111035,2.1886954045696045,,,,2.347362050232616,,,,,,,5.2182834063619685,,3.157024649548028,0.9421342637609867,-0.3827522580645161,0.556261365617916,2.3877868454933378,,,,0.0,2.966353246793521,3.3227731007103447,,3.0033063208403257,,0.7333949459852545,0.9662756530740916,2.1913209786981467,2.659849639747076,-0.6371631275557964,2.271238231296566,-0.1381009716349788,-4.218826848419029,-0.5750297973778308,11.671001334760602,0.2523682718518341,5.0519734892958645,2.797808502905023,0.1012055837563451,1.9194809971553448,94.06403269754767,5.720019420618223,9.407623400845877,5.227738586450153,-0.49016598250937,1.288516708185958,-0.2680025536461115,1.1773183660742126,,,,,5.552684511836609,1.8780449718925671,-2.9925118971815925,4.87468870523416,,,2.393752923292797,,1.852831949239526,,3.2373061307693614,1.9194809971553448,2.386182036005006,2.9411949351244084,1.9194809971553448,,3.2042967007008056,2.22385399059732,0.4206167592895282,-0.4315961058727114,-0.5633096135944082,0.1546655741063198,,,,1.8693294776793783,2.724234244207336,1.7818843955113275,2.2393235265829827,-5.693610469591994,,4.192608155859039,1.1063209469947497,,57.8144,-0.0615625172967287
2021-12-31,0.9780526670187558,,,1.2768403826392978,1.250950001067983,0.7977861825583183,,1.3084465364875228,0.7928838936177369,-1.1189022614197537,-0.310444589613526,6.146322083132515,0.0,1.1065640359072262,0.2028531560612984,-0.7119546773601502,1.8590063621101,1.0672925832809554,1.5343804707014643,5.899298321497909,0.0,0.8440632079792171,0.0674495933020692,0.7467334026453641,0.8247650908107133,0.2488175705156813,1.1773497360538103,-0.7673903311873694,-0.2786735060994833,0.3481550022580266,1.378132998666138,1.2213042201851063,,,,1.519918074968451,,,,,,,4.751417559273758,,1.0149850761558832,0.396957043985586,-0.412876129032258,0.0,1.1601063934954357,,,,0.0,0.9780526670187558,-0.0547037973704189,,0.918168208884618,,-0.8124190963675195,-0.0197994268296729,1.1634900745235113,0.0632357090190072,-3.1272601862344187,0.0521812582290572,-0.1217483829417859,-1.7892621303474017,0.709932459276917,-0.6449404643909659,0.5507456314536835,0.2446643916034806,1.274772364958677,-0.3588197969543147,1.3784878329361772,-41.69981834695732,2.272131412849976,-0.4674915280952005,-0.0584320511114068,10.540281991790112,-0.0551831327576314,0.3566114679556499,0.826504521359526,,,,,-2.797694569085564,0.3981886321049344,0.5165625470821141,0.6993498622589531,,,2.602242165575304,,0.6169637025286927,,2.296617799446209,1.3784878329361772,1.7500294158546108,2.1861604718011343,1.3784878329361772,,2.5157221974330035,1.4617381104122216,0.4849079219788602,-0.0189482974450418,-0.2434244781394468,-0.3339137560176175,,,,2.69745165371408,1.9225281649962107,0.694236713952996,1.5483037475857877,-0.0951233390233289,,3.8623245153280488,0.9896203112556858,,47.9791,-0.0563776854668365
2021-09-30,0.9575805158163108,,,-0.2802588837373821,1.2311512090574628,0.7771826659905983,,1.618831371207205,0.7848627060820149,-1.122714052040202,-0.3740337639488053,5.603182925399575,0.0,0.8384116797131136,0.4766519758855003,-0.6016835706419948,2.24428009694644,1.905208988057825,1.4589155346224243,5.883801814057956,0.0,0.8399495827608707,0.0569134232396294,0.7384126296466346,0.952952884584406,0.076017894972171,1.1005188015425902,-0.8105241215712553,1.030135787220943,0.3498376960528281,1.3768487057932874,1.6515428099691636,,,,0.693361455494637,,,,,,,3.295707574005071,,0.9710293096759428,0.1308318557074491,-0.424298064516129,0.0216226988516055,1.0804573478153163,,,,0.0,0.9575805158163108,0.1485834207764952,,0.9098668820123472,,-0.8327157257407588,-0.0278843662144461,1.160683535213641,0.0349939661487907,0.618810661674139,0.0102525727097886,0.0435415674964298,-1.5860639878166,-0.2540723083035359,-0.386340509323501,0.7443487712534838,0.550404354075911,1.4560175642535793,-0.2769670050761421,1.384544952986888,-40.52929155313352,2.111183039326752,-8.075393385346889,0.4783708239052309,-0.4219882205961092,1.5843616318170923,1.1815043060206116,0.8744995322731525,,,,,-4.663043478260869,0.5040599625234229,4.662659632069881,1.1741487603305785,,,2.771895463049579,,0.5006998227115798,,2.6120067270287257,1.384544952986888,2.3244729213687463,2.5060000735061,1.384544952986888,,3.1285860521273525,1.424697737999575,0.427536231884058,-0.050810976323634,0.9949667871061392,-0.1182013725289357,,,,2.633508042653172,1.9756733626834024,0.6286343425788694,1.5166739883701887,-2.209592663252669,,4.373297679304747,1.1701648062413108,,48.2432,0.0034719919076677
2021-06-30,0.937543729872346,,,-0.1831170372095001,1.1899246487645856,0.7699747215250881,,0.7221291117534855,0.7771652252291116,-1.1263720123092409,-0.4399400959580544,5.530064218629915,0.0,0.9011477778487,0.6543072485984798,-0.5301337971661477,1.66795371059973,0.8219673161533627,1.4089704839189725,3.3321788948657147,-0.1041080245684527,0.8366408501221929,0.0399124782520379,0.7301549054180014,0.7874394735758895,-0.0362620019397578,1.0736402292673233,-0.7947971287297755,0.782595794713163,0.4376391381850415,1.0023060943076534,1.489145478183901,,,,1.607093131751515,,0.8019003694270439,,,,,3.332449203341107,,0.9723791199287652,0.0,-0.1590567741935483,0.1533517674314326,1.1178267256087562,,,,0.0,0.937543729872346,0.2929386221536646,1.115842266784378,0.9016284565615602,,-0.7694946281469106,-0.0308391223561938,1.1593718627946683,0.0418647326731264,1.694215893974479,0.1927608389705476,-0.1867387225940134,-1.6299292214357937,-1.3280691299165674,2.0897329157250657,-0.065252676566888,0.7487847431775537,2.1747874281331376,-0.2807741116751269,1.2508578963637715,2.587420526793824,2.1699304094513674,-2.396143641474243,0.0392652735258884,-0.7792968052828841,1.5542208051595283,0.6670618738029784,0.6232491425007796,,,,,-0.8936252514312238,0.518738288569644,0.3857644603291054,4.617586776859504,,,3.9676537652011215,,0.5010730614910889,,2.902942225695212,1.2508578963637715,2.7359953790366576,2.6315769085166094,1.2508578963637715,,3.633481193732119,1.3226652627301023,0.4537430532853874,0.0704076945937913,-0.5679483740671201,0.0,,,,2.876775709380083,1.959185237539704,0.5915562142705907,1.4075034897231875,0.8647454563711215,,7.241371406742432,2.183554469745029,,55.9011,-0.0420170622760553
2021-03-31,0.8821512913182411,,,0.9528103571404586,1.1129412129787737,0.7281118557875733,,-0.3104156741981791,0.7676493414350302,,-0.7524497860176566,5.307695814716878,0.0,0.5569391817005449,-0.0886040809909153,,0.8916090205632488,1.137806411062225,1.5907113883499775,0.2747346912235847,,0.8327679631678562,0.0300695934787024,0.7202096382009793,0.5223280026107844,-0.1474548366373209,0.9175327470635264,-0.764701259872505,-0.2584667653265977,0.5475904514197287,0.9063401258156386,0.990859466224613,,,,0.8385512218813119,,0.7923085748376586,,,,,3.910052331955648,,0.9467630255156342,-0.1597742568971763,0.1590567741935483,-0.1156365991580101,1.1434062898699389,,,,0.0,0.8821512913182411,-0.2834144902587511,1.1057958128389456,0.8917064320076893,,-0.7371198454944268,-0.0476937672282452,1.1551657177193022,0.0936349389620827,-0.9830516825146574,-0.7433639606620945,-0.0572900624422479,-2.528030558364229,0.185280095351609,-3.5567669719435964,1.412878757037644,-0.0807940043672434,1.8615505984078096,,1.296294122480602,-39.31301089918256,2.4099368829907752,1.4054167651771876,-0.5718088646346333,-1.7019453864001428,3.087422923006529,1.0668508071345746,0.7952478952291862,,,,,-2.193795451028934,1.2203310430980636,3.139828299014234,2.8960661157024794,,,3.1979653882132832,,1.008976392647196,,2.707909354986665,1.296294122480602,2.4833399296158825,2.526989235466106,1.296294122480602,,3.3234993044436862,1.3074459438240646,0.3941920017434892,0.0839885085420437,-0.5783934741791446,0.1560995595616101,,,,2.904030363274896,1.8912145649008367,0.6317848824899428,1.3841970777304973,-0.9665629079224822,,5.200955018622863,1.462604775466681,,53.1988,0.1199801499281939
2020-12-31,0.8915210233352677,,,0.9219251959425728,1.1403637912669622,0.7266527238503779,,-0.3579251623306393,0.7673804964333363,,-0.9032743455061696,5.318253461683753,0.0,0.7154462581165534,1.26776773825843,,1.0823145331296784,3.545215273412948,1.2515393151509346,0.2370798495705694,,0.8350334966624923,-0.0008721263987141,0.6799676682577638,0.7594766038545605,0.3538470616492263,0.9120916142383884,-0.7857520706706861,-0.3631798169969549,0.547018653685886,0.8182939633728685,0.9967221220341826,,,,2.467736452965004,,0.792037585186205,,,,,3.335644127631197,,0.9217715159375544,-0.0285229461000209,0.1703393548387096,-0.3450165657773459,1.1469483977590842,,,,0.0,0.8915210233352677,0.7785184791176059,1.0651444066086515,0.851558509869477,,-0.5296599751772104,-0.0483413219515105,1.15466742875567,-1.0513458214691302,-1.4289796521653446,0.0527283266650509,-0.0250329011844426,-1.8863548415284173,-0.3507350019864919,1.2365301510526108,0.9489604860692802,1.4338110234492445,2.153644221060808,,1.2480797599064042,-5.649069028156221,2.3645411878944813,0.6118160086163869,-0.3316917343271662,4.483312511154739,-0.0518712732501979,-0.1230310215887326,0.7506704084814468,,,,,0.7282995512919697,0.8652404747033104,-1.1327968320937116,4.092121212121212,,,4.139353367633302,,0.597480638238313,,3.028666315592777,1.2480797599064042,2.457646517697648,2.476715055364419,1.2480797599064042,,3.255492270138324,1.266851856983199,0.3269042170644001,0.0,0.2397008472838006,0.2601659326026836,,,,2.735478040845834,1.8785605409041752,1.074351048062672,1.2705815685428423,2.4832479833986008,,7.839442269124248,2.3948735945577497,,64.4991,-0.0263802130572363
2020-09-30,0.829007533989747,,,-0.3286417558603675,1.054097366998843,0.6790441526632026,,-0.0467537466816117,0.7609471106646043,,-1.2557034147810715,4.71086310880694,0.0,0.5107495372331474,0.8420642758525813,,1.0018982188616368,1.6087366436203645,1.3548141122155997,0.2041527559500824,,0.8322483900121991,-0.0129185102756361,0.6390284163719969,0.660041765115362,0.0438647887417587,0.7345582789442865,-0.7626776658022283,0.3896325473920026,0.5464433208810457,0.8660583925159523,1.0904716391817886,,,,0.9788758306588232,,0.785552878547991,,,,,2.161162831878412,,0.8624011472304992,-0.134721348357452,0.1650309677419354,-0.7625239767830008,1.0592228436650628,,,,0.0,0.829007533989747,0.4499165864768545,1.0237886240383405,0.8107149353768337,,-0.6164331013972446,-0.0675075799004077,1.1528208284786798,-0.8563564073809766,0.293885795930433,0.1692907527009732,-7.021000756027217,-6.7389931218714505,0.3626539531187922,-0.0891910822133238,1.0221707225448229,0.958445349105154,2.519531417503335,,1.2341421232005698,-3.119891008174387,1.0696714678750607,-2.636194078860956,-0.2993477971516038,4.362805639835802,1.379796204434696,0.2927833439735254,0.5672965388213284,,,,,1.171476094692867,0.3080886945658963,-2.373131266440541,6.041035812672177,,,4.704937441534144,,0.3131846598861622,,3.164523417194693,1.2341421232005698,3.204862708184025,2.8763839256484625,1.2341421232005698,,4.208732512664374,1.2510991345469995,0.3544731393701645,0.3828924972307027,-0.4393568847725587,0.3959848407251869,,,,3.5038857762515816,1.9896110973917045,0.3461528689392335,1.3646000400310891,1.0805636442748603,,8.505548658198835,2.6302320245117228,,72.4297,-0.0795115815749616
2020-06-30,0.807454382044738,,,0.9625979712863816,1.0963326674224494,0.6199434535585551,,0.3730444953100111,0.750389310212815,,-1.7688359180552664,4.499378004142297,0.0,0.2981901318958064,0.9092438915338846,,0.7568465267170754,0.0203881206788183,1.639211706473439,0.0946982257424593,,1.0290604317887988,-0.0071646839590564,0.6317226661472947,0.8804732019635174,,0.5141705636942306,1.67106768583264,-0.4280431581563204,0.7668152280253359,0.7607553895237752,0.9228429466025954,,,,0.1177735323123944,,0.7749108556481036,,,,,2.566044133659356,,0.803090297147633,-0.3843733912944003,0.803461935483871,-0.7930647933637247,1.1441003829840188,,,,0.0,0.807454382044738,1.1960367696481158,1.0164085424811873,0.8034262591118184,,-0.2253986308957828,-0.0673082880291184,1.1446869939252713,-0.7228530040043908,1.0982657535596394,0.2490975496719715,-25.49133368801277,-22.85743174924166,-0.7547477155343663,-12.142251120009515,5.978792332227657,1.0334620828898424,0.6606523882096196,,0.8920948322749025,-1.921094459582198,1.1192345039650429,-2.5939002285444084,0.0713430054572075,16.98225950383723,-0.041296563945761,-0.8559535132177244,0.4121671343935142,,,,,-0.7881401825777503,0.2015927545284197,-7.345593583371285,-0.0199008264462809,0.3697493036211699,,1.5603806127221702,,0.2853783708127274,,1.0638558105559992,0.8920948322749025,0.4932664434627274,1.131453615537264,0.8920948322749025,,0.8818866636919604,0.8054116212696389,0.548490792197886,-1.378380568989274,0.5056564477192761,-0.5729796169210284,,,,-0.0307247424543647,1.0881672953939694,0.0599618886301079,0.9067977468215576,2.4204572078856645,,4.022576640244485,1.0462429306086087,,58.1354,0.1691963932474877
2020-03-31,0.9038006532369796,,,-0.3362802141096562,1.4320601633086998,0.5730638508248517,,2.4778564041452813,0.7355192905678941,,-1.9365320976050129,4.373272414646537,0.0,0.2726668716960768,5.457568700283498,,1.8134459536222367,0.8867850408548082,1.6018770363650932,8.659037664182655,0.1405458331674111,1.7550330103225649,0.0191448303879748,0.6174490904590668,1.7253133197508028,,0.3393555666665775,0.3065405487262869,0.3857900027075845,1.2422486940122084,0.6550941364144346,0.601981736591051,,,,-2.326922268579023,,0.7599222138087699,,,,,2.4334698460182125,,0.789131736899545,-0.4730690766268184,2.18916,-0.8996338091323518,1.3758837533596875,,,,0.0,0.9038006532369796,4.388454601283359,1.0019897422962123,0.7891860415933054,,0.3366435323007289,0.0,1.1261110744722167,-0.7248824643718275,-1.8946396019116123,0.2478843616377471,27.99117968246857,23.810183624811195,0.59139849026619,12.426489050998429,0.9811562844988448,6.112390681750847,0.6650533489312126,,1.0802568406719175,-1.0946866485013624,0.9745913578248908,0.4510468384690151,0.1983229069612671,-0.4316973050151704,14.393486676302048,0.7395280966216304,0.401889616463985,,,,,-1.5202305430914436,0.7490630855715178,3.6566155850770232,0.0320661157024793,1.222451253481894,,0.1832173760523854,,0.4718857889334701,,1.1908454652012164,1.0802568406719175,0.6906842662616193,1.3809751213555184,1.0802568406719175,,1.1240977453476468,1.082631365051216,0.6989757001198649,-0.7903709507470348,1.6673346060998122,-0.6231691078561917,,,,1.1493222483282126,1.3323554707790826,0.4038619521490578,1.1660952272024248,-3.512066137831777,,-0.8237990640817496,-0.6661492569546614,,35.9965,0.4683010848276918
2019-12-31,0.7667400154261196,,,1.101075249559535,1.038332729486365,0.5900132038892498,,18.655623694177336,0.7304736093972368,,-1.7314312150433968,4.293458296968828,0.0,0.2305333279174621,0.8716079772415725,,1.9026354157462224,-8.923200817096166,1.5445196635244391,8.685923746428246,0.1405458331674111,0.9610117491620768,0.019087424599705,0.6130167411131145,0.6960474194617243,,0.4025600507660812,0.4137502909461845,-0.4362030020807602,0.3692637949517419,0.704721916795847,0.9162474588168296,,,,-1.607184927178103,,0.7548362818659508,,,,,2.214617532147042,,0.7826707197046144,-0.1599649183015882,-0.3417148387096774,-2.478589044167103,0.9082441002666816,,,,0.0,0.7667400154261196,0.8082707530427803,0.9975122966326144,0.7847640509034425,,,,1.1314603530523863,-0.6729368140791442,-1.376730551313002,0.2789368731212238,-0.0437655755607201,-0.7294061840741989,0.3438418752483115,0.9303942169184212,0.6412718852452434,0.9914355941316536,1.248397593310257,,1.0552927412381097,0.9642370572207084,0.8407913901925878,-0.496703181233089,0.0646878743511247,0.6380153489202213,0.0851787024192552,1.4535848761611925,0.569710009354537,,,,,-0.1642426117901903,0.745315427857589,-40.25176276435437,1.5130578512396695,0.8941504178272981,,7.208094597754911,,0.6543622282355137,,1.7475580545976523,1.0552927412381097,1.496004792110133,1.804263403825605,1.0552927412381097,,2.0797265020079267,1.1227913399281406,0.618502778685845,1.5034897648573924,0.4594897363480017,0.5338522994981051,,,,5.752756190131936,1.505264704129163,0.4329112852000847,1.2068463560011542,24.45760953241624,,12.670996084423646,4.10202869599255,,55.5183,-0.190553385100048
2019-09-30,0.6936476646295793,,,-0.3094068105854882,0.9765444746390318,0.5111737121069352,,-0.3757018913338446,0.7232703389581163,,-2.574062949948553,3.843849731011216,0.0,0.1734026564848288,0.5597212190891716,,1.9778698923238112,0.4450424261470773,1.5776554244247885,8.741104684323057,0.1405458331674111,0.9311983010525208,0.0126933029524238,0.5220228001415372,0.6289197369038176,-0.7915175903786683,0.1085659740697267,0.2700886931247914,1.18551405162214,0.3686451575271824,0.6989313331410649,1.0266181349426209,,,,-1.942085241846629,,0.7475755489777656,,,,,1.663025909781065,,0.7057609338868926,-1.5358157448187764,-0.4425974193548387,-0.6671648855342152,0.8258293819570681,,,,0.0,0.6936476646295793,0.5217885793589006,0.905592550552823,0.6939827680206474,,,,1.1253270021323836,-1.0457221298902053,1.2879489579740848,-1.2501959383711816,-0.0083443003948142,0.9018712004893332,0.9056416368692888,1.937530560731608,-0.1066633376435973,0.6431643861169939,1.817206270235589,,1.0003091165917353,-2.272593097184378,0.3468603333872795,-3.106890482570205,0.0425928390789298,-0.1731215420310548,2.007103067101469,0.5117715268458561,0.9247957592765824,,,,,2.941319820516788,0.3198001249219238,0.6465740474027594,2.280595041322314,1.1435654596100278,,1.8805542563143125,,0.3521881123448726,,1.7094127439821971,1.0003091165917353,1.3758490485308117,1.6970630938318283,1.0003091165917353,,1.9647234835559988,0.9565657125439884,0.5877737822817914,-0.4680877889750448,0.2270783698070339,-0.7206801188159377,,,,1.7960961503705042,1.355945517869764,0.3255557908109253,1.036196942560586,-0.1030893329316865,,2.928736510361952,0.6597513733853443,,48.0604,-0.0649453604214696
2019-06-30,0.6609687973734375,,,1.6603393427612625,0.9442696266049466,0.4786829906205661,,-0.3790841893300297,0.7020686894426491,,-2.717446662148135,3.687771105524365,0.0,0.1469712707374675,-0.126603579833832,,1.863670647193224,0.2369971715901948,1.753695592824955,8.696095567952776,0.1405458331674111,0.9329377768591356,0.059161080641885,0.509823175250507,0.4528821056609563,-0.7896891982749952,-0.0125925906120182,0.2707134268646084,-0.1072426032869335,0.3680265201026231,0.5433516438948772,0.8987566136982189,,,,-2.08562269055472,,0.7262047681329019,,,,,2.249490432181327,,0.6936427616425193,-1.42729127342752,-0.4321948387096774,-1.335126921256508,0.8054080646455625,,,,0.0,0.6609687973734375,-0.018406100550771,0.8932688022869635,0.681811654356689,,,,1.1025815764983475,-0.9860190095948904,1.769177710991772,-0.553380982143743,-0.0021840786268305,0.8433759003357925,-1.6899880810488677,-0.8508371988528988,0.2751350330230479,-0.123226493147378,0.4353541919451936,,0.8509158068138688,-3.048024523160763,0.4190807574041107,-1.909002548138808,0.2343937175562358,4.285275745136534,2.8619695396079514,-0.140268132841713,0.7892921733707515,,,,,-1.1164319975243695,0.2970018738288569,-0.4168908091526307,-2.153652892561984,1.0948189415041782,,0.4680776426566885,,0.4189978538770178,,0.8565664973584521,0.8509158068138688,0.3617508316664349,1.0283748137101794,0.8509158068138688,,0.7205307225911441,0.8295094534807467,0.6743489157676801,-1.3279838615261303,0.4647280645008599,-1.0461948171668545,,,,0.0704138803542382,1.023100406189061,0.3410544145670124,0.890787910611098,0.3171001104528567,,1.0609110877662111,-0.0002159623145761,,45.488,0.1315687020730261
2019-03-31,0.6340820428281875,,,-0.382146782870332,0.9043186006763356,0.4598959200352677,,-0.312460784614477,0.6814393314887895,,-2.713369525935539,3.6257864502598713,0.0,0.0559004949719438,0.2237445278068481,,0.4744269051616405,0.2647705845380264,1.664797374346226,0.0897078250414572,-0.2189599972723697,0.9326800166976708,0.107200893763965,0.4874489770545133,0.4152359598035761,-0.8129330484366001,-0.082649960918317,0.2109019618612604,1.237188117783638,0.6855642724514569,0.5095386910126537,0.5396998479152917,,,,-2.093119317059406,,0.7054108441752139,,,,,1.0727937879821114,,0.6673270528559652,-1.4127247421304503,0.4971496774193548,-1.3891338464987668,0.9640851008400528,,,,0.0,0.6340820428281875,0.2404011586017475,0.870666960945054,0.6594897459524726,,,,1.0967706478489303,-0.9593135871897428,-1.3857712962506774,0.1077441363759409,0.0,-0.8632987554457052,0.3290425109257052,-1.3858251067147709,0.8736888189608784,0.2679929334050234,0.5741332195448369,,0.8825239565358595,-2.7861035422343323,0.4884285483087878,0.8994667297134,0.0,-1.8682848474031768,0.2077320298938897,-0.1370369887821974,0.6173058933582788,,,,,-0.77440816958069,0.7267332916926921,-0.5426322688404458,-1.0524517906336088,0.9888579387186628,,0.6098719597754911,,0.4177661659046375,,0.8920447789083867,0.8825239565358595,0.3539850460491833,1.047825748975494,0.8825239565358595,,0.7110029134622956,0.8285696472609383,0.5902255639097744,-1.3200407064184656,0.0,-0.7298985967428044,,,,0.0863545996746791,1.0350476441886012,0.3098539064154139,0.8945180802753308,0.4602202363021722,,1.4146499856747206,0.1247722272463455,,38.8296,-0.1002237080233259
2018-12-31,0.6249903515842973,,,0.9811344408948548,0.8869854387576255,0.4558108286232212,,0.2257965453365583,0.6787572554431012,,-2.738430794875001,3.588694655394756,0.0,0.0954141110524391,0.7729930378471864,,0.5955342152766382,0.0282448145820238,1.42332720363783,-0.2151125354800342,,0.8655967188266239,0.0960862499889604,0.4529263420778648,0.5528054252898811,,-0.0978833503118067,0.2827599231084707,-0.1801470997318378,0.6849456350268974,0.5111361710948484,0.76184505901284,,,,-1.9184632187379853,,0.7027073724788325,,,,,1.5127740457612624,,0.6355092981617944,,0.3165174193548387,,0.926223996222496,,,,0.0,0.6249903515842973,0.6933157963452788,0.8357930802539202,0.6250477923651064,,,,1.081221101072054,0.1467992138211941,-1.538133714342021,-0.2005700283029965,0.071626578556828,-0.4799460734748905,0.4546285260230433,-2.7951340707555272,2.043237472739588,0.8813163179089901,0.5220283240156662,,0.952900804876999,-0.0350817438692098,0.3000080919242596,-0.6572621956024903,-0.1625183016105417,-0.4039978582902017,0.76364507905612,3.779734994071893,1.4830994699095728,,,,,-0.3106529475475785,0.2574953154278576,46.80537617982599,-4.297322314049587,1.107075208913649,0.0,-5.818361202057998,0.0,0.502416721097322,,0.798834661185384,0.952900804876999,0.0439740284745472,0.9304684459213508,0.952900804876999,,0.0319037245072049,0.9094714917749638,0.5781301078783916,,,,0.0,0.0,0.0,-0.2427977589011386,1.0469650779593471,0.6226042769426212,0.9375956911991392,-27.0243330990394,0.0,-15.037952440072582,-5.688501356513289,,35.9316,0.0143689677053065
2018-09-30,0.7010803389208108,0.8261071997469712,,1.3456223261478395,0.9289603931466928,0.5511367187504668,,-0.3800280864452441,0.674553621403067,,-1.502855107853509,3.6019063684560173,0.6243228574591663,0.0665078655858135,1.8462012784418929,,0.9106574811598228,0.4269327467001885,1.1535420120124893,-0.1953897078291842,,0.8664615933306584,0.0850290120022255,0.4401744682236799,0.8901588436244583,,0.0,0.3742155101503748,0.0737724071168675,0.6851586230544958,0.5060665939651754,1.1882208296452608,,,,-1.8971972782451003,,0.6984702049058076,,,,,1.362627674524623,,0.6747863597020678,,,,0.9282234682093026,,,,,0.7010803389208108,1.5643483348726557,0.8229114642451759,0.6123257203756751,,,,1.0901683190808034,0.1139342843662796,0.86741883036902,-0.1311065096892056,0.0717105815809369,-0.3764121384613464,0.2009336511720302,-2.393199328655064,3.0499384608877005,2.079724139444548,0.505224092302654,,1.0047384834505235,-0.0329246139872842,0.3102039164913416,-3.956602831849108,0.6736323705577,-0.1621274317330001,0.047716923166312,-0.2860865373340456,1.28614904895541,,,,,-0.5931842797462479,0.1733291692692067,-0.2945204341749448,-3.661068870523416,1.8517548746518109,0.0,0.1120205799812909,0.0,0.4293738919473733,,0.6446565987735063,1.0047384834505235,-0.0471616374469177,0.9193368512147294,1.0047384834505235,,0.2188377647707289,0.9008746894252172,0.4893211289092296,,,,0.0,0.0,0.0,-0.4226640159045726,1.006222697197551,0.5762439127673089,0.9350326617294992,1.058673896308197,0.0,0.651437303027409,-0.1448972154359064,,30.1014,0.0074054023345732
2018-06-30,0.6894092824850008,0.8261071997469712,,1.2952156655555231,0.9045962762456812,0.5471460347282961,,0.0042166975399681,0.6696652407372112,,-1.4770008167584512,3.705245606950722,0.6243228574591663,0.0016450708802144,2.769976268738116,,0.621863126270213,-0.082495285983658,0.9185408672550472,-0.2108145827231904,1.559503852387314,0.8653900243575247,0.0731813404693144,0.4021296334733619,1.041599747064056,,-0.0148813423065233,0.3309051645791493,0.0649301035187472,0.6845611960559213,0.3892342460074263,0.8227628206967643,,,,-1.937281281188524,,0.6935361740207889,,,,,1.025713865896067,,0.6377780399002035,,,,0.9426714908929354,,,,,0.6894092824850008,2.2793390747626945,0.7844831210324967,0.5743697985986788,,,,1.0874716964540878,0.1812905566079561,0.2965216534463221,0.1820122197514382,9.871839386217903,8.472780836110799,-1.358124751688518,3.4748179571555062,1.6791566967849714,3.1112659519603216,0.3968364878269131,,0.962557763717538,0.057447774750227,0.2432432432432432,0.7185226048808679,0.0616265140423266,-0.1553453507049794,5.172194905837152,0.0,0.909591518553165,,,,,-1.443137861674145,0.2985633978763273,-1.6283462844826877,-2.7157245179063363,1.7381615598885791,0.0,0.4328227315247895,0.0,0.4757674722403657,,0.7818811898007373,0.962557763717538,0.3897012418838983,1.127473013632681,0.962557763717538,,0.7548229612325783,0.9486477874144476,0.5644546147978642,,,,0.0,0.0,0.0,0.8073739381890476,1.0862662113715906,0.5634723692568283,0.9907720541407484,1.4882350972319844,0.0,0.1899341037150224,-0.3079622605855278,,39.0331,-0.0466887434036437
2018-03-31,0.6285605584867956,0.8261071997469712,,0.8007665322697997,0.7393071732586739,0.5490320314713607,,-0.4074011027864629,0.6628769613548968,,-1.4157936569277108,0.959921973713348,0.6243228574591663,1.9662891030737004,1.512111296178923,,0.5138871356618993,0.630656819610308,0.8046304056904348,-0.193980934425552,1.197428635901184,0.5834847066357031,0.0682267793586448,0.3780810014391974,0.725793894949899,,-0.007848421893229,0.7007475385508053,-0.1541839599722565,0.3765743217745349,0.4500714247088936,0.6115615280871098,,,,-1.3843362298979862,,0.6866983318418577,,,,,0.7293846379902118,,0.613386946988565,,,,0.7677902647858232,,,,,0.6285605584867956,1.3943143408397445,0.7601841341909447,0.5503773696047565,,,,1.0847311071541106,0.0906950664671979,-0.4012661969749224,-0.2525585370312892,0.0688264777531991,-0.8856183450049308,0.3270361541517679,-2.296792609919518,2.646797590214362,1.7066594976572702,0.9399460335526328,,0.9304800698055696,-0.030086285195277,0.3739682796569024,1.3375364488927417,-0.2031146013576467,-2.024344101374264,3.788796327903144,-0.1934256641434211,0.5096725912067352,,,,,1.1332972303883646,0.7968457214241099,-0.3391311218389864,0.6285399449035812,1.2534818941504178,0.0,0.8558962815715622,0.0,0.5807968647942521,,1.0759423785822275,0.9304800698055696,0.521933530865254,1.1759858654580042,0.9304800698055696,,0.9170581905036878,0.9066543822217296,0.3750136210090443,,,,0.0,0.0,0.0,0.4092897162479667,1.133427145691586,0.4666186745712471,0.9583624685145088,0.4927536231884058,0.0,1.7163594690096458,0.231376624778976,,36.5224,0.0158248657132418
2017-12-31,0.6269202994535432,0.8261071997469712,,0.8450391437404715,0.7321395970601049,0.5506912114726729,0.8002133514358795,14.222925524944449,0.6619716297954246,,-1.579509985510715,0.8649650249449647,0.6243228574591663,1.950015377205759,2.400043728412167,,0.508345535793181,-7.325620678818353,0.5804287610863409,-0.1793440175369672,1.199509755312307,0.583552794225524,0.048205406742089,0.3264646588234413,1.0129970028600588,-0.8904635223309008,-0.0016613057471018,0.9765131600069772,-0.2137063123810795,0.3777992238751625,0.5265161415335808,0.674103881139951,,,,0.7877577525026227,,0.6857805006769004,,,,,0.6448547778811774,,0.5676357020122526,,,,0.7603334159080838,,,,,0.6269202994535432,2.171970154883197,0.7080548198595872,0.4988816573590381,,,,1.0809939399268689,-0.135580281042327,0.5987338030250776,-2.081793817559763,4.598017528631031,-0.2802681346665168,-0.3287842669845053,-2.848775588417978,3.838079612665216,2.6981773890906697,0.6871945203361849,,0.8921965668493976,-0.0353088101725703,0.2783217349085612,0.4548821814169753,-0.5387994143484627,-0.1517044440478315,0.1014765373637307,0.920641538441494,1.19681322107889,,,,,-1.564559801949559,-0.1255465334166146,2.1586179093859936,-2.6983801652892563,1.3370473537604457,0.0,0.7626578578110383,0.0,0.3982457777363068,,1.0704044710958602,0.8921965668493976,0.5755880496753559,1.176713881145568,0.8921965668493976,,0.9828866899393685,0.8714428219124941,0.3355671788166067,,,,0.0,9751000.0,0.0,0.5341044641243449,1.1053664642817609,0.4205462629684522,0.925794318184772,-0.1211634367573718,0.0,8.432814439881577,0.0986677824719586,,40.7354,-0.0443970862323737
2017-09-30,0.6283723741985575,0.8261071997469712,,1.0630172805566314,0.7470667747277349,0.5441328854519287,,4.022308058914912,0.656149234699467,,-1.6045417740726462,0.6792618114082507,0.6243228574591663,1.950972825866201,3.493195072938009,,0.8533195950466429,,0.3050619866326347,-0.1776487139495454,1.198170926116357,0.5840626405826352,0.0412946330003797,0.2771039223721902,1.304532569605733,,-0.0261174375606612,0.9720177933139462,-0.4785896822482595,0.3765999510392667,0.5498384494754678,1.0817482898747783,,,,1.0384510625144303,,0.6799293270002983,,,,,0.6498280090874498,,0.5249107085367563,,,,0.7267103731332001,,,,,0.6283723741985575,3.031374122949116,0.6581746332030101,0.4496362797961101,,,,1.0789934562934629,0.0790256693544372,1.961767748928413,0.0,0.0568980483297398,-0.3311488097467201,-0.2430472785061581,-1.0776672085001784,4.3117803090004205,3.918854860478641,0.8553979994082256,,0.8048143930945701,-0.0354223433242506,0.1681906457355559,-3.306906244253553,0.1143351524025023,-0.1584151347492415,0.0357767981000384,0.03308014018996,0.9516495166822576,,,,,-0.4523441126411883,-0.1380387257963772,0.6165713934826105,-1.233961432506887,2.362116991643454,0.0,1.3769586061739945,0.0,0.37644863301297,,1.5072876144529193,0.8048143930945701,0.923080214361355,1.3018856106525134,0.8048143930945701,,1.4092233391952544,0.8262466864326157,0.2923068540917511,,,,0.0,0.0,0.0,0.7571660943430327,1.136775863683973,0.7103451196273555,0.8304423435343292,0.3411989155537704,0.0,4.322528889313341,0.6030882610984383,,39.7819,-0.0963044023097175
2017-06-30,0.6011192351307089,0.8261071997469712,,0.8373021825125871,0.7023190947695837,0.5276115922236514,,-0.37562323324091,0.651891194261969,,-1.7454756668993667,0.6397797287967799,0.6243228574591663,1.968891622614357,3.927875143100001,,0.5521639379441801,-0.1027262727844123,0.1963868189016993,-0.1448648854209532,1.1991203913004211,0.5848018772721193,0.0290627842690476,0.2427575326373623,1.279372846878717,,-0.0877256777797682,1.0148799603326943,-0.4625073716771817,0.3761925341068068,0.3713059681315115,0.7366594781441692,,,,1.043224424697006,,0.6756384663041234,,,,,0.7429027846327155,,0.496254114224897,,,,0.7194512384468038,,,,,0.6011192351307089,3.3858250201884905,0.6234918232648085,0.4153701595552683,,,,1.0770809060065802,0.0670338346132052,0.2322757057693255,0.1762325692799814,4.7425587321143565,4.212036100812643,-0.7184743742550656,2.083719885289881,3.5046150973825188,4.40424434617537,0.792693606929866,,0.8840734523627855,-0.0322434150772025,0.2169849490208771,-0.8310084850395355,0.1898043391454811,-0.1714795645190076,8.665945223586832,-0.119448099748544,0.5482008107265357,,,,,-0.4316880705554696,-0.1079013116801998,0.6183693053280126,-0.0311625344352617,1.4818941504178271,0.0,0.8910488774555659,0.0,0.3677894933283568,,1.1189460988329625,0.8840734523627855,0.5328227454084525,1.1471470504796684,0.8840734523627855,,0.9304181212105304,0.8244063287982488,0.1581126729868148,,,,0.0,0.0,0.0,-0.1166094343032712,1.0726435499391145,0.4326741477874232,0.8709829192021856,-0.085818522609365,0.0,-6.340024830484195,0.3656241985773482,,39.4938,0.0246165220870111
2017-03-31,0.5560740582323724,0.8261071997469712,,0.6611161730697334,0.6112991388027226,0.510421321060532,,-0.4114913236190589,0.6431618129918949,,-1.859756350399928,0.6015611770376064,0.6243228574591663,1.954141110524392,3.18719936716635,,0.7814018732879738,1.1568981772470144,0.1745495121900558,2.965085974400619,1.0238618195011508,0.4483486733052066,0.0378502857041923,0.2220504854183072,1.050892711593304,,-0.151828550394872,1.023381771661508,-0.4442293212864365,0.1123092055900077,0.3442141479505389,0.3428064374432993,,,,1.141078349439806,,0.6668272871205342,,,,,0.6662848832609326,,0.4773888746705509,,,,0.5805912119531021,,,,,0.5560740582323724,2.805081213340361,0.6025770378778325,0.3947115058999924,,,,1.0464068236276902,0.0010716309416838,-0.9700941025767356,0.3172713473615286,0.0474897096295466,4.505011921257287,0.3111839491458085,3.4378279083904904,2.14882020169894,3.5771619501168623,1.0323352160249488,,0.915916374179765,-0.0304268846503178,0.244861628095161,0.4646544250925999,-0.16238519898842,-1.8802784222737816,0.1404199379752627,0.0025797037249358,0.151362644215778,,,,,0.0,0.8071517801374141,-0.0216873116351638,2.2232506887052343,0.98050139275766,0.0,1.3425368334892422,0.0,0.4797611271811141,,1.295691983624102,0.915916374179765,0.8743996491490795,1.3585181858318751,0.915916374179765,,1.349497362135489,0.7580772534567319,0.2600523046747303,,,,0.0,0.0,0.0,0.4914874390023495,1.0674831606107311,0.3396485284776625,0.8105905625407784,0.3465542055761957,0.0,2.901346576258237,0.6500735621634025,,37.0707,0.056629629329902
2016-12-31,0.5123078991451722,0.8261071997469712,,0.7213194026242089,0.6099732278837857,0.4420588984999861,0.4230177105936261,-0.3409350142567793,0.5935110810067438,,-2.017753485741836,0.5702562232150998,0.6243228574591663,1.9332484202097104,1.943086734568538,,0.7917403022002297,0.7311046511627907,0.4885343360370821,2.972941676939517,-0.0990108956855812,0.4481541373342898,0.0177273490006977,0.2181547789042976,0.7393589974299735,-0.8905865232542387,-0.4067534217639965,0.5288778542598496,-0.4720469710288451,0.1173908701488883,0.3974965301560979,0.3997068672095215,,,,0.8421924404693023,,0.6167825428512426,,,,,0.5577629501810332,,0.4727134162012941,,,,0.5775366439993161,,,,,0.5123078991451722,1.6846843100371856,0.5986252995333585,0.390824903876819,,,,1.0324767159826185,0.0,-1.3211065674730256,-0.8159908387296108,1.6684400638422985,-0.5114281791059682,1.017322208978943,-0.9470589012673618,2.569603705970385,2.1879121723195767,0.4000225354478973,,1.0637445366577063,0.0,0.2781598964233694,0.0470748942653742,-0.0103820045254891,-0.1523469569873282,-0.0089187795507201,-0.9625682383750472,0.3878952291861552,,,,,0.0953117747176234,-0.2326670830730793,-12.669547666078156,-0.8607823691460055,1.565459610027855,0.0,1.5291306127221702,0.0,0.5317532891667445,,0.5999541338950516,1.0637445366577063,-0.2589343972958807,0.8473689778424903,1.0637445366577063,,-0.0409853276988897,0.8589020661882198,0.2649013838945189,,,,0.0,-116103000.0,0.0,1.4335441894090006,0.9647671438181772,0.5090493330510268,0.8980948840788041,7.359842018944338,0.0,6.067195110304651,0.470608878750658,,35.2981,0.1378881630895126
2016-09-30,0.5221297877840184,0.8261071997469712,,1.00509752914233,0.6498464724119851,0.4339303027286484,,-0.3421935437437319,0.5909075413925409,,-2.1382958014300715,0.7480591124021415,0.6243228574591663,1.9361439770676536,2.3292086140058665,,0.9776647647660284,0.7239157762413576,0.3928965145434493,3.002358775808581,,0.4493967358485213,0.0008721263987141,0.2056203504783331,0.8862202446830817,,,0.6849118963632703,-0.4114860930296388,0.1120723558331764,0.3924787753704171,0.6552356650781282,,,,1.519428499359982,,0.6141667240311145,,,,,0.5728032069806082,,0.4620289213620098,,,,0.5961557383054963,,,,,0.5221297877840184,2.0331391047432072,0.5859713288771178,0.3783197691330995,,,,1.0340155495467769,,0.0891018377100064,,,0.2675105169206955,,2.0825304946543497,1.762920387227697,2.61907870913939,1.40576603105646,,1.142573180418442,-0.0061307901907356,0.3030425635216054,-0.5374734021593506,-0.2992146945294822,-0.150990540781724,0.4583148735900992,,0.131948861864671,,,,,1.982747949868482,-0.4362898188632105,0.4080136194159574,3.619570247933885,2.0557103064066853,0.0,1.1275871141253508,0.0,0.1333955397965848,,1.2736847469719876,1.142573180418442,0.767935648806786,1.470127687610817,1.142573180418442,,1.2188771358828316,0.9322831518375868,0.2572191347935055,,,,0.0,0.0,0.0,0.9198987890836796,1.2024622550731054,0.4996824052508998,0.9821393757749524,0.1645412859390166,0.0,0.0,0.2916031152563877,,47.109,-0.1240293786749878
2016-06-30,0.4996378322274292,0.8261071997469712,,1.1200952792447507,0.6218504074254235,0.414996960440555,,-0.3724769095235286,0.5794778727303469,,-2.218125715747412,0.7861246075890008,0.6243228574591663,1.911775457979609,1.5889750354986267,,0.765802711470733,-0.0996228786926461,0.5805714966934705,3.023490376863064,,0.4498409263154482,0.0261792473659574,0.2092205809080625,0.6998322592852694,,,0.4011605479720465,-0.3808792602730581,0.1117745261016386,0.3862578409459605,0.4492039281559784,,,,1.2850441768053076,,0.6026249971317776,,,,,0.4462269375821807,,0.4636346616988455,,,,0.595070403697488,,,,,0.4996378322274292,1.3694982132581563,0.5896077689494261,0.3819115856166454,,,,1.0158060190375695,,,,,4.952477249747219,,4.124278105961491,0.129003695797091,1.7924900968913566,1.0747641965028425,,1.0892486119099885,-0.0315622161671208,0.0787344230458002,0.4099088449313053,0.0540396645813922,-0.1950383723005532,7.111608212830551,,0.1178359837854692,,,,,1.5034813554077051,-0.3686758276077451,0.7855751069504154,2.492584022038568,1.6935933147632312,0.0,0.3963108044901777,0.0,0.2402538023700662,,0.8958329794282026,1.0892486119099885,0.2221164439975611,1.1305377248335546,1.0892486119099885,,0.5492138901283499,0.8599734914609253,0.1339217609240492,,,,0.0,0.0,0.0,0.2103741189228266,1.046554205376683,0.4562185051873809,0.9074086108432264,-0.5299059477189811,0.0,0.0,-0.1187522777275365,,46.4305,-0.0282249814238486
2016-03-31,0.4531014007362861,0.8261071997469712,,1.1694184070725138,0.547898431193485,0.3853284223963487,,-0.2946053975183372,0.550587848035192,,-2.221356765124856,0.7400350401854915,0.6243228574591663,1.942996988388759,0.0896506149000879,,0.2815154823968997,-0.2279619736015085,0.8084395846320076,0.3119119825702839,,0.3513035936467794,0.1225149917423981,0.2104798916559946,0.3160920806258126,,,0.1326472703650544,-0.4374195606294949,0.1047008490356768,0.3788697772089837,0.2831247778878988,,,,0.7360157303825242,,0.5735068034235102,,,,,0.608399486099442,,0.4666670454215478,,,,0.5810959646533547,,,,,0.4531014007362861,0.1125333049646761,0.5908899819228991,0.3831679532827198,,,,0.9918954765620992,,,,,-0.0677327141769339,,0.6015673525485998,-0.0776533865557241,0.1182557361219316,0.5556243903692357,,1.0186056885278616,-0.0314486830154405,0.0582618546690403,1.3407413245067907,0.3036070810594968,-1.2132786007495984,2.007132118500657,,-0.0229123791705643,,,,,-0.7599798855020888,-0.0679262960649594,0.0795575991590465,1.144198347107438,1.1532033426183843,0.0,0.239724625818522,0.0,0.2583932070542129,,0.669840487879457,1.0186056885278616,0.0475360210510552,0.981717227669293,1.0186056885278616,,0.3350219165857371,0.8011697931964495,0.1562602157567832,,,,0.0,0.0,0.0,-0.494885234050244,0.946290650839202,0.3719330933728562,0.8541464669964466,0.228403119456438,0.0,0.0,0.0,,31.3262,0.4403279044378187
2015-12-31,0.4480512847567512,0.8261071997469712,,1.23961521154634,0.5804255650133618,0.3580592660912914,-0.4230177105936261,0.205974705917055,0.5298273683870262,,-2.2514768668487104,0.5950253357475023,0.6243228574591663,1.9130897738680344,-0.0999832947638911,,0.4379741602393365,-0.1677796983029541,0.9227360529254662,0.313201368397337,-0.2191984046486315,0.3946616087314228,0.1783752395587702,0.2146030315222002,0.2653622166034151,-0.8906629832876651,-0.7199897683530168,-0.3053725682561943,-0.4669136873963792,0.1603640769620307,0.4386434712859151,0.4668978471957036,,,,-0.0390130562998968,,0.5525802528624859,,,,,0.4530538276926091,,0.4683817228765964,,,,0.5955788780766363,,,,,0.4480512847567512,-0.1615388707017857,0.5950519191154833,0.3872814571332262,,,,0.9594920383682504,0.3021904420951807,0.0727447406020594,-0.3086883254745393,-6.525746926889368,-2.5361694690983536,-1.4711362733412794,-0.9368433572533006,0.3389911933541619,-0.093500707756795,0.5248982462890431,,1.108586006800565,5.619663941871027,0.0620650590710471,0.5167730580292642,-0.2138959137495008,8.035837943958594,-0.0209460588145576,0.1401508735814886,0.1782974742750233,,,,,1.1711666408788488,-0.4959400374765771,0.0294408064684607,0.323900826446281,1.0194986072423398,0.0,0.1202204162768943,0.0,0.1718764579639824,,0.6278560144053544,1.108586006800565,0.0839795907452373,1.0692258875333185,1.108586006800565,,0.3797343762303472,0.7762660829246215,0.1609458428680396,,,,0.0,14038000.0,0.0,0.7756370865714802,0.9301133412243576,0.2342409485496506,0.847242403840905,-0.5264250092044047,0.0,0.9390889122337884,-0.0607259033298689,,22.7158,0.0190264045290061
2015-09-30,0.4665714021525847,0.8261071997469712,,1.0349618412893145,0.6240282866369539,0.3614617562236279,,0.7001835038247497,0.5269492927253695,,-2.155426848813581,0.5102091990256483,0.6243228574591663,1.8305460938996008,0.2823406001110407,,0.5081814337469547,-0.0359443746071653,0.9372454376849928,0.4188593736697481,,0.4672105568186884,0.1667616070088051,0.2132244899318084,0.4516508499558593,,,-0.3217107136692341,0.3615478482120669,0.227116822607486,0.5036624878330149,0.5030229319018094,,,,-0.1330115731260012,,0.5496890846928707,,,,,0.0243010161215578,,0.4620556145631612,,,,0.6355613396648395,,,,,0.4665714021525847,0.1348272010290085,0.5936435868331441,0.3859061372740485,,,,0.9611627719521936,,0.5151007538059812,,,0.15656168470459,,0.6681335817838217,0.105364173085212,0.3334247747797175,0.5431219427981748,,1.1151517997237514,3.483651226158038,0.079624534714355,-3.709354559066908,7.387727938240383,21.342280920935213,-0.0397858911879843,,0.1124664795759276,,,,,-2.784774872350302,-0.2019050593379138,1.2677525899892128,0.6213333333333333,1.637883008356546,0.0,-0.3626490879326473,0.0,0.290193151068396,,0.630055888698252,1.1151517997237514,-0.0884828906692909,0.9794920829468196,1.1151517997237514,,0.1681408960865114,0.8645686127813645,0.2583088155170535,,,,0.0,0.0,0.0,-1.0268931863365265,0.98517239617484,0.4482913402498412,0.9137979885677447,-1.789670984369247,0.0,0.0,-0.3576065976487103,,21.8204,0.0422586203735953
2015-06-30,0.4581313973345223,0.8261071997469712,,0.8083512616216725,0.5997242185891098,0.362540390528716,,0.5774768788468724,0.5246255249207195,,-2.108022401743053,0.5630560512706952,0.6243228574591663,1.839551914026913,0.0679583744822605,,0.4536395940367841,-0.0050675675675675,0.966387083944097,0.4853821313395645,,0.4508743986609441,0.1487759319608934,0.2210747900949341,0.3373676114839155,,,-0.1370883123850578,0.4900431359022005,0.2068431904369259,0.3888467050001802,0.417842251295148,,,,-0.0499673105393972,,0.5473486152222299,,,,,0.0710795302557069,,0.4694198719700286,,,,0.6155466157727078,,,,,0.4581313973345223,0.0186227339326212,0.601589103291714,0.3937380908328703,,,,0.9539082708640184,,-0.0633837512932945,,,-1.6387422137337877,,0.3601078380842881,-0.0034633012339134,0.0940328969747511,0.8199609677950601,,1.1123893147393835,1.4641235240690282,0.0411474348600097,0.658365513436835,0.0306136030879808,-0.2396573264322684,1.1401076354339916,,0.0445463049579045,,,,,1.4578755995667647,-0.3263585259212992,-1.113918757716989,1.845641873278237,1.275766016713092,0.0,0.1478163002806361,0.0,0.2117010357376131,,0.5675335926750131,1.1123893147393835,-0.0546279161808593,0.9960015999906064,1.1123893147393835,,0.2096774193548387,0.8643677205427324,0.1646507573281028,,,,0.0,0.0,0.0,-0.0821977227543828,0.9879697359345327,0.2998771966970146,0.9363479689421136,0.3393245640459216,0.0,0.0,-0.2389757987231228,,24.3656,-0.059920543717372
2015-03-31,0.4607499423742345,0.6571521715506937,,0.6409051528251326,0.6308919914577483,0.3481935743462377,,1.2902765170196449,0.5102672441105217,,-2.087203359130362,0.5429405098412119,0.4177705532438847,1.5819256903785113,-0.031904544315552,,0.46078434466479,-0.0007463859208045,1.0883962397393263,1.396643625851722,,0.5140791356118359,0.1358905404092591,0.2475935605773311,0.312128643673094,,,-0.1382834551916642,0.5857951953355365,0.2420277520748657,0.394261013374671,0.2188651258065014,,,,-0.0835338381950732,,0.53286982859503,,,,,0.1739199234423802,,0.4763905850193787,,,,0.6504713157414224,,,,,0.4607499423742345,-0.0603440022050183,0.6283684365409677,0.4201948854189886,,,,0.9463606586207656,,,,,-3.1034465540700795,,-0.430916227252904,0.2082001126558455,-0.0174799468908079,0.5416838823933726,,0.942429969440499,0.3878292461398728,0.0553892215568862,0.5947408516562902,-0.1698389458272328,-0.9096555416741032,0.1013458060673847,,-0.133963205487995,,,,,-1.2089973696425809,0.2337601499063085,-2.176821766820691,1.4870743801652893,0.5013927576601671,0.0,0.6711441768007483,0.0,0.2732481104786787,,0.665525676525048,0.942429969440499,0.164333008867543,0.9886744743609316,0.942429969440499,,0.4783196409354576,0.7493834686469562,0.2603792088917947,,,,0.0,0.0,0.0,0.5375022591722393,0.9315269132186011,0.1009189074740631,0.8374399858591478,1.2951099507982728,0.0,0.0,0.0128902506512613,,23.9351,0.0854477315741317
2014-12-31,0.4718553870305249,0.6240587620495686,,0.601244271715989,0.6730732882147475,0.340724157261679,-0.6616803850023638,0.2198185302735334,0.5052074491463802,,-2.120725496421344,0.4868859826231942,0.3773129234250411,1.5248704542948823,0.1623233052783632,,0.4920773425567099,0.0007463859208045,1.1724253122461452,1.51385834853698,-0.1799174058987086,0.6009978074174944,0.1103626279486704,0.2588264376602164,0.3583687414548112,-0.8236507505134042,-0.7846327435876183,-0.0095475612845943,0.3170692807839385,0.3511377184121521,0.4041342964778831,0.3008805020340502,,,,0.1651399724317986,,0.5277758656295175,,,,,0.1598140312936806,,0.4825801612161134,,,,0.6945494849545315,,,,,0.4718553870305249,0.1292488914463663,0.6091142220540632,0.431401510620194,,,,0.9286347615174364,0.1912576727115819,-0.5323939498448047,-1.6610528374568971,7.469968918881079,-0.4945761400092374,0.0,0.3388177457082821,0.1079985208030477,0.1994063621300736,0.6687600735953149,,0.967456674766304,0.9645776566757494,0.0485515455575335,1.2931410407964905,0.2954878211100759,0.0214170979832232,0.7081859580062024,1.195002149753104,0.1807608356719675,,,,,0.5612718551756151,-0.419737663960025,1.6639674129197186,0.8266887052341598,0.3732590529247911,0.0,-0.1243568755846585,0.0,0.3021367920126901,,0.4638761954915317,0.967456674766304,0.0527346048113641,0.9461971074292828,0.967456674766304,,0.3414000367463713,0.842708304469506,0.1749482401656314,,,,0.0,23977000.0,0.0,0.3784926802819447,0.9730271729411664,0.0531695955960194,0.9498259687393588,-1.052582253907688,0.0,3.169515805558208,0.7448270276836692,,21.2692,0.2362383164387941
2014-09-30,0.4467940503358934,0.7228884155397137,,0.6619131517147354,0.6460928145703505,0.3171290019621202,,-0.3869499986234834,0.4754913122487296,,-2.005937750427241,0.5408563352394847,0.4981349721744437,1.7389849883655482,0.0703757204133072,,0.53282829876671,-0.0248271527341294,1.2006236623190012,1.595280675763855,,0.6042441264321697,0.0947350060496869,0.2079718823293544,0.3641997603079603,,,0.1324707151777149,0.3451688160437368,0.3329833613045826,0.4169208965716139,0.3797614764356995,,,,0.0555668315612648,,0.4978086780936647,,,,,0.4290617547217439,,0.4518110164644747,,,,0.6573978253765002,,,,,0.4467940503358934,0.097307072983206,0.5883465758607643,0.3806658053185435,,,,0.9023573464647132,,-0.0373946888702763,,,-0.9254390892409092,,-1.2399000911866154,0.6474294053174202,0.0967322484720134,0.0940813828624496,,0.7976460184609124,0.908605812897366,0.0461239682796569,-2.8399401056032785,0.9556768268334886,16.736605389969657,-0.0489951847305845,,0.1314250077954474,,,,,-2.159097942132137,-0.4167707682698313,1.32112809789959,-1.0422038567493113,0.713091922005571,0.0,-0.0654963751169317,0.0,0.2646636185499673,,0.4598077021081421,0.7976460184609124,-0.0728336560163445,0.7498794577457346,0.7976460184609124,,0.187340875088585,0.785666454228897,0.3224910101340307,,,,0.0,0.0,0.0,0.2987529369239111,0.8885066378275271,0.2991149692991742,0.8478688643907866,0.4023161629346989,0.0,0.0,-0.8836098100881397,,24.7306,-0.1474327351540197
2014-06-30,0.4518782028627383,-0.3361855026164272,,0.5907044530062437,0.53053544635441,0.3936929171393509,,2.301819592157788,0.4715442305515482,,-0.9870251500351892,0.1915649546040719,-0.7966128696910701,4.734455966065698,0.4730210436841924,,0.459383165654704,-0.0660747957259585,1.0106909752179467,-0.0288679160168011,,0.5466322986451381,0.0445314362928225,0.00197032608595,0.3537618817320899,,,0.1896881770439966,0.264045131354942,0.3302825670625062,0.215061600994989,0.4310332268666798,,,,0.1604278072002816,,0.4938390583052247,,,,,0.3240060130886403,,0.4594643900973273,,,,0.5348331699283693,,,,,0.4518782028627383,0.4306246101324462,0.380249716231555,0.1751456865947054,,,,0.7308506818498245,,0.9350889293984332,,,9.855821443283526,,0.8711889941719859,0.2308919127131372,0.5463498403432346,0.8779792668853572,,0.4859782366267945,,-0.0188541835248422,-0.4603462316442063,2.238653001464129,0.656791004818847,10.585661681930755,,-0.0178110383536014,,,,,2.3330883490639023,-0.0990006246096189,1.407989713930583,2.2722865013774105,0.2172701949860724,0.0,0.6952321094480823,0.0,0.2571988429597835,,0.8421866240848014,0.4859782366267945,0.4698086364949137,0.813897869497317,0.4859782366267945,,0.8531063807449014,0.5818370325214516,0.0434782608695652,,,,0.0,0.0,0.0,0.1901319356587746,0.8340202498445922,0.0,0.6643159232754788,-0.6522073836061184,0.0,0.0,0.1334647104080338,,32.5575,-0.0289825693004682
2014-03-31,0.192693374388973,-0.3361855026164272,,0.4076232350616875,0.3174039309027116,0.1105888165005953,,-0.2813121798124005,0.2088683224612543,,-1.056926073199946,0.1777572978676288,-0.7966128696910701,-0.0090638473188536,0.1831458907575824,,0.0845141317108269,0.088073538654934,0.5878063302061549,-0.0219434365752193,,0.2226407447485419,0.03241439913803,0.0,0.2722068628718074,,,0.6280339637034108,0.5104872539528881,-0.0232245326857083,0.1519983146472475,0.0330039268315832,,,,0.0334135352780292,,0.2290677129941947,,,,,0.3820873254188628,,0.1628814625277054,,,,0.3440696791331279,,,,,0.192693374388973,0.3272518024574349,0.3782528271745071,0.173179965274471,,,,0.6442729744187239,,,,,-2.4769251894294024,,0.6554599637896629,0.0023997287478549,0.2226580931166537,1.1880300489897009,,0.4544170413238015,,-0.0579786373199546,1.388078913494628,-0.91880740050579,-0.6866321613421381,-0.0031811282110874,,-0.0347676956657312,,,,,2.170818505338078,0.5749531542785759,-1.1056034154320036,3.434578512396694,0.0947075208913649,0.0,2.0917475444340505,0.0,0.3485676961836335,,1.461557409074694,0.4544170413238015,1.2869703809085755,1.2387361208506042,0.4544170413238015,,1.8556786267356096,0.5388091477550869,0.0545930042497548,,,,0.0,0.0,0.0,1.1549972889933129,0.9489219384670408,0.0053186533982638,0.6150620871793938,0.8968771965056732,0.0,0.0,1.0941730667998435,,25.6453,-0.0783496391151594
2013-12-31,0.1872827735550398,-0.3361855026164272,,0.5438618092758464,0.3547587507098056,0.0798870553008614,,-0.3922987489430319,0.2079570722141918,,-1.336721388312928,0.1573584389532233,-0.7966128696910701,0.0,0.1254931729630667,,0.1196540602633206,-0.5938089252042741,0.704185497184514,0.0265517970311686,0.8185326858855285,0.2891323290413835,-0.0060386473429951,-0.0017707756881861,0.2362733570345813,,-1.4025350955295368,0.173689560837379,0.6821555340432398,0.0579433487197298,0.1900494340098777,0.1560534790756605,,,,-0.6041363008511083,,0.2281498818292375,,,,,0.4291672475049073,,0.161910046437152,,,,0.38200940421736,,,,,0.1872827735550398,0.1524441371173253,0.3019296254256526,0.1714133279912104,,,,0.638037034594444,-0.1330861311515054,-0.7615903828151943,-1.195055408395091,4.8638030969114885,0.7411401964822929,-0.4863726658720699,0.4664657918037769,0.0161443844220097,0.1582796572043057,0.4951266767879003,,0.5036252724334519,-0.4041780199818346,0.7522657387926849,1.1881156907557726,-0.3887927592173565,0.1285025878993396,0.8669228031695076,5.486938621291676,0.1791518553164951,,,,,-0.2576976636237041,-0.1791068082448469,61.561063434022365,0.215030303030303,0.0612813370473537,0.0,-7.095080098222638,0.0,0.2982177848278436,,0.832070599826728,0.5036252724334519,0.4572293473958946,0.8202327801979734,0.5036252724334519,,0.9534764691986666,0.5794655804631144,0.0267516617631034,,,,0.0,0.0,0.0,-1.243629134285198,0.8328408539337324,-0.0281854753334744,0.6659717546874065,-36.38283629547813,0.0,-26.23264253652946,-10.282559693333514,,22.3101,0.1715321760099686
2013-09-30,0.2600016299724323,0.0108403047300658,,0.7764542061891212,0.3541232000960782,0.1951568052969476,,-0.3909615613631447,0.2046883631715811,,0.1110481601042405,0.0119709778686709,-0.3723639976994299,0.4932166213087453,-0.1591345705034663,,0.3263311200595816,-0.3018934632306725,0.7126031744675858,-0.0008595905513687,,0.247673471372816,-0.0125784913758842,0.0528706594017004,0.2931878858811406,,,0.3187907624940026,0.564920830968833,0.0032884997954077,0.2941199664731966,0.4173610543951156,,,,-0.3889678209288537,,0.2248456896353915,,,,,0.0312786102079338,,0.2399319287298743,,,,0.3508087091938262,,,,,0.2600016299724323,-0.0303248050057785,0.4316643544793374,0.2259270628954531,,,,0.6368352788586251,,0.6220623737498152,,,1.6881998277347114,,0.1540393027527785,-0.1674514466691831,-0.1595525221379741,0.1544427286467778,,0.474114420093361,,0.7773102443761126,-3.983029920928888,-0.5273525888460002,0.1285025878993396,2.160755917406872,,0.2364764577486747,,,,,-2.745319511062974,0.0,0.417115548133306,-1.198831955922865,0.4401114206128134,0.0,0.9938464686623012,0.0,0.2353270504805449,,0.973949751133912,0.474114420093361,0.6368051172890349,0.8966568141094138,0.474114420093361,,1.0579936481272474,0.5689637655056481,-0.0004903563255966,,,,0.0,0.0,0.0,0.6643773721308512,0.8479132782097025,0.0577937751429176,0.6409549234340436,-0.1486762392475817,0.0,0.0,0.2635145167168329,,22.2005,0.0570437602756693
2013-06-30,0.2313700863753024,0.0108403047300658,,0.5281819260466502,0.2950177990442963,0.1849725184868192,,-0.2742329514482922,0.2013693452844535,,0.0841532116823233,0.0059333845692922,-0.3723639976994299,0.5031073561070718,-0.182384328523208,,0.2416639316325629,-0.4338466373350094,0.5944478800648569,0.0008595905513687,,0.1666751776153942,-0.0385656501426313,0.0381788393969915,0.1488045259500096,,,0.1614936717426909,0.6201852284570848,-0.0850882751416458,0.1221937074155521,0.3068800120078492,,,,-0.7874517677473294,,0.2215185516624217,,,,,0.0826535956084861,,0.227812313609763,,,,0.2950626114322997,,,,,0.2313700863753024,-0.093434751282634,0.4168243158027494,0.2112695785215519,,,,0.6303868334469139,,-0.1350199536877371,,,0.4382029484826923,,-1.5591853995691762,0.5013409030137046,-0.1855145775953825,0.1192102487291231,,0.4277391055965754,,0.7425554296811782,0.2467754222817663,1.4285904432317316,0.135641620560414,0.7081859580062024,,0.4203617087620829,,,,,0.5348909175305586,-0.1388194878201124,0.9582870135993624,-1.9739283746556475,0.2005571030640668,0.0,-0.5007015902712816,0.0,0.3913408603153868,,0.155273752696757,0.4277391055965754,-0.4190957031458919,0.2823113824078531,0.4277391055965754,,-0.2374865482033649,0.5388114568612782,-0.0652718753405252,,,,0.0,0.0,0.0,-0.4402674859931321,0.6182163446390708,0.0315731526572094,0.6110355834791176,-0.7245037989088596,0.0,0.0,-0.6971128538070107,,21.1422,0.0564646672046528
2013-03-31,0.2313731118461744,0.0,,0.3736755267110975,0.2762636152714309,0.1960994451594045,,-0.3739714132892848,0.1978809618755137,,0.2683112340456163,0.02350232515729,-0.3856165770650451,0.5064410182611572,0.4313169130688993,,0.2087835620242618,0.3558296668761785,0.3778397697600603,0.0101240664938988,,0.1264613501606948,-0.0624022997641946,0.0148799259062506,0.2799030981004973,,,0.0095475612845943,0.8545656181267224,-0.1292766626101727,0.1212654115144742,0.1760253577522365,,,,-0.6403036989267773,,0.2179849016773364,,,,,0.192426371688751,,0.2078246970907837,,,,0.2782610920568905,,,,,0.2313731118461744,0.3464780150966388,0.3932820448143944,0.1880251159355717,,,,0.6307605501696381,,,,,-1.7633224731303598,,-0.7778482601858092,0.8535671142380605,0.4997805405286779,0.5579054517009909,,0.4272930386160967,,0.6669363974753196,1.5183754958362887,-0.3418075336084121,-1.5063358914867035,0.5629289620661355,,0.1638041783598378,,,,,0.5312935169425963,0.9456589631480324,1.8743230988317736,0.4924738292011019,0.0501392757660167,0.0,0.552677736202058,0.0,0.7248297098068489,,0.8343723987972888,0.4272930386160967,0.3916159466022014,0.726952834681728,0.4272930386160967,,0.7571721042547048,0.5658949633775758,-0.0554102647924158,,,,0.0,0.0,0.0,0.4210735586481113,0.7970374596578474,0.1617277154351048,0.6215502429159269,-0.725842621414466,0.0,0.0,-0.0530322458730951,,33.9294,-0.0936650288603729
2012-12-31,0.2321328075821325,0.0,,0.3288029425526151,0.299715312014244,0.1833917324700116,,13.290827123670187,0.1961003474781809,,0.1976939377068457,-0.0079621982831611,-0.3856165770650451,0.5213917241619422,0.9212864014464768,,0.3279816079475883,-5.339959145191704,0.2932968490675746,0.0485191111217038,,0.1520817375304469,-0.1083490095293608,0.0020452355157675,0.3527021265814973,,,-0.2318712856499001,0.6981933363747297,-0.0920629702196781,0.1743292386171094,0.2088306253131642,,,,-0.9765197480430649,,0.2161951309056699,,,,,0.2700841304945727,,0.1976293371266536,,,,0.287760677438601,,,,,0.2321328075821325,0.6634861533551578,0.3803337957707992,0.1752204209568645,,,,0.6366887232810863,,,,,0.324832415833427,,0.2395300585444501,0.9753200263434773,1.046909461995106,0.3092945606845771,,0.4477103851436218,,0.6443194691697686,0.4055481125384191,1.2647411153999737,0.7089773335713011,0.6786842621307748,,0.2960710944808232,,,,,-2.368404765588736,0.0682386008744534,-2.550562691683669,-0.8588650137741047,0.467966573816156,0.0,1.2761927034611786,0.0,0.3667444247457311,0.0,0.953641259109518,0.4477103851436218,0.5823804379218501,0.8469756145274356,0.4477103851436218,,0.884931363027901,0.595511559385593,-0.0351966873706004,,,,0.0,0.0,0.0,0.0808964395445508,0.8586917646658094,0.1262756722422189,0.6603310103171034,1.5324831810422732,0.0,0.0,0.7421274987514679,,43.1431,-0.0934031166049727
2012-09-30,0.2265028601099796,0.0,,0.3847705440274733,0.292841128870078,0.1785733704955874,,0.3005217336243682,0.1896885876833363,,0.1667513334498642,0.0892710599330458,-0.3856165770650451,0.5028810500600581,0.6384471009045394,,0.388866622906121,0.0744028912633563,0.3266051338756718,0.0310885249411704,,0.1271730275876323,-0.1255795776700315,-0.0149238311553936,0.4126835584475729,,,0.5411552303640791,0.549550652231161,-0.1292766626101727,0.2114475557878798,0.417837836644689,,,,-0.2909915022839364,,0.2097473669718455,,,,,0.173934993839975,,0.18177032917226,,,,0.2708502989554875,,,,,0.2265028601099796,0.6609832641041388,0.3631815697649977,0.1582910119733271,,,,0.6232349212630159,,0.5426171355372715,,,-1.4113520328552347,,0.408304589726308,0.5987100356333009,0.7310743638418575,0.8888576979647879,,0.4135745225322518,2.654178019981835,0.5901440362518207,-2.7478918748522343,-0.125648875282843,14.128145636266286,-0.0588581347549151,,0.0559775491113189,,,,,-0.8618675537676002,0.0638663335415365,1.870839644631307,2.050203856749312,1.5766016713091922,0.0,2.0689750935453697,0.0,0.2799290846318932,,2.491752594832419,0.4135745225322518,1.5498090643618898,1.3523594079588557,0.4135745225322518,,2.1781542822646265,0.5848665798442739,0.0,,,,0.0,0.0,0.0,1.18998734863546,1.0427392640910136,1.6511539275883973,0.4143347690804027,-0.9472838638417512,0.0,0.0,1.0600780163861403,,42.4316,0.0229041436389747
2012-06-30,0.2036492095106433,0.0,,0.3968416363135708,0.2788025936268419,0.1507910682004959,,-0.1042528126167581,0.1853235555855537,,-0.0456695268528038,0.0,-0.3856165770650451,0.6094828036417865,0.5206653597276064,,0.4579409611330615,1.8165461973601509,0.3935332394691668,0.0299185266906962,,0.1514503061915125,-0.1531829301680664,-0.0238145400659848,0.241076555323149,,,0.2409435060455033,0.5324594882294251,-0.1027636301290566,-0.0010082825624571,0.3416188964698247,,,,-0.8650189032141831,,0.2053417773800509,,,,,0.7276515422668138,,0.18069087776083,,,,0.2444626651640388,,,,,0.2036492095106433,0.4827365438271575,0.3542060789506873,0.1494210811622958,,,,0.6209120153590245,,-0.1704439079666946,,,-0.7585414872236578,,1.3468923865783875,0.090077460210373,0.5995523026785029,0.8554971759878671,,0.3978604436410021,3.618415077202543,0.6828370286454118,-0.4406441274594793,2.024224677226141,18.05461359985722,-0.0228489254613725,,0.0,,,,,2.0968590437877146,0.1678638351030605,0.6183693053280126,2.129410468319559,1.4818941504178271,0.0,0.9702408793264732,0.0,0.5262666791079593,,1.8481577114512373,0.3978604436410021,0.7001936098067111,0.8742409762455527,0.3978604436410021,,1.1357647182340744,0.5901475057034923,-0.0388471177944862,,,,0.0,0.0,0.0,0.7519971082595337,0.8803594389992592,1.6983950878678806,0.4130298595532634,-0.7100445158483114,0.0,0.0,0.208997529931027,,32.7842,-0.0832513344374169
2012-03-31,0.1931921232622215,0.0,,0.3210301620597868,0.2597949150308727,0.1455417783173472,,2.697312483432639,0.1826644713647349,,-0.072420021424817,0.0306797014419883,-0.3856165770650451,0.6331491937121735,0.0539308894555567,,0.2877261136848483,-0.032683846637335,0.5104858312344293,0.0116044724434783,,0.150828601651124,13.867103392240503,-0.0313250427321882,0.1923585702194546,,,1.0400187027761996,0.7550006861686936,-0.1027636301290566,-0.0369707361476621,0.1574705818730037,,,,-0.660437495825077,,0.2026571212225511,,,,,0.8505807754473083,,0.1756521753245523,,,,0.2476135315592555,,,,,0.1931921232622215,0.3428648797636375,0.346617900533905,0.1419281309740456,,,,0.6189921372932651,,,,,-3.3255439463730667,,-0.2252838018210892,0.2184269503409392,0.0783689772091339,0.870466640977511,,0.3841106246111587,,0.6922236607865351,0.6544776315443823,-1.967922268068681,-1.008816705336427,-1.3095499211980797,,-0.1769441845961958,,,,,0.6710505956985919,0.8668019987507808,1.295844962573622,2.8079338842975208,0.8579387186629527,0.0,1.4136166978484566,0.0,0.5971820472147056,,2.0031171963918664,0.3841106246111587,1.0589172826168345,1.060818480560807,0.3841106246111587,,1.5758812567258984,0.5442101471362465,-0.0264792415822164,,,,0.0,0.0,0.0,0.5733598409542744,0.9088288641182632,1.4439297056955325,0.4003680780658225,-0.9091943635572514,0.0,0.0,0.6851404429926978,,26.843,0.0693799206433999
2011-12-31,0.1986136157912939,0.0,,0.4845451065287326,0.2890229890384647,0.1338601186019723,,1.9679159876506795,0.1823230086191457,,-0.2034367152499669,0.0056402975159243,-0.3856165770650451,0.6148445161402634,0.1717077173277518,,0.2578469180373395,-1.1996385920804526,0.5921343220501643,0.0034622397207908,,0.2235801913747614,13.803917282674933,-0.0337658416537421,0.2560834452235053,,,1.224871983920743,0.5380675264174947,0.0,0.0017495673960849,0.2892567273754682,,,,-0.3582775499729349,,0.2023129345356921,,,,,0.7555016370219387,,0.172398670895014,,,,0.2857570185630365,,,,,0.1986136157912939,0.4882490897045952,0.3441585740110144,0.1394930363403621,,,,0.6189921372932651,,0.3258855988569739,,,6.075122645395648,,1.0036606800671346,-0.1511420500258347,0.2098855518857055,0.470853208920635,,0.4542292236478105,,0.4953876031720343,1.299550792024588,0.4110208971116731,19.125468499018385,-0.0188398323734266,,0.0200124727159338,,,,,-1.4470447160761255,-0.0034353529044347,103.05068850393612,0.691107438016529,1.342618384401114,0.0,-12.584307764265668,0.0,0.3844359428944667,,1.7486197699899777,0.4542292236478105,0.5084129344186892,0.8112676192712799,0.4542292236478105,,0.9004698286044253,0.6221771176812879,0.1284188732701318,,,,0.0,0.0,0.0,-9.464738839689138,0.8717204703958853,1.8035824687698496,0.4329440266596656,-61.3820664725374,0.0,0.0,-0.3750725498400529,,28.4311,-0.0393030168999886
2011-09-30,0.2757312043094807,-0.0516217608294821,,0.5509271592860325,0.2899047802514233,0.2580935515092097,,0.9323821941675025,0.1676856389248863,,1.5705774311186935,0.0672406830882257,-0.4487256408248569,0.4272455072446948,-0.1674184022915653,,0.5767445309837287,2.404816153362665,0.3420627795382163,-0.0062320314974235,,0.004321130253991,13.486494184352065,0.0907698369273733,0.2276427394744537,,,1.2103537150541266,0.575291250792803,-0.2618418250157531,0.1555718032373193,0.3902065394217249,,,,-0.6668937741617659,,0.187558798559005,,,,,0.2213464646731042,,0.2686808670889603,,,,0.2397649759777257,,,,,0.2757312043094807,0.2171053331463581,0.4699415647202253,0.2637376678571401,,,,0.6059560186711805,,1.4270581859388087,,,0.6985731940231434,,-0.2061742589435568,-0.0305349720903709,-0.1688027388542021,0.8771176703497213,,0.4040740784217054,,0.4112720504936074,-0.6159140462868101,-1.8301610541727675,8.773871140460468,-0.054326116481585,,0.3719052073589024,,,,,-0.5348522358038063,-0.0059337913803872,32.65996762765332,0.8920110192837466,0.1058495821727019,0.0,-1.7741463985032742,0.0,0.0933096948772977,,2.2192654628229738,0.4040740784217054,1.589942986725427,1.367260245176896,0.4040740784217054,,2.2273944198010445,0.538876111834631,0.0016890051214994,,,,0.0,0.0,0.0,-1.5206940177119104,1.0101696286393091,1.0295320770696592,0.4579582584916598,-18.797268802088563,0.0,0.0,-1.304047943633836,,47.8592,-0.2185807535437283
2011-06-30,0.2904962585325369,-0.0516217608294821,,0.4049188805584223,0.2872388529782417,0.2830027620734205,,5.218618994356282,0.1642710114689937,,1.8111785843036488,0.1040817256965702,-0.4487256408248569,0.4663036098715858,-0.0567462130703732,,0.3820690112220553,,0.2527698660762945,0.0076885599316873,,-0.0357346367243384,13.3897345203084,0.122758452358695,0.1453366664616864,,,-0.8056620633352883,0.3682092480703823,-0.30603021248428,0.1184962958289772,0.321108430437249,,,,0.6952891594529849,,0.1841169316904155,,,,,0.382464085358732,,0.2988357074951803,,,,0.2653854787067631,,,,,0.2904962585325369,-0.269998694397029,0.5022701475595914,0.2956515240490247,,,,0.6294781888661728,,0.7562693994186332,,,-0.5818322535545319,,0.4155070107970239,-0.161807945663901,-0.0452196240659256,0.6617247349769936,,0.3424933579061459,0.548819255222525,0.4008334681987376,-1.9312790606036725,0.9254625316118728,0.235588077815456,1.1439569458264034,,0.0625756158403492,,,,,0.125831657125174,0.038101186758276,0.6274712340453612,1.21932782369146,0.5348189415041783,0.0,1.3735091206735266,0.0,0.2314080432956984,,1.689172201742912,0.3424933579061459,0.8846898499256581,0.933967618097061,0.3424933579061459,,1.3621223654164152,0.4905834649523862,-0.039228506047728,,,,0.0,0.0,0.0,0.825628049882523,0.8252854819343796,1.089189074740631,0.3944387979235822,-0.0182079860762459,0.0,0.0,0.5539028439537301,,50.6439,-0.0997948420244096
2011-03-31,0.2725771509254253,-0.0516217608294821,,0.3251762419770443,0.2739660413660026,0.2625627256441183,,7.665514949363853,0.161562073687319,,1.6082798859436307,0.1082175096718727,-0.4487256408248569,0.4516372372093563,-0.1772057053294616,,0.3113946780444085,,0.2828957674349969,0.0018385686793165,,-0.0359332255279827,13.30158130867534,0.1119309185238223,0.0727564490329851,,,0.6052719257048614,0.4682786067437401,-0.30603021248428,0.0367296495908288,0.0859929762911197,,,,0.7952543790073088,,0.1813863839746678,,,,,0.3086342075419804,,0.2885389855104615,,,,0.2604826319713151,,,,,0.2725771509254253,0.0370481767496288,0.4913187875730441,0.2848492947852801,,,,0.6325192171001048,,-0.2542740306449229,,,-1.7467949918236405,,0.2616262934623161,-0.2307346899153206,-0.1797318205260443,0.7126890998402866,,0.3635758920361392,0.7498864668483197,0.5022657387926849,-0.8241784222554969,5.535871156661786,0.5639835802248795,-1.3247873800721928,,-0.0468911755534767,,,,,1.014389602351849,1.1058713304184884,1.4630507641960249,1.7873719008264464,0.5181058495821727,0.0,0.9729595416276894,0.0,0.6457030885509004,,1.626012876484278,0.3635758920361392,0.6643276605303411,0.828833933280885,0.3635758920361392,,1.0917609386073126,0.4887962167604164,-0.050397733464095,,,,0.0,0.0,0.0,0.6867160672329659,0.7792528505615969,1.316383654456913,0.3575608069643697,-0.4873313920407002,0.0,0.0,0.2358848380957522,,53.095,-0.0690272153686787
2010-12-31,0.2691205504541704,-0.0516217608294821,,0.3001385757812517,0.2953913915737353,0.2443951587412459,,9.980894572984878,0.158830371722605,,1.4748399050853978,-0.0343725983144237,-0.4487256408248569,0.4530618047617113,-0.2404546772204452,,0.41206181597849,,0.3472794556840068,,,-0.004321130253991,13.175527029294615,0.1054841297610274,0.0817939368741438,,,0.5961046371314601,1.0822400996984567,-0.2282418589524347,0.0010082825624571,0.1454274154208155,,,,0.7278459374161929,,0.1786328904797962,,,,,0.3554428624713192,,0.2830396449948534,,,,0.27037485447654,,,,,0.2691205504541704,-0.0153616278451264,0.4848236431664354,0.278417572539689,,,,0.6325192171001048,,0.3200472976301916,,,-0.2879326917075485,,-0.5115436968904042,0.0135957065486565,-0.25035936488429,0.2139114852143323,,0.4254461648021849,,0.543129956303609,-0.9712349278902986,-3.850259550113137,3.1840085668391933,0.6654658755002287,,0.0226691612098534,,,,,-3.354053844963639,-0.6709868831980013,-0.571623597347556,-0.2318236914600551,0.4066852367688022,0.0,1.6239914639850328,0.0,0.1791546141644116,,1.876620177688688,0.4254461648021849,1.7641276327189876,1.4788991024271103,0.4254461648021849,,2.441100816294391,0.4695174891702919,0.001362100904435,,,,0.0,0.0,0.0,0.7532983914693656,0.8365961867618131,1.218479779800974,0.350882893467914,-4.324798339860093,0.0,0.0,0.8122207674760754,,61.2349,-0.1084740891223795
2010-09-30,0.2708785003043434,,,0.2766053187131033,0.3205558911753575,0.2322488712640516,,-0.2773792751656736,0.1418255269922601,,1.5339362698848882,-0.0136318045044223,,-0.0116112410275455,-0.0162507554206034,,0.1901043310316969,-0.6112507856693903,0.3830936812816237,-0.0342881119934875,,0.0560555400196967,12.910855434561816,0.1538263060485099,0.0101835846502259,,,0.084230405529238,0.6499909129010841,-0.2043969213066682,-0.0825856645877645,0.2613649657754223,,,,0.393435198356136,,0.1614923934742204,,,,,0.5071113438650295,,0.2960554663076792,,,,0.3321426286915856,,,,,0.2708785003043434,0.0153616278451264,0.533652835582461,0.3266467703727039,,,,0.6165153480328578,,1.4837660738040104,,,-0.014829794405123,,0.0040835745153233,0.0490148328768737,0.0,0.6245831059012393,,0.25570594012529,1.5573342415985467,0.543129956303609,-1.5443822733601282,-2.42925595634234,1.24219168302695,1.051994741696747,-0.2062460099279507,0.4346117867165575,,,,,-0.4611248646139563,-0.1319487820112429,-4.700640519804002,-0.2274600550964187,0.6573816155988857,0.0,2.231656337698784,0.0,0.0746477559018382,,1.5266617969320673,0.25570594012529,0.8941671034475381,0.8740589723236617,0.25570594012529,,1.3737499671907398,0.4072270405571411,-0.0114961316334314,,,,0.0,0.0,0.0,1.045219591541659,0.7503214598962813,0.7500995130213847,0.352640102313225,3.8867356160257054,0.0,0.0,1.2643648683304762,,56.7081,0.0644810882395988
2010-06-30,0.1170030517546502,,,0.2689399960151067,0.1786515848665605,0.0732880982515631,,-0.3014486516036418,0.0037835210420441,,1.175864656350472,-0.0345419375008141,,-0.0054835696007148,0.0162507554206034,,0.063341811939055,-0.4246150219987429,0.3980163787122301,-0.0668092878536059,,0.0711628792944828,10.218201609128403,-0.0662507320576049,0.0555247829738512,,,1.2502008627198449,0.3761317147170203,-0.1867215663192575,-0.1586743844406792,0.0704269187726388,,,,2.4173101652926663,,0.0223491888667079,,,,,0.5988297836267665,,0.1056797360547412,,,,0.187024599134477,,,,,0.1170030517546502,0.3730658942655016,0.3113255139361836,0.1070840649991735,,,,0.5376757750958107,,0.1452924077449869,,,-0.2882822154814066,,0.5433665041166131,-0.1340616247821442,0.0362931100698978,0.6539951603011817,,0.2232917395438378,0.1242052679382379,0.543129956303609,-0.7964903985078939,1.0693464661253826,0.6139568088524004,15.793299294777285,-0.0180709548812424,0.0788836919239164,,,,,0.959422868636856,0.1477201748906933,-1.979276202807126,1.134214876033058,0.2952646239554317,0.0,1.4288032039289056,0.0,0.1978165531398712,,1.3489646151494046,0.2232917395438378,0.6754094152128103,0.7296711513215833,0.2232917395438378,,1.1053570959867711,0.3384433853344047,0.0204859976027024,,,,0.0,0.0,0.0,-0.1775167178745707,0.6417020769289723,0.7554012280330299,0.2743949196908768,1.6181008802757977,0.0,0.0,0.979551068338575,,48.5249,0.24399432044167
2010-03-31,0.0890133618030142,,,0.082885779080206,0.1622808166482826,0.0387741905492466,,-0.3858487853223998,0.0003916577691908,,0.8799995874451112,-0.0567286274407638,,-0.1107855140919034,-0.1517449601776651,,-0.0810616771229124,-1.1840823381521055,0.4460735958639934,0.0412842239810166,,0.0748323140459023,10.12662612934849,-0.0841343180177882,-0.0187385054138827,,,0.9332707202770362,0.492238875721868,-0.1867215663192575,-0.1397502163019575,-0.0614784222922189,,,,1.7041208976550228,,0.0189302677772423,,,,,0.0241955233383944,,0.0836327751388181,,,,0.1894143821954881,,,,,0.0890133618030142,0.1505215158534049,0.2932694328835078,0.0892422740109439,,,,0.5316157019645775,,,,,-0.0691807412400604,,-0.5251952582959997,0.1157998310162318,-0.1513008460162619,0.1142080299934533,,0.1176442967988824,0.0202089009990917,0.543129956303609,-1.2942443586308352,2.741647810461866,6.989112975191862,0.0255507055858577,-0.1584042317564134,0.0511069535391331,,,,,-0.6155036360823147,0.7724859462835728,1.2226924243638206,-0.6868099173553719,-0.011142061281337,0.0,0.4454805893358279,0.0,0.3919007184846506,,0.8409975028453972,0.1176442967988824,0.0876485500657845,0.3278064917863391,0.1176442967988824,,0.3842358067140869,0.2137839784976031,-0.5682140132941048,,,,0.0,0.0,0.0,0.2111693475510573,0.4114622806195873,0.6598687275037053,0.1487232941947122,-0.2318840579710145,0.0,0.0,-0.0736431492704523,,44.4452,0.0195791671541583
2009-12-31,0.0795757079649113,,,0.0438785995562888,0.1586472565129832,0.026017959631639,,2.3262036009674945,-0.0003916577691908,,0.8141640083419374,-0.1426291862600789,,-0.1273464745579778,0.0775344054164271,,0.0559256617730594,,0.3476269858578877,,,0.0483656952026619,-0.4738030893145749,-0.099011330779546,-0.001214697030869,,,0.7264295277245861,0.794746544120647,-0.1849708224077545,-0.2107716121705901,0.0768458205400441,,,,1.4211767944353006,,0.0181501112870287,,,,,-0.0644334849164158,,0.0697083028300384,,,,0.165026220390846,,,,,0.0795757079649113,0.2721263436830576,0.2782402152436204,0.0744000296861494,,,,0.5316157019645775,,0.2919396955215056,,,0.9089865058857308,,-0.5471857696018184,0.3745709506407837,0.1047260597149221,-0.0146595381782641,,0.0484491346691865,,0.5553487619355882,0.1121706464917119,-2.890323439371756,0.185614849187935,2.129554714678945,,0.4342126598066729,,,,,-1.6719015936871422,-0.7776389756402249,0.5887037598788767,-2.498842975206612,-0.0055710306406685,0.0,0.8174988306828812,0.0,0.0,,0.9066200078142252,0.0484491346691865,0.4920149325574678,0.4978392524922795,0.0484491346691865,,0.8803511903199559,0.124520860465331,-0.6721695543205841,,,,0.0,0.0,0.0,0.2056750406651003,0.4038707177709843,0.1963497776836756,0.1193706280981853,-0.8848947350804967,0.0,0.0,0.2719505446299621,,42.9807,-0.0170378797925581
2009-09-30,0.0592968843511868,,,-0.0863423381472933,0.1308470555709819,0.0104651189192528,,0.2756657762570546,-0.0021579307312088,,0.7551590327127944,-0.0964907710143417,,-0.1551153870703812,0.3149895100943846,,0.0202681806132367,,0.2504066608939045,,,0.0240486988380528,9.972213390562487,-0.1263145694575319,0.0067464769854691,,,0.3075998798503244,0.4694803292126121,-0.2309099537877844,-0.2183196492303255,0.1420502078196703,,,,0.4456055991336451,,0.0163603405153622,,,,,-0.2105711303928475,,0.0443163952346864,,,,0.1381919851318928,,,,,0.0592968843511868,0.339785590978767,0.2506621263715475,0.0471606002518651,,,,0.5302527350934658,,0.5114795289944327,,,5.404261693442685,,1.0155545864224451,0.0001830215218712,0.369882479453107,-0.432986351106252,,0.0604929431421114,4.631017257039056,0.5553487619355882,-4.155094964142171,0.8933847996805537,1.0208816705336428,2.9224400270178013,-0.1970216147903013,0.4269660118490801,,,,,-1.9422095002320905,-0.6989381636477202,1.8208352214310588,-3.960573002754821,0.2284122562674094,0.0,-0.2543995556594948,0.0,-0.1194364094429411,,0.3272971274228345,0.0604929431421114,-0.2632344604062597,0.0923403856134706,0.0604929431421114,,-0.0462610567206488,0.0900435959248893,-0.6693363844393593,,,,0.0,0.0,0.0,-0.0991505512380264,0.2197465789003091,0.2531272496294728,0.0718454072123545,-1.0640961274559024,0.0,0.0,-0.3916341598391081,,54.0044,-0.0420039848604928
2009-06-30,0.0138134679970418,,,0.7191254726463945,0.0175896793350939,0.0057703230728434,,0.1651511556840304,-0.0071888151828905,,0.8051754412326065,-0.1195925438653623,,-0.1946783262636871,0.1444781824703113,,-0.1093030081167396,,0.045244705101713,,,-0.1380646102593407,9.865919949836172,-0.1583568699802228,-0.150614152490642,,,0.4713751878601731,0.565974192639079,-0.4076635036618917,-0.4014891037888893,-0.0330039268315832,,,,0.0619619129468949,,0.0112893233289736,,,,,-0.3991771562913258,,0.0140836395386188,,,,0.0265560397614869,,,,,0.0138134679970418,-0.121121271173737,0.2182915037625593,0.0151931844337665,,,,0.5218697560582412,,-0.4150367049317633,,,2.1750864447190703,,0.053099684150709,0.2043128434624539,0.1794794421340239,-0.1840779303509135,,0.0,0.6932334241598547,0.5553487619355882,-0.684057057293719,-2.276853454013044,1.1708013564162056,1.0904442685220828,-0.1837713183849491,0.3157717492984097,,,,,-0.9771777812161536,,2.1688435330067186,-2.6826446280991734,0.1615598885793872,0.0,0.11384763797942,0.0,-0.205281328730055,,0.4709854417585404,0.0,0.0,0.1914385855359722,0.0,,0.276700175857634,0.0,-0.6863898877628855,,,,0.0,0.0,0.0,0.1539128863184529,0.1969207973908526,0.0607749311878043,0.0,-1.0458881413796566,0.0,0.0,-0.3585109398409977,,41.7708,-0.0642147145853083
2009-03-31,-0.0138134679970418,,,-0.1807529657232021,-0.036552220538078,-0.0057703230728434,,-0.0321233413957878,-0.0116961234246687,,0.801558198909501,-0.1133204809232893,,-0.2231116501192458,0.158756246038648,,-0.1729714462439566,,-0.045244705101713,,,-0.1948042684434285,9.756323468369413,-0.1888144198987744,-0.181905315731801,,,0.2736741215446107,0.3091023058977126,-0.4695272461178292,-0.4488885233786365,-0.1109975564909709,,,,-0.6185481828254231,,0.0067460590624354,,,,,-0.4699326729987454,,-0.0140836395386188,,,,-0.0265560397614869,,,,,-0.0138134679970418,0.2071131184085183,0.1875183923992096,-0.0151931844337665,,,,0.5177149054350136,,,,,5.375725573905553,,1.5244419775601634,-0.37625562949934,0.1954231727255769,-0.0448959978964766,,-0.0261379599087519,0.3354904632152589,0.5553487619355882,0.1487377518585651,-1.9950752029814989,1.9132607531679453,3.104926391017308,,0.3179232927970065,,,,,0.378152560730311,-3.5229544034978137,1.3068571726267104,-2.1953939393939392,-0.0835654596100278,0.0,0.270989242282507,0.0,0.0335914901558271,,0.3290638218356634,-0.0261379599087519,-0.1611560965695765,0.0833752246867771,-0.0261379599087519,,0.0789784508779758,-0.0298752159014288,-0.7662634847989539,,,,0.0,0.0,0.0,-1.377372130851256,0.137303824308329,0.032945161973322,-0.0293604643606333,0.5841952003213174,0.0,0.0,0.3584029586837097,,45.3048,-0.099086630997157
2008-12-31,-0.0518103566784338,,,-0.4483676489353843,-0.0970754193445164,-0.0299106511731791,,4.417800950189763,-0.0183887932382181,,0.6413588793659954,-0.1483606664148289,,-0.2187073862812113,-0.3739884733870849,,0.0010114366502985,-0.2711737900691389,-0.1652580447555121,-0.02495200350501,,-0.3610692993868064,9.281286154607034,-0.2205930808448576,-0.3001531739189084,,,0.1166758164949506,0.9133461665424144,-0.6488622815878479,-0.4447697736039511,-0.3066151329803084,,,,1.2453273555682365,,0.0,,,,,-0.4450815873649786,,-0.041354712423142,,,,-0.12206734610567,,,,,-0.0518103566784338,-0.2570587182847278,0.1554210282927649,-0.0468975768161552,,,,0.5177149054350136,,0.4044193723210326,,,6.513375525846035,,-0.4876898069222535,-0.1415898623660404,-0.3994711026741137,-0.6354057501546216,,-0.0229450594169043,,0.4196876517235798,-0.0918380749730738,2.050845201650473,25.743351775834373,-1.481635884288277,,0.7868911755534768,,,,,-0.3837614111093919,-3.103997501561524,-4.836382864131867,-5.952198347107438,0.0445682451253481,0.0,0.0,0.0,-0.4180274330502939,,0.0416447245485586,-0.0229450594169043,-0.5419149186517912,-0.1232168399422284,-0.0229450594169043,,-0.388172917924355,-0.0565061376042561,0.4871417674621336,,,,0.0,0.0,0.0,-0.8739562624254473,0.0630189129120434,-0.1445352530171501,-0.0321028539047208,0.8886434380961944,0.0,0.0,-0.0798250705251933,,40.6957,-0.1024752000825641
2008-09-30,-0.0755542520818548,,,0.9174388330083482,-0.0175896793350939,-0.1145639651294952,,-0.3585544270741156,-0.0906195460218651,,0.6590235215828241,-0.1742402532272141,,-0.2126754597204249,-0.1586530666391521,,0.0621268256352642,,-0.1077976540418862,,,-0.2880194211744298,7.880055021240142,-0.2632242454357528,-0.2459377089715147,,,0.3695164259334905,0.3087165678212846,-0.5711605372954409,-0.4548976621363423,0.2362014581590466,,,,-0.0661539040944133,,-0.0728069571602303,,,,,-0.4366270943143157,,-0.0779312516604343,,,,-0.039323724423634,,,,,-0.0755542520818548,-0.3597893627206832,0.1123512843149619,-0.0894291099163416,,,,0.4281621197798735,,1.3186185150514855,,,5.318977892621303,,-0.394190487518006,0.0551937704101712,-0.1590148464332349,-0.2365237453726019,,-0.0502490540641006,,0.4196876517235798,-2.047810439488271,2.756289098895248,0.1784758165268606,3.026153522119009,,0.9311880261927036,,,,,-1.6473773789261952,-6.781230480949406,7.385260013460472,-5.043922865013774,0.0334261838440111,0.0,0.1442937324602432,0.0,-0.2649995334515256,,0.1674112830618173,-0.0502490540641006,-0.3438766887374715,-0.0350036487676573,-0.0502490540641006,,-0.1452006614346833,-0.0479762993340537,0.0162907268170426,,,,0.0,0.0,0.0,-0.2338695102114585,0.1015685539839738,-0.137878467076011,-0.0235221639663011,0.6141848244468989,0.0,0.0,-0.1855926140888415,,43.6609,-0.1545318580239986
2008-06-30,-0.1126158164431694,,,-0.0013253128029246,-0.105754292183211,-0.1208338108475047,,-0.3945798336381335,-0.0920536895533399,,0.6176389676042126,-0.1549942033893889,,-0.1828523846274364,0.0219207090881397,,-0.0010114366502985,,-0.4326787900192704,,,-0.4703968939089977,7.852005669925549,-0.3151013144836238,-0.2529928869550917,,,0.2270771332552176,0.6121589092514085,-0.7700082809038116,-0.5429550903060673,0.1498994563357959,,,,-0.2449407966122934,,-0.0742525412450379,,,,,-0.3303506504760362,,-0.1210429358336927,,,,-0.1317874409619609,,,,,-0.1126158164431694,0.0861040323789536,0.059948711481061,-0.1411849392614636,,,,0.4272534751991323,,0.8370448834803172,,,1.9315682382753496,,-1.27283299633932,0.6079677332026868,0.0426245158175414,0.2276474414946847,,-0.0622459081180277,0.1500908265213442,0.4196876517235798,-0.1367063335697586,1.6515373352855052,0.0999464572550419,1.0713284478563698,,1.0116931711880262,,,,,2.4331579761720565,2.404434728294816,-2.381221869744852,-3.678082644628099,0.0668523676880222,0.0,0.0373742984097287,0.0,-0.3023234114024447,,0.1607946727368474,-0.0622459081180277,-0.2314867307754019,0.0176835510726489,-0.0622459081180277,,-0.0073099031470642,-0.0639206775841207,-0.6724964585376485,,,,0.0,0.0,0.0,-0.2925718416772094,0.0894424906116679,-0.171551979673936,-0.0363035188367069,-0.0082337584094788,0.0,0.0,-0.2624077098546303,,58.9624,-0.0660217358859205
2008-03-31,-0.1364237005555331,,,0.1961642044653191,-0.1644562777851887,-0.123636156787491,,-0.0289770176784064,-0.0928959643257934,,0.5930316964787339,-0.1956584037827769,,-0.1888872125477999,0.529160463619435,,-0.1329747282848811,,-0.6539040869199131,,,,7.8357730793348,-0.3744574658535248,-0.0992917244833707,,,0.1413392180494647,0.7940640844469665,,-0.5511565395291828,-0.0552228625917971,,,,-0.2358224509045528,,-0.0751015350726233,,,,,-0.328376428391122,,-0.1728663429935667,,,,-0.1800957634500893,,,,,-0.1364237005555331,0.4610538633759024,0.0,-0.200402371881819,,,,0.4237654524537068,,-0.0229590579888653,,,0.1337927074361183,,-0.7357174007849978,0.9431242279139126,0.609038438326402,-0.0138971182222698,,-0.0660492160568461,0.1500908265213442,0.4196876517235798,0.0554285864396984,-1.8490616265140425,2.013207210422988,-1.7868353584579515,-0.1489713757116985,0.3346554412223261,,,,,0.0430140801485378,-3.1122735790131166,1.3889992700635223,-2.144308539944904,0.0668523676880222,0.0,0.590183582787652,0.0,0.0734533918074087,,0.4847452732430733,-0.0660492160568461,-0.0378662273899044,0.1211028763664971,-0.0660492160568461,,0.2302422635764718,-0.0476322425115686,0.1197014274817478,,,,0.0,0.0,0.0,0.3313211639255377,0.1652580620438888,-0.0092652974804149,-0.0428722566356729,0.6918365297720654,0.0,0.0,0.0151173620203274,,53.6822,-0.0525779494879122
2007-12-31,-0.149128560388304,,,-0.0677610944576403,-0.1714328260884459,-0.1395718851924877,,2.192091552514109,-0.1021609868227819,,0.5078098211108963,-0.2168713934009821,,-0.2410159400695165,0.8367087736882705,,-0.1206512957750034,-0.2692489000628535,-0.7195488132284337,-0.0290589361393275,,-0.5233220259300237,7.655907497195948,-0.4058767696182334,0.001214697030869,,,0.2305810746654955,1.2555403485736965,-0.8305773036069213,-0.5499894102166625,-0.35134878608149,,,,-0.1450979709600869,,-0.0844404671760629,,,,,-0.3237196755343398,,-0.2033402392973339,,,,-0.189965655881939,,,,,-0.149128560388304,0.7286193006803642,-0.028313784840459,-0.2317482469212946,,,,0.4237654524537068,,0.9223037887372518,,,3.072214108277472,,-0.4903593281264454,1.1788715768338032,0.952465078511626,-0.0788515793512466,,-0.1432501066256598,,0.0,0.0929939317519111,-0.6112072407826434,8.709619846510797,-3.104664928424615,,0.5949360773308388,,,,,-0.6556552684511837,0.7770143660212367,-0.203613516491797,-3.2950523415977964,-0.0501392757660167,0.0,0.5224801216089804,0.0,-0.1567602873938602,,0.4428542307234953,-0.1432501066256598,0.2046701680447548,0.1963057226729918,-0.1432501066256598,,0.5278091288485262,-0.0769324909713947,-0.2591805600958919,,,,0.0,0.0,0.0,-1.146575094885234,0.1469965852869295,-0.1624391276730891,-0.0523497469463297,0.0511430197141613,0.0,0.0,0.5044609715604627,,43.2047,0.0067724113348779
2007-09-30,-0.179979891964217,,,0.1886152943783902,-0.187123712324886,-0.1790102735555699,,-0.3781402922148152,-0.1340080788947397,,0.3912768367669346,-0.2649018484023499,,-0.2053756390244468,1.053036667993259,,-0.2508725810727225,,-0.7862435771337514,,,,7.038009255579401,-0.4502874493307935,-0.002095855052288,,,0.0947829732648423,0.5135731585643125,,-0.5487208893615487,-0.2005531557025143,,,,0.2969582050121558,,-0.1165416121704412,,,,,-0.337915990068608,,-0.2396186443352788,,,,-0.1888817169035166,,,,,-0.179979891964217,0.8602627646868245,-0.0766174801362088,-0.2760551363136601,,,,0.3933405145566327,,0.5372468837759274,,,0.3554157460460123,,-1.712550714295154,1.909801335592876,1.1940296050826813,-0.0379350417128865,,-0.1224101703271549,,0.0,0.2557070428455092,0.2805803274324504,0.9494913439228984,-3.114963649436766,,0.2329466791393826,,,,,0.0031719015936871,3.2657713928794503,0.1196735072095826,-1.8703471074380165,-0.2172701949860724,0.0,0.1477432179607109,0.0,-0.3807035550993748,,0.3748959518915521,-0.1224101703271549,0.4450993186218405,0.3439050322323074,-0.1224101703271549,,0.822790624425838,-0.0805554785853491,2.36231884057971,,,,0.0,0.0,0.0,-0.1318633652629676,0.1428857305868026,-0.2918314630531441,-0.0365712592376936,-1.5608662181611273,0.0,0.0,-0.2204975231822047,,38.072,0.0287489094962679
2007-06-30,-0.198164182093259,,,0.7751020289374887,-0.2099825777723326,-0.1966209563611998,,0.9685649169173892,-0.1493283740801776,,0.357515908417949,-0.2790188748062369,,-0.2150980949673016,1.723756811068693,,-0.2619620924273217,,-0.9556781898717962,,,,6.740907806304039,-0.487535330980553,0.0714116481331817,,,,0.5414798247858968,,-0.5407582735498756,-0.2916494679242534,,,,0.4514805064352766,,-0.1319841215208462,,,,,-0.3405834504428813,,-0.2725084557027228,,,,-0.2136336728202301,,,,,-0.198164182093259,1.1223117876606012,-0.1142430739479547,-0.3132159675154639,,,,0.3774612177302938,,0.0,0.9385851903188728,,0.0181752362406221,,0.986440946754946,1.547209073186142,1.942995402324076,0.1473144119850426,,0.0306534098690363,,0.0,-0.1318202117319463,-0.1453480633568481,-0.0142780653221488,-0.3847567308460494,-0.1718760178755227,0.012772061116308,,,,,0.545218938573418,-1.8048094940662087,0.6206166951347654,-0.4336308539944903,0.0724233983286908,0.0,0.5529262160898035,0.0,-0.3844359428944667,,0.5013929705947305,0.0306534098690363,0.2798891824531753,0.3680587139955145,0.0306534098690363,,0.6200950156172078,-0.0760665761497039,0.0104609349460608,,,,0.0,0.0,0.0,-0.0825591903126694,0.1688516004870862,-0.2132373491424941,-0.0435792992479873,-0.3594069016300164,0.0,0.0,0.1352598971479476,,27.7592,0.1307518080685639
2007-03-31,-0.3306630149233241,,,0.8631278725371457,-0.3441732260299285,-0.3239454545172083,,0.9922410028906848,-0.2617379099281602,,0.2460535490093919,-0.2968320546053745,,-0.2457712684163799,1.3910327275228591,,-0.3757794847195748,,-0.8716267761395134,,,,4.581240229976419,-0.6539780496643277,-0.0059717675840872,,,1.4701614638084517,0.667586503618149,,-0.5577402303615848,-0.4521970611671894,,,,0.2727242123929259,,-0.2452903788348133,,,,,-0.3519766710245233,,-0.4186831306002742,,,,-0.3517558764728253,,,,,-0.3306630149233241,0.8603440022050184,-0.2939000294278387,-0.4792696999648904,,,,0.286545465204042,,,1.0101349388232927,,-0.2942990175885356,,1.9289801636072896,0.8027381246335606,1.5714560038624867,0.0,,-0.0320307394929705,,0.0,-0.0884230435810544,-0.624517502994809,0.0713903266107442,1.3000791650627874,-0.1679543470613526,-0.2581478016838166,,,,,0.0660297075661457,-1.887257963772642,0.5810626345359173,0.0,0.1448467966573816,0.0,0.4737342142188961,0.0,-0.3247177381729961,,0.3518609747396674,-0.257130224168222,0.075860814872656,0.2090459972053591,-0.0320307394929705,,0.3697734848683692,-0.0967376947731072,-0.7335730630925139,,,,0.0,0.0,0.0,0.1874209289716248,0.116453637393237,-0.2461655727291975,-0.0617960442005609,-0.130936841048298,0.0,0.0,-0.038684249598445,,28.7794,-0.0383770181556015
2006-12-31,-0.3327761550538694,,,0.8120316910946591,-0.335652737079119,-0.3323371959499469,,1.8832798796531176,-0.2617483814523583,,0.1858103975239291,-0.2950898148992432,,-0.1932740682283718,0.7078868367652766,,-0.3181165503225236,,-0.6990532212238089,,,,4.560185553171007,-0.6653971599130093,0.0210129575953443,,,1.4701614638084517,0.667586503618149,,-0.5633302840765709,-0.4215417283798012,,,,-0.0304454831516841,,-0.2452903788348133,,,,,-0.4548170642111965,,-0.4253174732432221,,,,-0.3504207241689316,,,,,-0.3327761550538694,0.9802737897785794,-0.2939000294278387,-0.4906621230942413,,,,0.286545465204042,,-0.3872247130117751,,,0.0819133930020347,,0.5362962375609562,0.6225262523994249,0.8086148815467503,0.1762553776316876,,-0.257130224168222,,-0.4143065220909532,0.0880027320251136,-0.624517502994809,0.0713903266107442,0.0015251984573707,,-0.5212722170252573,,,,,1.1989014389602353,,-0.7041072264556292,1.556517906336088,0.1448467966573816,0.0,1.0378420252572498,0.0,-0.3247177381729961,,1.03247150355887,-0.0655014145018723,1.0429899344293858,0.5709989579981917,-0.257130224168222,,1.5563400614189349,-0.0779438794831296,2.089789691620356,,,,0.0,0.0,0.0,0.97050424724381,0.2943550790663612,-0.1664874020749523,-0.0528670317987216,0.5003849114703618,0.0,0.0,0.1898308745123975,,32.8805,-0.0930255426899723
2006-09-30,-0.3491483394041297,,,0.2995833771746211,-0.3665355801545391,-0.3398895481339662,,0.6425271217037343,-0.2628305907140458,,0.1030766660197437,-0.327563860412406,,-0.1412700991684703,0.5425197392017845,,-0.4056586803670836,,-0.6572788531441349,,,,4.504236988757297,-0.6767074434067061,-0.0639070204205587,,,1.4701614638084517,-0.4126433072589229,,-0.5611379736111611,-0.4743674357723541,,,,0.2490715908087531,,-0.2463917762327619,,,,,-0.0941523089732915,,-0.4318881489942344,,,,-0.3731648343213228,,,,,-0.3491483394041297,0.8500732588333713,-0.3053348467650397,-0.5019459738030111,,,,0.2731576131958642,,,,,0.0285361195371306,,-1.343099551996194,1.2037693753865184,0.6239561958895241,0.1108236292131859,,0.0589356215786858,,-0.4143065220909532,0.0019439409462263,2.263809397045122,0.5354274495805819,-0.1253132103974957,,-0.1900405363267851,,,,,0.2538681726752282,,-1.4068660190272066,0.1533443526170798,0.0055710306406685,0.0,0.7518562909260992,0.0,-0.4478865354110292,,0.4208554877945198,0.0589356215786858,0.1624931808700675,0.3248415891877928,0.0589356215786858,,0.4760623638415706,-0.1015521811817081,-0.2981911299989103,,,,0.0,0.0,0.0,0.1421290439183083,0.1336293886726899,-0.2805504975651069,-0.0619390123758451,-0.0166013990695183,0.0,0.0,0.2350614817714308,,25.6596,-0.0894005670311867
2006-06-30,-0.3568761483789243,,,0.4554240441293344,-0.3646801108929022,-0.3531995560701621,,0.7335345352289934,-0.2651013179722143,,-0.0301834845355473,-0.328137008427881,,-0.1926357691214102,1.0758835350244929,,-0.3853952334667188,,-0.7830388524588927,-0.0881319090306145,,-0.5253273675635586,-0.9092657358097308,-0.6839728257720067,-0.0620914800677019,,,-0.400481489559202,-0.4064863341159365,,-0.5631004632466924,-0.4830554678756922,,,,0.2343843225546743,,-0.248686354145155,,,,,-0.520011604206148,,-0.4413786641603915,,,,-0.3740101206405474,,,,,-0.3568761483789243,0.7371801877166938,-0.3126707865640896,-0.5091943765506407,,,,0.2291543010398118,,,,,6.124755021283502,,3.899588999458168,-0.3391123975509132,1.2195417686238794,-0.0494085322701664,,-0.0265448982067324,3.42574931880109,-0.4143065220909532,0.0352010928100454,-4.191667775855184,18.14028199179011,-0.1727831966707096,,-0.4417524165887121,,,,,-0.7803651555005415,,0.0609042637629988,0.473168044077135,-0.0501392757660167,0.0,0.7851087464920486,0.0,-0.4702808621815806,,0.6146143000322761,-0.0265448982067324,0.5301806668306823,0.4625246205511783,-0.0265448982067324,,0.9271765663140764,-0.1081400611451319,0.4198539827830446,,,,0.0,0.0,0.0,0.5175492499548165,0.1794810657992216,-0.307296210035994,-0.0652506751997005,-0.677310305586237,0.0,0.0,0.1255820859260059,,26.0774,0.0057444377123485
2006-03-31,-0.4016516045490224,,,0.17528157300302,-0.3713745504900027,-0.4199728274021392,,-0.3784549245865534,-0.3203748031680686,,-0.1395321008751014,-0.2917062876942516,,-0.1369934951518281,-0.3399048784202743,,-0.4552174983274215,,-0.4303131024784956,-0.1828778898037054,,-0.5285436956160509,-0.9092657358097308,-0.6896961142918141,-0.4023284732428425,,,-0.1491348086289201,-0.3413856156787692,,-0.5635623580518404,-0.5008023627209257,,,,0.250356726780985,,-0.3043987058580574,,,,,-0.512777813360661,,-0.4428805174440971,,,,-0.3714449534615684,,,,,-0.4016516045490224,-0.3059366250646757,-0.3184512548871232,-0.5149042894150453,,,,0.1615995075732594,,,,,1.1067670299217316,,0.2786874413564339,-0.4149516273790113,-0.3614113438600726,-0.2253477845542466,,-0.0596242863906529,2.4956857402361488,-0.4143065220909532,-0.0653059080043081,-1.156927991481432,3.155452436194896,0.0293128617807055,,-0.5200685999376364,,,,,-0.7741373974934241,,-1.7353220392841175,0.1243856749311294,-0.1225626740947075,0.0,0.6036745790458372,0.0,-0.4628160865913968,,0.2953862095911121,-0.0596242863906529,-0.1077796912939767,0.0875495727017601,-0.0596242863906529,,0.1444657340087666,-0.1157924390626876,0.5260978533289746,,,,0.0,0.0,0.0,0.0653171877823965,0.0948477003908611,-0.3266567859411391,-0.0708940189913725,0.8856980285838605,0.0,0.0,0.1269048551027845,,24.0041,0.1504118046500388
2005-12-31,-0.4152836199305162,,,0.3091918949958248,-0.3147287343434706,-0.475104592035195,,0.0470067000963561,-0.3678283362062681,,-0.2319619285493717,-0.300098346989019,,-0.0982777529550347,-0.4094969267278864,,-0.4067632133705298,,-0.2541202690376601,,,-0.4249597756351802,-0.9092657358097308,-0.7067353045125545,-0.4278430247033158,,,-0.0266869956247908,-0.4789012399253745,-0.7204677959450968,-0.5485338782940986,-0.4424892448078192,,,,0.5299961946435396,,-0.3522177095523278,,,,,-0.4509289016317473,,-0.4552428964071132,,,,-0.3131997483214647,,,,,-0.4152836199305162,-0.3258514223819034,-0.3356665405473578,-0.5319036580653816,,,,0.1615995075732594,,-0.1897324727792284,,,0.032655506871887,,0.0310959573933843,-0.3904768236834284,-0.4391219426552401,-0.1949067731405235,,-0.0691325562376989,,-0.5417138695581809,-0.022749362965298,-1.3299614002395848,0.0214170979832232,-0.0180263931961623,,-0.4925849703772996,,,,,0.1615348909175305,,0.3900345009619356,0.1354931129476584,-0.0835654596100278,0.0,0.0212377221702525,0.0,-0.5561257814686946,,0.1693563456605568,-0.0691325562376989,0.0177243894873083,0.1493017420710872,-0.0691325562376989,,0.2984461534423476,-0.1189628418631716,0.6570229922632669,,,,0.0,0.0,0.0,-0.4534971986264233,0.0630274284059846,-0.3480669066271438,-0.071177355920572,-0.825651839207417,0.0,0.0,-0.2172175955295801,,15.378,0.2018909751342111
2005-09-30,-0.4469515260947808,,,0.1358714267484838,-0.3410639850756434,-0.5095205072568809,,-0.2965718498417006,-0.3982394636121079,,-0.2577867392668983,-0.3173709440008336,,-0.0510958435122698,-0.3870382107709466,,-0.45551098852548,,-0.2461792045644821,,,-0.4160686711977336,-0.9092657358097308,-0.7499551323727656,-0.4490121069413814,,,-0.1341547800415693,-0.4815272260610579,-0.7107737475022514,-0.5515553462633837,-0.4913991572432273,,,,0.4796923008733197,,-0.3828732704618985,,,,,-0.1576438940400345,,-0.489771634253365,,,,-0.3364132552245975,,,,,-0.4469515260947808,-0.3387797931344626,-0.3793248412998696,-0.5750224786948681,,,,0.0040376061611964,,,,,0.2073674618332522,,-0.1974388454981564,-0.2734089811981463,-0.4140432115699033,-0.2784134531986946,,-0.0417816071715049,,-0.4395533257808707,0.1101741666009929,-1.383202449088247,0.5211493842584329,-0.6349619063528147,,-0.5530589335827877,,,,,-0.1724044561349218,,0.4225092836695125,0.052297520661157,-0.1894150417827298,0.0,-0.1081033676333021,0.0,-0.5747877204441542,,0.0306538468072094,-0.0417816071715049,-0.2051194283697198,0.0475087098857485,-0.0417816071715049,,0.0250400272973043,-0.1268045664884036,0.004086302713305,,,,0.0,0.0,0.0,-0.4249774082776071,0.0267812284451559,-0.3938005504975651,-0.0729865531932591,-0.3596746661311377,0.0,0.0,-0.3473213924170232,,11.6614,-0.1222151714202411
2005-06-30,-0.4515460061609933,,,0.0013253128029246,-0.3473497700612538,-0.5130518216503391,,-0.1730786439344778,-0.4000560454186427,,-0.2638479048873589,-0.3352818194844273,,-0.0630465436103358,-0.2796137159815063,,-0.4679985230815839,,-0.2741839306833187,,,-0.416635257213029,-0.9092657358097308,-0.7518905007248008,-0.4690622959066115,,,-0.4292735662638109,-0.4808744385471027,-0.7113915011590614,-0.5488786095389163,-0.5157989303301938,,,,0.3346861253398208,,-0.3847089327918129,,,,,-0.1795713225404169,,-0.4921920583037228,,,,-0.3418282980180896,,,,,-0.4515460061609933,-0.3382614203993211,-0.3812796905872956,-0.5769533239794283,,,,0.0006008778679094,,,0.7743399392555618,,-0.0051180266886367,,-0.0349416537816014,-0.2221784141976349,-0.2940866645452251,-0.2291164945806249,,-0.070846392531117,,-0.4395533257808707,0.100191767147398,0.8529216025555704,-0.0785293592718186,-0.4478708955820085,,-0.563436233239788,,,,,0.3625638248491413,,-0.4484666359375065,0.2642424242424242,-0.2395543175487465,0.0,-0.0225532039289055,0.0,-0.578520108239246,,0.0120695805799514,-0.070846392531117,-0.3264411094590692,-0.0408864852107135,-0.070846392531117,,-0.1238090238588939,-0.1353274774400325,-0.6944535251171406,,,,0.0,0.0,0.0,-0.6015181637448039,0.0171076273279231,-0.4164132966334956,-0.0791107899381597,0.3254677511128962,0.0,0.0,-0.2023836840471337,,9.9213,0.0317397921643332
2005-03-31,-0.4542978231926168,,,-0.1042698802517198,-0.3441744350672406,-0.5192827093821466,,0.0291513130002162,-0.4005985159004688,,-0.3323691463836452,-0.3245255246258255,,-0.0757719067154868,-0.5478064550997647,,-0.436279491031192,,-0.206224405180913,,,-0.4164982714668417,-0.9092657358097308,-0.7535108333081034,-0.4651449866892423,,,0.2286661299412739,-0.2931238478856732,-0.7116062567221585,-0.5427883575471358,-0.4827773448967744,,,,0.3211004022047979,,-0.3849154448039283,,,,,-0.1506060183632794,,-0.4960703279277797,,,,-0.3428387338383186,,,,,-0.4542978231926168,-0.3620137233378949,-0.382919241602556,-0.5805140011454079,,,,0.0,,,0.8582058139485443,,0.0255651674593366,,-0.1397798305779116,-0.4719702632473689,-0.5935665455981917,-0.2748678904765098,,-0.0712142021465995,,-0.4395533257808707,-0.2905403630441064,0.2539598030081192,-0.0499732286275209,-0.021774023691416,,-0.5290115372622388,,,,,-0.2781216153489091,,0.0448354266447168,-0.0200771349862258,-0.2729805013927576,0.0,0.0107138681010289,0.0,-0.5299990669030512,,0.0201216301153447,-0.0436519581949156,-0.2059109822756105,0.0249930634195601,-0.0712142021465995,,0.0240688731987716,-0.1650295103771232,-0.4428462460499073,,,,0.0,0.0,0.0,-0.621001265136454,0.0,-0.4821172983273343,-0.1024639915154886,-0.1037587441844897,0.0,0.0,-0.2340356607771943,,11.4567,-0.1237092705578394
2004-12-31,-0.4542978231926168,,,-0.1042698802517198,-0.3441744350672406,-0.5192827093821466,,0.0291513130002162,-0.4005985159004688,,-0.3323691463836452,-0.336258776328987,,-0.0756703591302884,-0.5478064550997647,,-0.436279491031192,,-0.206224405180913,,,-0.4164982714668417,-0.9092657358097308,-0.7554595188921062,-0.4651449866892423,,,0.2286661299412739,-0.2931238478856732,-0.7112421444094178,-0.5427883575471358,-0.4827773448967744,,,,0.3211004022047979,,-0.3852596314907873,,,,,-0.1506060183632794,,-0.4960703279277797,,,,-0.3428387338383186,,,,,-0.4542978231926168,-0.3620137233378949,-0.3848951107747929,-0.5805140011454079,,,,0.0,,-0.4167364635167759,,,0.0255651674593366,,-0.1397798305779116,-0.4719702632473689,-0.5935665455981917,-0.2748678904765098,,-0.0712142021465995,,-0.4420618223013433,-0.2905403630441064,-0.2252096366298416,0.0214170979832232,-0.021774023691416,,-0.5290115372622388,,,,,-0.2781216153489091,,0.0448354266447168,-0.0200771349862258,-0.3008356545961003,0.0,0.0107138681010289,0.0,-0.623308761780349,,0.0201216301153447,-0.0712142021465995,-0.2059109822756105,0.0249930634195601,-0.0712142021465995,,0.0240688731987716,-0.1650295103771232,-0.4428462460499073,,,,0.0,0.0,0.0,-0.621001265136454,0.0,-0.4821172983273343,-0.1024639915154886,-0.1037587441844897,0.0,0.0,-0.1643878143264,,10.8039,-0.1032682642379141
2004-09-30,-0.4589329958420575,,,-0.1319044431559458,-0.3478619988691471,-0.524419188409545,,-0.3042803429492852,-0.4011148075717998,,-0.3707791302693362,-0.332771040393909,,-0.098849320791723,-0.4618187088817809,,-0.4573760713970133,,-0.2251474231487268,,,-0.4146704439067686,-0.9425169347075396,-0.7577344766593141,-0.4790057797805314,,,0.1092469174584312,-0.4301943897363999,-0.7092492481345872,-0.5625642146436425,-0.4935755799195209,,,,0.3513010975522475,,-0.4192193845942039,,,,,-0.1519322133516187,,-0.4994830897668908,,,,-0.3439854761481088,,,,,-0.4589329958420575,-0.3283272324601912,-0.3864505822508092,-0.5827836422050893,,,,-0.0092842958370888,,,,,0.5161966820207468,,-0.5528419828463439,-0.2109074752829112,-0.4975475404079751,-0.2643427759620521,,-0.0684751943717303,,-0.4420618223013433,-0.0766017810702183,0.1075469186742978,1.1708013564162056,0.0292692846819234,,-0.5774243841596508,,,,,0.0076976636237041,,-0.066410368789543,0.1884297520661157,-0.3955431754874652,0.0,0.0092668381665107,0.0,-0.5971820472147056,,0.0,-0.0684751943717303,-0.2547840876271567,0.0002229167596256,-0.0684751943717303,,-0.0358933305336098,-0.1538465090932601,-0.6863898877628855,,,,0.0,0.0,0.0,-0.4419302367612507,0.0042939378198632,-0.4743764556426,-0.0910629293919173,0.0324664457609532,0.0,0.0,-0.2325914127984666,,11.2204,0.0308099532993476
2004-06-30,-0.4645143845067149,,,-0.1269524297774504,-0.4093254256919623,-0.4967867429080033,,-0.1805511627632588,-0.438554148849188,,-0.0096769339246895,-0.3345979496932355,,-0.1191530351122536,-0.2222607097760024,,-0.46429991542433,,-0.4640831059461774,,,,-0.6979638608483693,-0.7582263819151157,-0.5116050782857031,,,,-0.4473448980575862,,-0.5678929034932766,-0.510205568198624,,,,3.48945014936489,,-0.4235331910695027,,,,,-0.24081741836554,,-0.5011665650341068,,,,-0.4139139617620754,,,,,-0.4645143845067149,-0.409870358460549,-0.3876907554546601,-0.5832694155591233,,,,0.0110283072098016,,,,,0.0069655094933153,,0.0,-0.1738338500831264,-0.2300429043266434,-0.2542329633748432,,-0.0648205754264048,,-0.4420618223013433,0.0792287282948485,0.0676161320378011,-0.0356951633053721,-0.0202488252340453,,-0.5774368568755847,,,,,-0.043594306049822,,-0.0666351077702183,0.2244187327823691,-0.4011142061281337,0.0,-0.0037710477081384,0.0,-0.5934496594196137,,-0.021964768036421,-0.0648205754264048,-0.2882539818370468,-0.0154059361459788,-0.0648205754264048,,-0.0769574004567049,-0.1528605207496282,-0.8082706766917294,,,,0.0,0.0,0.0,-0.4187240195192481,-0.0002746246796045,-0.4745966546686428,-0.0899191839896439,0.0635271278910198,0.0,0.0,-0.2562257885998893,,10.3796,-0.0196732051331458
2004-03-31,-0.4665576362601171,,,-0.1210601606941773,-0.3488304377561396,-0.5358914788248407,,0.0813016286158141,-0.4050104422153124,,-0.4659299967897569,-0.3359266110018367,,-0.1471859713461728,-0.1676984606616256,,-0.4302455850237948,,-0.2994419272493039,,,-0.4146672016405867,-0.9092657358097308,-0.7594509430108826,-0.5062767334716186,,,-0.7790972982248094,-0.5335573581392589,,-0.5703082753523919,-0.4772634464734668,,,,0.1740747272863632,,-0.4238773777563617,,,,,-0.2882741003914535,,-0.5044151997580297,,,,-0.3491027846299314,,,,,-0.4665576362601171,-0.3497894110763487,-0.3889099087736999,-0.5861826025151746,,,,-0.0109477016421552,,,,,-0.0053427205432598,,0.0319681771927737,-0.1273258332597107,-0.1691154686008361,-0.3121768800304091,,-0.0518846329925225,0.0630108991825613,-0.4420618223013433,0.0322063729739669,-1.0105151071476108,-0.0499732286275209,-0.0220209605845141,,-0.5694106641721235,,,,,-0.1023131672597864,,-0.0159564676279443,-0.009961432506887,-0.4122562674094707,0.0,-0.1570831384471468,0.0,-0.6009144350097975,,-0.0925985696570234,-0.0719341699045651,-0.3550975001871918,-0.0423894853398776,-0.0518846329925225,,-0.158967426966587,-0.1474179574570275,-0.5772038792633758,,,,0.0,0.0,0.0,-0.5580336164829206,-0.0099035194536459,-0.4989201778530595,-0.0800595787377729,-0.0467918465709408,0.0,0.0,-0.200831454911118,,11.7311,-0.1004679868043064
2003-12-31,-0.4665576362601171,,,-0.1210601606941773,-0.3488304377561396,-0.5358914788248407,,0.0813016286158141,-0.4050104422153124,,-0.4659299967897569,-0.2099545389414998,,-0.1457614037938177,-0.1676984606616256,,-0.4302455850237948,,-0.2994419272493039,,,-0.4146672016405867,-0.9092657358097308,-0.7607225305820349,-0.5062767334716186,,,-0.7790972982248094,-0.5335573581392589,,-0.5703082753523919,-0.4772634464734668,,,,0.1740747272863632,,-0.3897111126408297,,,,,-0.2882741003914535,,-0.5044151997580297,,,,-0.3491027846299314,,,,,-0.4665576362601171,-0.3497894110763487,-0.3906335393282045,-0.5861826025151746,,,,-0.0109477016421552,,-0.0198797851899295,,,-0.0053427205432598,,0.0319681771927737,-0.1273258332597107,-0.1691154686008361,-0.3121768800304091,,-0.0518846329925225,,-0.4440443437449425,0.0322063729739669,-2.0620258219086915,-0.0713903266107442,-0.0220209605845141,,-0.5694106641721235,,,,,-0.1023131672597864,,-0.0159564676279443,-0.009961432506887,-0.3454038997214484,0.0,-0.1570831384471468,0.0,-0.6009144350097975,,-0.0925985696570234,-0.0518846329925225,-0.3550975001871918,-0.0423894853398776,-0.0518846329925225,,-0.158967426966587,-0.1474179574570275,-0.5772038792633758,,,,0.0,0.0,0.0,-0.5580336164829206,-0.0099035194536459,-0.4989201778530595,-0.0800595787377729,-0.0467918465709408,0.0,0.0,-0.34285367203423,,9.4628,0.1151561905567063
2003-09-30,-0.4717435958818047,,,-0.2923747501046594,-0.3607515456534504,-0.537015285273439,,-0.3451825512752443,-0.4052098564587365,,-0.4654789470135261,-0.2485508473472365,,-0.1998543517492297,-0.1455640228173872,,-0.4879811030182153,,-0.3050384042279785,,,-0.4146704439067686,-0.9092657358097308,-0.7618010182896575,-0.5238514006397612,,,,-0.4481460463701676,,-0.5709729532427269,-0.5340932418323449,,,,0.0523233931551557,,-0.3899176246529451,,,,,-0.278071441219798,,-0.5079183216902279,,,,-0.3543526779224192,,,,,-0.4717435958818047,-0.3494838032698101,-0.3910959767940472,-0.5866557125467317,,,,-0.0129440011138223,,-0.4003054638616544,,,0.0877554332222347,,0.0095019096327426,-0.0941019966963565,-0.1443988456431808,-0.3428100460671878,,-0.0797990350866895,,-0.4440443437449425,0.0,1.398642353254359,0.185614849187935,-0.1874686789602504,,-0.6043030869971936,,,,,0.3662772706173604,,-0.081243141514111,0.0044297520661157,-0.3064066852367688,0.0,-0.3253917212347988,0.0,-0.6083792105999813,,-0.1957548371753274,-0.0797990350866895,-0.5011178024752104,-0.1434779862146707,-0.0797990350866895,,-0.3381191107378146,-0.153239214164981,-0.6936362645744797,,,,0.0,0.0,0.0,-0.4589553587565516,-0.044054907904933,-0.4756129578657633,-0.0901895238119994,0.0707567694212939,0.0,0.0,-0.3750725498400529,,9.6902,-0.1205547873108914
2003-06-30,-0.4738786706761719,,,-0.2167602818080669,-0.3666472145996897,-0.5368921971575249,,-0.2164979112343421,-0.4065998374751152,,-0.4304886869214802,-0.2836463937266344,,-0.2126377420459227,-0.1150769669187192,,-0.4932008104116436,,-0.3127399211170172,,,-0.4146704439067686,-0.9092657358097308,-0.7657285613113395,-0.5113803534211802,,,,-0.495576993690957,,-0.5730188092577237,-0.5486174418424985,,,,-0.1082574064227725,,-0.3913173171795048,,,,,-0.3294614970179451,,-0.5123656254334263,,,,-0.3603887758816599,,,,,-0.4738786706761719,-0.3254800508701602,-0.3955732122587968,-0.5910667006777213,,,,-0.0213165087530318,,,,,0.0,,-0.1749197161321016,0.0138420073515435,-0.1103551951543348,-0.3650255999068912,,-0.0904733396721799,,-0.4440443437449425,-0.0328368403078782,-0.464794356448822,-0.0713903266107442,-0.2849361232360353,,-0.5843280324290614,,,,,-0.0513306514002785,,-0.0885471583860574,-0.1451460055096418,-0.3732590529247911,0.0,-0.2039435219831618,0.0,-0.5859848838294299,,-0.1256561401124569,-0.0904733396721799,-0.3983013681046563,-0.0950532008031656,-0.0904733396721799,,-0.2119740675608283,-0.1572154950261852,-0.6226435654353274,,,,0.0,0.0,0.0,-0.4510392192300741,-0.0295743104578781,-0.4802032606394241,-0.093961284218133,0.0566991331124276,0.0,0.0,-0.3750725498400529,,9.0943,-0.0836238083194968
2003-03-31,-0.4731097472540542,,,-0.2114232113314244,-0.3650601516213392,-0.5366185352299101,,0.0303311843942343,-0.407139803896807,,-0.400961140786007,-0.2873718558272219,,-0.2078766109799051,0.0414412688118155,,-0.4785862608717605,,-0.3522789254711217,,,-0.4146704439067686,-0.9092657358097308,-0.7688408400385076,-0.4717317907446557,,,,-0.4447485840816281,,-0.5783272197988392,-0.5420263687071917,,,,-0.3071168988878937,,-0.391569720749868,,,,,-0.4112184039695427,,-0.5174948683222583,,,,-0.3607111663160147,,,,,-0.4731097472540542,-0.2022466042233838,-0.3987051750956404,-0.5958714973781992,,,,-0.0146042633017506,,,,,3.8238649839593553,,1.8786953706273373,-0.6476309249933739,0.0644223278066123,-0.3723150785105439,,-0.0874604311198237,,-0.4440443437449425,0.0197021041847269,0.5867163583122588,-0.0642512939496698,-0.3584361631817092,,-0.5642157779856564,,,,,-0.2818737428438805,,-0.099784107419821,-0.2421377410468319,-0.3454038997214484,0.0,-0.1479186155285313,0.0,-0.6121115983950732,,-0.1206278560144053,-0.0830232385245356,-0.3778172366211345,-0.0815496840177072,-0.0874604311198237,,-0.1868421743352843,-0.1674817811521516,-0.7271439468235807,,,,0.0,0.0,0.0,-0.4785830471715163,-0.0323971966993945,-0.5230235020114334,-0.0989469744034977,0.0785888810790909,0.0,0.0,-0.3750725498400529,,10.2781,-0.1586577285685098
2002-12-31,-0.4731097472540542,,,-0.2114232113314244,-0.3650601516213392,-0.5366185352299101,,0.0303311843942343,-0.407139803896807,,-0.400961140786007,-0.2826466412223684,,-0.2056802817800421,0.0414412688118155,,-0.4785862608717605,,-0.3522789254711217,,,-0.4146704439067686,-0.9092657358097308,-0.7708529905561058,-0.4717317907446557,,,-0.7864311290835306,-0.4447485840816281,-0.7092492481345872,-0.5783272197988392,-0.5420263687071917,,,,-0.3071168988878937,,-0.426401413459994,,,,,-0.4112184039695427,,-0.5174948683222583,,,,-0.3607111663160147,,,,,-0.4731097472540542,-0.2022466042233838,-0.399735149451381,-0.5958714973781992,,,,-0.0146042633017506,,-0.2481401192294427,,,3.8238649839593553,,1.8786953706273373,-0.6476309249933739,0.0644223278066123,-0.3723150785105439,,-0.0874604311198237,,-0.4880239520958084,0.0197021041847269,-1.5695461200585652,13.656969480635372,-0.3584361631817092,,-0.5642157779856564,,,,,-0.2818737428438805,,-0.099784107419821,-0.2421377410468319,-0.3732590529247911,0.0,-0.1479186155285313,0.0,-0.6046468228048895,,-0.1206278560144053,-0.0874604311198237,-0.3778172366211345,-0.0815496840177072,-0.0874604311198237,,-0.1868421743352843,-0.1674817811521516,-0.7271439468235807,,,,0.0,0.0,0.0,-0.4785830471715163,-0.0323971966993945,-0.5230235020114334,-0.0989469744034977,0.0785888810790909,0.0,0.0,-0.3640584717966715,,11.624,-0.09825361321404
2002-09-30,-0.4973613166697961,,,-0.3380264032756718,-0.3574524858411655,-0.5794467464046619,,-0.3356649220301654,-0.4454587532068331,,-0.395035584902191,-0.2935820448358061,,-0.1850167988719514,-0.6230094974180583,,-0.5030911145053586,,-0.1471926816096685,,,-0.3903534475421596,-0.9092657358097308,-0.7731710212454588,-0.6565951953510463,,,,-0.3264308471772503,-0.6827362156534711,-0.5795281462922239,-0.555764760935641,,,,-0.7010110743769697,,-0.46713017140497,,,,,-0.3490379434935442,,-0.5182195526616278,,,,-0.3483170451730406,,,,,-0.4973613166697961,-0.7253968791253427,-0.4020683566654054,-0.598184110696122,,,,-0.0411967728461825,,-0.382051534709563,,,0.0587199940081638,,-0.0487385851537617,-0.590810400640382,-0.677542712299606,-0.2960730829111151,,-0.0915141626266302,,-0.5413901925877974,0.0210681167415346,1.6116065486490083,0.0999464572550419,-0.3375191557663396,,-0.5168818210165264,,,,,0.312780442518954,,-0.1522606594074972,-0.1383360881542699,-0.3676880222841225,0.0,-0.1637920954162769,0.0,-0.6158439861901651,,-0.130140825929638,-0.0915141626266302,-0.3961941232470825,-0.0946774507708746,-0.0915141626266302,,-0.2093886978660857,-0.1836755428708655,-0.7615778576876975,,,,0.0,0.0,0.0,-0.4655702150731972,-0.0503350846865872,-0.5180605547321617,-0.1179383469239747,0.0990059242895873,0.0,0.0,-0.4204246359010353,,12.5235,-0.1405357927097057
2002-06-30,-0.4971390958342481,,,-0.2390219549707065,-0.3554954574453122,-0.5802562598970912,,-0.219565576858789,-0.4462463939399924,,-0.3931783211177113,-0.2923999270538889,,-0.1890641954820028,-0.5708695075394661,,-0.4889120665496914,,-0.1603640751997538,,,-0.3903534475421596,-0.9092657358097308,-0.7769524908789966,-0.6317134217985718,,,,-0.1543323207708827,-0.6827362156534711,-0.5806704910054435,-0.542445760500798,,,,-0.7180544252468071,,-0.4678414905578119,,,,,-0.3744767746335067,,-0.5217488267165757,,,,-0.3481481739931404,,,,,-0.4971390958342481,-0.6843448532647327,-0.4058939757010131,-0.6019567428170028,,,,-0.0439593454827907,,-0.3074099620633591,,,0.1494214133243455,,0.1974388454981564,-0.6337309927260947,-0.6193201145578441,-0.249174957813125,,-0.085590080096413,,-0.5411878944813077,0.0581080726088212,0.0942366564621323,0.3783687310369445,2.067094206424717,,-0.5560710944808231,,,,,0.4068930837072567,,0.4867846321426405,0.1668980716253443,-0.3788300835654596,0.0,-0.1042738540692235,0.0,-0.6121115983950732,,-0.0942463519459119,-0.085590080096413,-0.3549905334431525,-0.0676175773516668,-0.085590080096413,,-0.1588361899262448,-0.1723724680650613,-0.7735643456467255,,,,0.0,0.0,0.0,-0.4626061810952467,-0.0315818381545221,-0.5127757781071353,-0.1060251987907491,0.1031562740569669,0.0,0.0,-0.3297204637790705,,11.5301,-0.101783405303862
2002-03-31,-0.503106534582172,,,-0.3100336477220067,-0.3698628508374397,-0.5811640048762015,,-0.0250441130316795,-0.4854495041192643,,0.0096769339246895,-0.2889968607120061,,-0.1802817800421277,-0.6059062836254293,,-0.4991842234817405,,-0.1843846161108847,,,-0.4118204919328364,-0.8768535445866341,-0.7793506330419044,-0.6480840367978492,,,,-0.2730209596718259,-0.6827362156534711,-0.5818105825732723,-0.5677328783300261,,,,0.0292827410815696,,-0.4695624239921066,,,,,-0.3882963292279058,,-0.5263672915941847,,,,-0.3632186474721077,,,,,-0.503106534582172,-0.7119307933714054,-0.4083112624542817,-0.6060185554003491,,,,-0.0532143302043717,,,,,-1.1418941691944726,,-0.6384252467985568,-0.333254721934425,-0.6584442518077974,-0.3512090626555801,,-0.0921089186006018,,-0.4902492312671953,0.0697717182861796,-1.1835485159057633,0.2213100124933071,-0.8256552906229346,,-0.5897474275023387,,,,,0.0,-1.8357276702061207,-0.0500044232002481,-0.0768705234159779,-0.3899721448467966,0.0,0.0496813610851262,0.0,-0.6307735373705328,,-0.136731955085192,-0.0879221495733017,-0.4231604394193845,-0.1099246825499336,-0.0921089186006018,,-0.242473555736371,-0.1754297246621777,-0.7707311757655007,,,,0.0,0.0,0.0,-0.4628230616302187,-0.0443508213193906,-0.5183315689180605,-0.1086142224740772,0.2168892459082237,0.0,0.0,-0.3686341733367527,,10.4428,0.1453523482138708
2001-12-31,-0.503106534582172,,,-0.3100336477220067,-0.3698628508374397,-0.5811640048762015,,-0.0250441130316795,-0.4854495041192643,,0.0096769339246895,-0.3116492334145293,,-0.2065913086872508,-0.6059062836254293,,-0.4991842234817405,,-0.1843846161108847,,,-0.4118204919328364,-0.8768535445866341,-0.7810238183895784,-0.6480840367978492,,,,-0.2730209596718259,-0.7061419207278005,-0.5818105825732723,-0.5677328783300261,,,,0.0292827410815696,,-0.4707785502856749,,,,,-0.3882963292279058,,-0.5263672915941847,,,,-0.3632186474721077,,,,,-0.503106534582172,-0.7119307933714054,-0.4107075293227393,-0.6060185554003491,,,,-0.0532143302043717,,,,,-1.1418941691944726,,-0.6384252467985568,-0.333254721934425,-0.6584442518077974,-0.3512090626555801,,-0.0921089186006018,,-0.4973296649943357,0.0697717182861796,-0.1054172767203514,0.0999464572550419,-0.8256552906229346,,-0.5897474275023387,,,,,0.0,-1.8357276702061207,-0.0500044232002481,-0.0768705234159779,-0.3286908077994429,0.0,0.0496813610851262,0.0,-0.6121115983950732,,-0.136731955085192,-0.0921089186006018,-0.4231604394193845,-0.1099246825499336,-0.0921089186006018,,-0.242473555736371,-0.1754297246621777,-0.7707311757655007,,,,0.0,0.0,0.0,-0.4628230616302187,-0.0443508213193906,-0.5183315689180605,-0.1086142224740772,0.2168892459082237,0.0,0.0,-0.3750725498400529,,7.7079,0.1670753382892874
2001-09-30,-0.4954638926124241,,,-0.3247374559814814,-0.3516370163699622,-0.5803100362584128,,-0.1580549481839813,-0.4865647214463588,,0.0346527097693111,-0.3053315791530435,,-0.1911705825349759,-0.3345297230370119,,-0.5012449664853129,,-0.1984049762685932,,,-0.3762066296237755,-0.8768535445866341,-0.7825779809765422,-0.5857808422525177,,,,-0.2967586874520145,-0.6673118171237071,-0.5808642615090667,-0.5631504711535702,,,,0.0292827410815696,,-0.4719028934627475,,,,,-0.3273064301618937,,-0.5267557858866192,,,,-0.341876214633874,,,,,-0.4954638926124241,-0.4982645151619189,-0.4122840206835667,-0.6075690858196997,,,,-0.062960276110708,,,,,0.0406695876867767,,-0.0528353751205909,-0.2747743443445855,-0.3554091273194122,-0.3694575533096222,,-0.0916237229376249,,-0.4973296649943357,-0.0541676517718759,0.1474777053107946,0.0356951633053721,0.0,,-0.5921234798877456,,,,,-0.3286012687606375,-1.1773891317926295,0.5769049633934248,-0.1333553719008264,-0.2785515320334262,0.0,-0.2279729887745556,0.0,-0.6345059251656248,,-0.1390762226714458,-0.0916237229376249,-0.3945147453656658,-0.0938378842924744,-0.0916237229376249,,-0.2073282763327121,-0.1855944101157324,-0.5137844611528822,,,,0.0,0.0,0.0,-0.2746069040303632,-0.0550718281913942,-0.512267626508575,-0.120987468189581,-0.0048197610201827,0.0,0.0,-0.3750725498400529,,8.1218,-0.1352455517750215
2001-06-30,-0.4948469991016242,,,-0.2913897203187019,-0.3511006068158269,-0.5797098920660627,,0.0112959259040764,-0.4869175662834676,,0.0483227608306319,-0.306699318735427,,-0.1895458211718011,-0.2808666086896708,,-0.4923676769461871,,-0.2132792677106948,,,-0.3770674512950827,-0.8768535445866341,-0.7836785253496111,-0.5753642534006547,,,,-0.2834062155756584,-0.6682503784735386,-0.5852331104221493,-0.5602368018506215,,,,0.011658019176675,,-0.4722700259287304,,,2.230465799412505,,0.0326198755938678,,-0.5276087058071961,,,,-0.3425656556493341,,,,,-0.4948469991016242,-0.4560132687946383,-0.4133980745785513,-0.608667058157087,,,,-0.1446898371034755,,,,,2.0119087742950232,,1.0594563163250472,-0.6669494749241688,-0.2954857186749037,-0.3525975347705616,,-0.0884542996552763,-0.0286103542234332,-0.5423207638776502,0.1901909790632306,-0.8374816983894583,6.068177761913261,-0.0259138480757079,,-0.6043903960087309,,,,,0.1317112795915209,-1.4494066208619614,-0.7009608807261754,-0.030060606060606,-0.3788300835654596,0.0,-0.1775169550982226,0.0,-0.6307735373705328,,-0.1144019569538111,-0.0884542996552763,-0.3674735524725362,-0.0766179648438876,-0.0884542996552763,,-0.1741515525341872,-0.1728111982413847,-0.5641277105807998,,,,0.0,0.0,0.0,-0.4819446954635821,-0.0366783612783459,-0.5156383654456913,-0.106079786639494,0.0337383271412792,0.0,0.0,-0.3750725498400529,,6.677,-0.0375586148851749
2001-03-31,-0.5068611439343186,,,-0.3406591192490491,-0.3506165888785494,-0.5989787988488035,,-0.191720611959963,-0.5056474808045295,,0.0674496297730191,-0.3073799320038036,,-0.1932479559921779,-0.6407367009124006,,-0.4846201668791577,,-0.1215250959101808,-0.2196015083594045,,-0.376515455477606,-0.8994140193766614,-0.7841175778410415,-0.6652944131329757,,,,-0.3798407346826748,-0.6691739157716309,-0.5791225801218501,-0.5456243088312875,,,,0.020164395373829,,-0.4911544021477249,,,0.8204783885858162,,0.0133900482629482,,-0.52821940296327,,,,-0.3431490288162618,,,,,-0.5068611439343186,-0.7393542584416903,-0.413839492159583,-0.6091050845575193,,,,-0.2216053404852455,,,,,0.1894918173987941,,0.093948644755448,-0.6679400325009972,-0.6973379566128626,-0.3427480607049118,,-0.0898551064887094,-0.0319028156221616,-0.4972487457517398,-0.1491055244700134,0.134167443098629,0.0142780653221488,0.1135909708251323,,-0.591000935453695,,,,,-0.1163933157976172,-1.4600249843847597,-0.0658485213378548,-0.042358126721763,-0.3732590529247911,0.0,-0.16295895696913,0.0,-0.6270411495754409,,-0.1058912463689333,-0.0898551064887094,-0.3615689882015681,-0.0744280466869415,-0.0898551064887094,,-0.1669072679072941,-0.1933137521128321,-0.5883186226435654,,,,0.0,0.0,0.0,-0.4771371769383697,-0.0537242512751952,-0.5134363751852636,-0.129497973751043,0.0551594872309803,0.0,0.0,-0.3750725498400529,,4.9824,0.2818090101276628
2000-12-31,-0.5077597087833012,,,-0.3039443726815421,-0.3520900023495625,-0.5996690483221238,,0.0957747177157689,-0.5058719356492968,,0.0681984313623172,-0.3070933579960661,,-0.1911995961307468,-0.6416456622889122,,-0.4698320478673045,,-0.1339008936379174,,,-0.3847475693135717,-0.9062982981391692,-0.7855356549638369,-0.6650945262797947,,,,-0.3382997110673447,-0.6766240778988245,-0.5875628627564079,-0.533453117515788,,,,0.0018971054828185,,-0.4913609141598403,,,0.2924045321023919,,0.024029748964852,,-0.5293212189486378,,,,-0.3470298094849313,,,,,-0.5077597087833012,-0.7400699222924454,-0.4152688443267331,-0.610519847552281,,,,-0.2216053404852455,,-0.2287283835049514,,,0.3582618682045713,,0.1534974692410366,-0.6930573600301986,-0.6983529566677273,-0.2831739290214882,,-0.0958574463839228,,-0.54094513675352,0.5476134184464234,,0.2427271104765304,0.1219141966924982,,-0.5186280012472716,,,,,0.1437026148847284,,-0.0153946201762561,-0.0863030303030303,-0.362116991643454,0.0,-0.0836061739943872,0.0,-0.6195763739852571,,-0.0709395756535919,-0.0958574463839228,-0.3082781563211997,-0.0496813844040252,-0.0958574463839228,,-0.1015249744087771,-0.1858876666020117,-0.6126729868148633,,,,0.0,0.0,0.0,-0.4019880715705765,-0.037491590949733,-0.5184162608511539,-0.1203740047465434,0.0168022224453593,0.0,0.0,-0.3332703443249153,,4.7202,0.0
2000-09-30,-0.5124842840970094,,,-0.4732978573363451,-0.3629395001759149,-0.6008662296281699,,-0.2061937010599178,-0.5067943403460486,,0.0721576460647873,-0.3353241542810249,,-0.1984036719606808,-0.6646939748144,,-0.4926485439099206,,-0.1407795087223739,-0.2419747402103082,,-0.3930420967735398,-0.9137742981038428,-0.789582636909728,-0.6760942170169726,,,-0.6151182726911074,-0.58309502880054,-0.6863649660323865,-0.5553361242294242,-0.5519063564344634,,,,-0.0166761691634853,,-0.4923016911039214,,,-0.2924045321023919,,-0.0133900482629482,,-0.5332768627841405,,,,-0.3561902568772555,,,,,-0.5124842840970094,-0.7582168364756456,-0.4193677218648842,-0.6145573714679256,,,,-0.2356320575670308,,-0.3963639946790166,,,0.1116478797638217,,-0.0733589713092547,-0.6262616531602802,-0.7240900661670306,-0.3659181891236651,,-0.1034092821060622,,-0.541632950315585,-0.5231302703128694,,-0.1070854899161163,0.056577599918656,,-0.5555347676956657,,,,,-0.0888906080767445,,0.0103379931110625,-0.2500716253443526,-0.3899721448467966,0.0,-0.1954952057998129,0.0,-0.6307735373705328,,-0.1590534594934343,-0.1034092821060622,-0.4065592007444885,-0.1092906043704425,-0.1034092821060622,,-0.2221055670752513,-0.1965234097185661,-0.6961970142748175,,,,0.0,0.0,0.0,-0.5177299837339598,-0.0654671174201459,-0.5495659538428964,-0.1275666036740221,0.0605147772534056,0.0,0.0,-0.3750725498400529,,4.7689,-0.0645218313593777
2000-06-30,-0.5135055317898516,,,-0.4965356054687063,-0.3660507561923868,-0.6006461050558264,,-0.2164979112343421,-0.5068626328951664,,0.07612865291827,-0.3333800101603512,,-0.1999965183685075,-0.6034004982091005,,-0.4997112435148134,,-0.1624120208672662,-0.2156378408169818,,-0.3970576434398823,-0.9408698301671832,-0.7924866258056535,-0.6668201766868422,,,-0.6896245617484116,-0.58309502880054,-0.6916861316513465,-0.5847464310177007,-0.566077384407896,,,,0.1672206687677931,,-0.4923705284412932,,,-0.3179185900125891,,-0.0235625666394143,,-0.5359086681301034,,,,-0.3587405373406511,,,,,-0.5135055317898516,-0.6673507381492353,-0.4222894858536175,-0.6174464773517256,,,,-0.2270235514813105,,-0.4487855348080997,,,0.4777989988640477,,0.1402555868321241,-0.6460139066787675,-0.6556461435484402,-0.3433245245740782,,-0.1013511134066604,-0.0314486830154405,-0.5414711118303933,0.3317834344708015,,-0.1285025878993396,0.2737658602482442,,-0.5453133769878391,,,,,0.2187064830574036,,-0.2933967392715684,-0.205862258953168,-0.3899721448467966,0.0,-0.2427502338634237,0.0,-0.6307735373705328,,-0.1914145446515025,-0.1013511134066604,-0.4323809727555703,-0.1219193281119735,-0.1013511134066604,,-0.2537861886138743,-0.198139784052389,-0.6515745886455269,,,,0.0,0.0,0.0,-0.5614675582866437,-0.0731012577384551,-0.5652170230785518,-0.1269843332874102,0.0289185661210964,0.0,0.0,-0.3750725498400529,,5.0122,-0.1164957503690993
2000-03-31,-0.5164252624548709,,,-0.450051154387748,-0.375052038980975,-0.5999209606991596,,-0.1794499494621753,-0.5069536896273236,,0.0862374743737949,-0.3382680509059646,,-0.205500397486262,-0.6215256793872126,,-0.4992031583332281,,-0.185250959187202,-0.2426910656697822,,-0.4149630584296894,-0.9786207596993703,-0.7957241697460165,-0.6690709736194067,,,-0.6993215158838317,-0.5593573010203514,-0.7102487894591253,-0.5676022477378421,-0.5624441270801281,,,,0.4289600284456891,,-0.4924623115577889,,,-0.3179185900125891,,-0.0506742119123957,,-0.539046562141141,,,,-0.3692058983958401,,,,,-0.5164252624548709,-0.7242286062446507,-0.4255685878841383,-0.6206847587831689,,,,-0.2189973033773732,,-0.4285362368822978,,,0.3972337689897515,,0.0304351848180893,-0.6212713847191769,-0.675885793291124,-0.3894230384987084,,-0.1021728157391212,-0.0282697547683923,-0.4977342612073151,-0.1298762707857199,,-0.1070854899161163,0.2383812560372439,,-0.5575428749610227,,,,,-0.0697818350611171,,0.0,-0.3265454545454545,-0.3899721448467966,0.0,-0.2404554490177736,0.0,-0.6307735373705328,,-0.1815448383644486,-0.1021728157391212,-0.4344882176131441,-0.1236923985768467,-0.1021728157391212,,-0.256371558308617,-0.1986893513258887,-0.6708619374523265,,,,0.0,0.0,0.0,-0.5508042653171877,-0.0734674239779278,-0.5466525513444844,-0.1304519613933938,0.0465240820698195,0.0,0.0,-0.3750725498400529,,4.3309,-0.0336881479600083
1999-12-31,-0.5184257037954343,,,-0.448081094815833,-0.3815872886653155,-0.5992075276389585,,-0.0647664499636206,-0.50706751054252,,0.0964347369619142,,,,-0.5989195642881359,,-0.4938698418308739,,-0.2125370425536207,-0.2162586562151926,,-0.4290531366898894,-0.9783778890566904,,-0.6674162889590506,,,,-0.5311687492813774,,-0.5753125112657269,-0.5663069462317647,,,,0.4280726726553385,,-0.4925770404534086,,,,,-0.0641320769645205,,-0.5416839586305883,,,,-0.3775359461845232,,,,,-0.5184257037954343,-0.7064298528537096,-0.4284483121032497,-0.6235350443177362,,,,-0.2189973033773732,,,,,0.4222746507883009,,-0.0700286775297678,-0.5559320652054603,-0.6506424676022955,-0.4128349098303379,,-0.1364651930804838,,-0.5390030749312187,-0.1673365382089474,,0.2784222737819025,0.1566015673229862,,-0.5360399126909885,,,,,0.1010753520037134,-1.7259525296689568,-0.0541620943427407,-0.4857741046831956,-0.3286908077994429,,-0.2909991814780168,,-0.6270411495754409,,-0.2322268843324783,-0.1364651930804838,-0.4573684041631456,-0.1619778042107488,-0.1364651930804838,,-0.2844431612378277,-0.2033052546020486,-0.5989974937343359,,,,,,,-0.6230616302186879,-0.0837562695324142,-0.5997205166207918,-0.1275042175611709,0.0,,,,,5.7754,-0.092443813415521
1999-09-30,-0.5218647565356316,,,-0.4146975398881096,-0.3907312378567315,-0.5992070496268578,,-0.1717414563545907,-0.5072040956407557,,0.1144384035203541,,,,-0.538864240476787,,-0.5105041088627729,,-0.2488502221865951,-0.2412822922661501,,-0.4428603272257144,-1.0018391931395667,,-0.6569701310460662,,,-0.7740179412967323,-0.58309502880054,,-0.5913526533040124,-0.5789460904959197,,,,0.422197765353707,,-0.4927147151281522,,,,,-0.28177875902811,,-0.547377185573479,,,,-0.3856389715605581,,,,,-0.5218647565356316,-0.6591457488116595,-0.432042712405936,-0.6270899088111035,,,,-0.2170711747162317,,,,,-0.017875644434458,,-0.0267348583964371,-0.5080265590439245,-0.5835811396530346,-0.3073978085989328,,-0.1002868132427113,,-0.542361223498948,0.7601334489190112,,-0.1142245225771907,-0.0180844959945383,,-0.5544995322731525,,,,,0.5410026303574191,,-0.3989116906986089,-0.04566391184573,-0.3899721448467966,,-0.2773327876520112,,-0.6345059251656248,,-0.1984048787945708,-0.1002868132427113,-0.427535379250591,-0.1184612535960452,-0.1002868132427113,,-0.2478411506863697,-0.2099577895388253,-0.4979840906614362,,,,,,,-0.5868425808783662,-0.0860916437457954,-0.5624899428329452,-0.1407066786933228,-0.0672758309067175,,,,,6.018,0.0725822532402791
1999-06-30,-0.5213000523973736,,,-0.4427440243391905,-0.3912301672541916,-0.598100929625983,,-0.1663140479421076,-0.5073179165559522,,0.1292847216451788,,,,-0.4949049029867979,,-0.5147928527247251,,-0.2598110756349595,-0.2152319230566132,,-0.4427663015064379,-0.9403487622428884,,-0.6340422810524969,,,-0.5893140530030145,-0.58309502880054,,-0.5607774703486067,-0.5900665950021742,,,,-0.0010709466435265,,-0.4928294440237718,,,,,-0.3073381533488307,,-0.550200171954716,,,,-0.3855826811672581,,,,,-0.5213000523973736,-0.6245346976078452,-0.4349644763946693,-0.6299871109174707,,,,-0.1944483354950281,,,,,-0.0201475489645358,,-0.1188729862955767,-0.4227904181491565,-0.5344935424050563,-0.3259686231368099,,-0.1023762848881115,,-0.540904677132222,0.2637455013528778,,-0.135641620560414,-0.0160508980513774,,-0.5232179607109448,,,,,0.2520114497911186,,-0.1051778429560275,-0.2222369146005509,-0.3732590529247911,,-0.2066329513564078,,-0.6270411495754409,,-0.181621281872696,-0.1023762848881115,-0.4589194219517152,-0.1372546263048507,-0.1023762848881115,,-0.2863460983227906,-0.2075840283742968,-0.7058406886782173,,,,,,,-0.4907645038857762,-0.0826024201033781,-0.5393690450984544,-0.1415826836946095,0.1700304582120025,,,,,4.8047,-0.1010052656773576
1999-03-31,-0.5211758568180782,,,-0.4456453847996471,-0.3919257667210867,-0.5974835769980099,,-0.1737079086779541,-0.5073862091050699,,0.1378605634690697,,,,-0.4166900048641717,,-0.5160677993915601,,-0.2821684364282318,-0.2418314751184135,,-0.4444636278526876,-0.9407726819101112,,-0.6107288505019041,,,-0.5336312631497614,-0.58309502880054,,-0.5515035239193915,-0.5865172160331276,,,,0.0010709466435265,,-0.4928982813611436,,,,,-0.3048364673480998,,-0.5536071622908755,,,,-0.3861976886048007,,,,,-0.5211758568180782,-0.562952790363683,-0.4389792743935763,-0.6339430498210916,,,,-0.2530275158096829,,,,,-0.0479346889862562,,-0.1282559568647663,-0.3337526779054793,-0.4471541593056302,-0.3619015376481829,,-0.1023997620976104,,-0.4995144845444246,0.0860062521343946,,-0.1285025878993396,-0.0190577178673367,,-0.5599812909260992,,,,,0.0233637629583784,-1.689100562148657,-0.0768607313909432,-0.2200771349862259,-0.4066852367688022,,-0.1916949251637044,,-0.6307735373705328,,-0.1648971410127915,-0.1023997620976104,-0.4126563051547274,-0.1118797569366978,-0.1023997620976104,,-0.2295860783747605,-0.2073900634542381,-0.7414187643020596,,,,,,,-0.4950659678293873,-0.0764095271346214,-0.5538683040440397,-0.1391392276079344,-0.01907822070489,,,,,4.0767,0.0476365687933869
1998-12-31,-0.5208674100626783,,,-0.439000911152552,-0.3911161147344168,-0.5974704316652424,,-0.0733401820934851,-0.5073634449220307,,0.1434028744449772,,,,-0.3389320440821701,,-0.5035423951324809,,-0.30287502889557,-0.216091513607982,,-0.4451582833821699,-0.9493305601921768,,-0.5905733956790816,,,-0.5227663285442486,-0.58309502880054,,-0.5504377861494647,-0.5793875555418211,,,,0.0014687268254078,,-0.4928753355820197,,,,,-0.3085588555540066,,-0.5563129150184066,,,,-0.3871094999342891,,,,,-0.5208674100626783,-0.5017306492715219,-0.4416908395341993,-0.637006120692362,,,,-0.2530275158096829,,,,,-0.0364253704327853,,-0.0815921975974309,-0.2679207567859886,-0.360325019477028,-0.3420910158647867,,-0.0975712826773409,,-0.5401359443275611,,,-0.1403533821167231,-0.0149905219810149,,-0.5696476457748675,,,,,0.0668420238279436,,-0.014495664253555,-0.1154820936639118,-0.3844011142061281,,-0.1932296538821328,,-0.6195763739852571,,-0.157592539113595,-0.0975712826773409,-0.4221228620022035,-0.1134532101969165,-0.0975712826773409,,-0.241200556445051,-0.2075955739052527,-0.7839163125204315,,,,,,,-0.5335622627869149,-0.0768736215544182,-0.5371162396781707,-0.1419414038435044,0.1202262610034474,,,,,3.1897,0.0802896824152741
1998-09-30,-0.5210413746378181,,,-0.4470333813162236,-0.392634665598415,-0.5971358231947963,,0.0028008518671464,-0.5074089732881093,,0.1486032130415202,,,,-0.2745775786251591,,-0.501614196089322,,-0.3203595201793555,-0.2420941277868872,,-0.4459599336956565,-0.8686268535445867,,-0.5758267135165941,,,-0.5232416694332398,,,,-0.5761560314058234,,,,-0.562767161935453,,-0.4929212271402675,,,,,-0.359677644195448,,-0.5587690502432778,,,,-0.3891466539199164,,,,,-0.5210413746378181,-0.361062083839053,-0.4442342455963341,-0.6391289917685808,,,,-0.2769043431745404,,,,,-0.2021745371930744,,-0.1911747214843595,-0.1533908834434993,-0.2884630155925954,-0.3443472830516315,,-0.1009441751086799,,-0.5411069752387118,,,-0.1679814385150812,-0.0770878877453935,,-0.576326785157468,,,,,0.1132600959306823,,0.025620243796981,-0.099900826446281,-0.4011142061281337,,-0.1998362956033676,,-0.6195763739852571,,-0.1629775595834678,-0.1009441751086799,-0.4190315230994684,-0.1142869055810622,-0.1009441751086799,,-0.2374078059791595,-0.2071360617732088,-0.743543641712978,,,,,,,-0.4853424905114766,-0.0767011828021084,-0.5458564471734068,-0.14008281756481,0.1089801519563543,,,,,3.2863,0.2205824179168059
1998-06-30,-0.5190864666338781,,,-0.4593193891919845,-0.3907429252174151,-0.5952156485865362,,-0.0115935791398737,-0.5059748297566343,,0.155062363758655,,,,-0.1694819902814832,,-0.4841562630177104,,-0.3471292730017226,-0.2153274331178764,,-0.4461042145407533,-0.8753565782617527,,-0.5488502676742765,,,-0.4853502099965139,,,,-0.5558751271971164,,,,-0.530118588545657,,-0.4914756430554599,,,,,-0.4186481099837617,,-0.5605519035769431,,,,-0.3895364997842589,,,,,-0.5190864666338781,-0.2675228843187412,-0.4454113591457518,-0.64036875179862,,,,-0.2677757259996922,,,,,1.5998701768839956,,0.4794169342795596,-0.3105575675118531,-0.1711070633030845,-0.324357003717635,,-0.0968513149193753,,-0.5411878944813077,,,-0.1443512404069248,-0.0618213774720925,,-0.5912878079201747,,,,,0.2099644128113879,,0.3189046135782118,0.0240440771349862,-0.4066852367688022,,-0.1965768241347053,,-0.6195763739852571,,-0.1590874343859887,-0.0968513149193753,-0.4212778247242932,-0.1124492530793889,-0.0968513149193753,,-0.2401637838263471,-0.2043466614942688,-0.7671352293777923,,,,,,,-0.4956443159226459,-0.0739464205121218,-0.5395553673512598,-0.1379097013004905,0.1196907320012049,,,,,4.2529,-0.1022831479696208
1998-03-31,,,,,,,,,,,,,,,,,,,,,,,,,,,,,,,,,,,,,,,,,,,,,,,,,,,,,,,,,,,,,-0.2886559461261697,,,,,-0.0527281578848818,,-0.0696850757906143,-0.2452503741898175,-0.3321519098460492,-0.3588890490415714,,-0.0978921378738256,,-0.5081728435021848,,,-0.1700517579867927,-0.1543065067871331,,-0.5959151855316496,,,,,0.020423951725205,,-0.2441789025036837,-0.0823801652892562,-0.3844011142061281,,-0.20315423292797,,-0.623308761780349,,-0.1556644639611327,-0.0978921378738256,-0.420122583888669,-0.1125960304357526,-0.0978921378738256,,-0.2387464237906506,-0.2052518311212096,-0.7367331371908031,,,,,,,-0.5015723838785469,-0.0750236304956869,-0.530798221469405,-0.1402725753247327,0.0979348662851022,,,,,4.3495,0.2333371651914013
1997-12-31,-0.5275310096582485,,,-0.444911089868297,-0.3901110017156239,-0.608965905667419,,0.0496024171631958,-0.503220363608881,,-0.0538326433912548,,,,-0.3920596082130802,,-0.4804513437432939,,-0.2928686422461856,-0.2157094733629292,,-0.4473881519488046,-0.8723670614418567,,-0.5989130536777743,,,-0.4668119153258577,,,,-0.5540562912080029,,,,-0.5132588285289956,,-0.4886992037814644,,,,,-0.4438458147622079,,-0.5629860349468111,,,,-0.3893532070986373,,,,,-0.5275310096582485,-0.4374872461932002,-0.4479757850926977,-0.642823360404645,,,,-0.2886559461261697,,,,,-0.1058557715113158,,-0.2125573220209068,-0.1259390526521509,-0.2692109334708613,-0.3770631572608824,,-0.0960296125869145,,-0.5372228515941091,,,-0.0257719079064786,-0.0584223637670949,,-0.5816775802931088,,,,,0.4265820826241683,,9.668945165592254,-0.1973112947658402,-0.3342618384401114,,-1.5402391253507952,,-0.6270411495754409,,-0.2018278492194268,-0.0960296125869145,0.4378148833527656,0.3596982757770393,-0.0960296125869145,,0.8138533819785296,-0.2044228619985776,8.617304129889943,,,,,,,-0.9067052232062172,-0.0865110318224008,-0.5253779377514292,-0.1401711978913493,-5.656391203936138,,,,,4.1408,-0.0896445131375578
1997-09-30,,,,,,,,,,,,,,,,,,,,,,,,,,,,,,,,,,,,,,,,,,,,,,,,,,,,,,,,,,,,,-0.292131900019785,,,,,-0.0359260507558451,,-0.0634870290343469,-0.0631430566465074,-0.14297784556637,-0.3493309061786186,,-0.0984164622193006,,-0.5423207638776502,,,-0.185614849187935,-0.0243305468199612,,-0.5949423136888058,,,,,0.1326009593068234,,-0.1759706218687384,-0.0518347107438016,-0.3732590529247911,,-0.1863745322731524,,-0.6158439861901651,,-0.1443508247405167,-0.0984164622193006,-0.4089659524853723,-0.1068658424433145,-0.0984164622193006,,-0.2250584004829523,-0.2033283456639603,-0.7424539609894301,,,,,,,-0.5075365985902766,-0.0710107039758841,-0.5260554732161762,-0.1388350953077844,0.0986712186631857,,,,,7.7519,-0.1055870173763851
1997-06-30,,,,,,,,,,,,,,,,,,,,,,,,,,,,,,,,,,,,,,,,,,,,,,,,,,,,,,,,,,,,,-0.3412063209420592,,,,,0.995818197705626,,0.5186800407035906,-0.2362175599621981,-0.0786323285747204,-0.3362829874195294,,-0.0977512746168323,,-0.5419161676646707,,,3.0340888809566304,-0.0654528023705941,,-0.599650763953851,,,,,0.0668420238279436,,-0.0460714910384308,0.0111955922865013,-0.3899721448467966,,-0.173672825070159,,-0.6121115983950732,,-0.1375643399527749,-0.0977512746168323,-0.4027939713543059,-0.1029791780468043,-0.0977512746168323,,-0.2174860232552035,-0.2039841318222542,-0.7583632995532309,,,,,,,-0.4813663473703235,-0.0700718707688639,-0.5248020326063942,-0.139765688157816,0.1084446229541118,,,,,7.4149,-0.116886269538362
1997-03-31,,,,,,,,,,,,,,,,,,,,,,,,,,,,,,,,,,,,,,,,,,,,,,,,,,,,,,,,,,,,,-0.3409497094535675,,,,,0.0115842165050119,,0.0008325734448717,-0.199481259775063,-0.2559775273501366,-0.3426054943716771,,-0.0984555909017987,,-0.3904758051464638,,,-0.1654113867570944,-0.0170531713233638,,-0.5990832553788588,,,,,0.0358966424261179,,-0.1919270894966828,-0.0132892561983471,-0.3676880222841225,,-0.1694194340505145,,-0.6195763739852571,,-0.1358825827713319,-0.0984555909017987,-0.4028046680287099,-0.1035134476239681,-0.0984555909017987,,-0.2174991469592377,-0.2042381335032835,-0.7742726381170317,,,,,,,-0.4813663473703235,-0.0700058756908194,-0.5238365445691298,-0.1401997915264062,0.1179502627439167,,,,,8.6667,-0.1111149572501644
1996-12-31,-0.5174587633047445,,,-0.4364846077902424,-0.384252006901185,-0.5965796561157047,,0.2942290861896053,-0.5129634339496945,,0.2068240106283274,,,,-0.3976951687474512,,-0.4739724687259369,,-0.2957767250940531,-0.2155184532404028,,-0.4502170291925541,-0.8687372492912593,,-0.585586869211561,,,-0.3109951719145472,,,,-0.558757893946852,,,,-0.348486037803549,,-0.4985199972465065,,,,,-0.4790502635435779,,-0.5530092706569756,,,,-0.3835450619717687,,,,,-0.5174587633047445,-0.3975415979613251,-0.4358683314415437,-0.6308550674957683,,,,-0.3409497094535675,,,,,0.0317791067170979,,-0.0232908500178408,-0.1473329795704192,-0.2125574709490524,-0.3569715564677534,,-0.0963290429515547,,-0.5415402787667907,,,0.2498661431376048,-0.0174805038965189,,-0.5923803769878391,,,,,-0.536592913507659,,-0.563528145299738,-0.0880542265564738,-0.3899721448467966,,-0.1604449251637044,,-0.6195763739852571,,-0.0750080690369816,-0.0963290429515547,-0.8013841496678683,-0.3206867638528468,-0.0963290429515547,,-0.7065146066825901,-0.1163235334866579,-0.6991936362645744,,,,,,,-1.8165190674137,-0.0698164059506271,-1.4721321194156256,-0.1357235879293269,2.535395119991967,,,,,10.7075,-0.1006584169974317
1996-09-30,-0.5171315641499098,,,-0.4387127888655815,-0.385491710118796,-0.595335048569017,,0.0040149945922561,,,0.2189042645558783,,,,-0.3810434969463811,,-0.49161740882869,,-0.3025227254816335,-0.2415338681552689,,-0.4518754938660376,-0.3046741394430756,,-0.5756940493809335,,,-0.2400486237196096,,,,-0.5623432860892157,,,,-0.3340098867912324,,,,,,,-0.4552599834979146,,-0.5541277159908327,,,,-0.3823749817858708,,,,,-0.5171315641499098,-0.3642226506835073,-0.4374950206247109,-0.6324701208895777,,,,-0.355727025581276,,,,,-0.0784266786503389,,-0.0539445254992136,-0.0884032192050373,-0.1648996777786312,-0.3469101341172833,,-0.0985553587904541,,-0.542039576387765,,,-0.2998393717651258,-0.0170353510498449,,-0.5951593954474587,,,,,0.194491722110475,,0.2593244691889453,-0.042460641983471,-0.3676880222841225,,-0.2133419083255379,,-0.6158439861901651,,-0.0752883619005554,-0.0985553587904541,-0.2608277086653759,-0.0256612623439756,-0.0985553587904541,,-0.0433082233129478,-0.2023793030193872,-0.6937452326468345,,,,,,,0.140972347731791,-0.0698866587756422,-0.5427567224221893,-0.1352037036555662,-1.1754861599223485,,,,,11.6635,-0.0491790628884983
1996-06-30,-0.5164456945140461,,,-0.4303469496090103,-0.3859592396928561,-0.5939885131756268,,-0.0028008518671465,-0.5128723772175373,,0.2300274141772461,,,,-0.3800466406752846,,-0.488512638634671,,-0.3025253701366095,-0.2153537669131928,,-0.4517127658151665,-0.8698907534288919,,-0.5613982494857098,,,-0.0913392891893216,,,,-0.5624578661345542,,,,-0.261838740160583,,-0.4984282141300107,,,,,-0.4478183259048832,,-0.555489938455939,,,,-0.3833723518986959,,,,,-0.5164456945140461,-0.3210794901378619,-0.4391264135872535,-0.6341405610049072,,,,-0.3306032154293712,,,,,-0.060162219475964,,0.015012255613263,-0.0574119514787417,-0.1045157976254485,-0.2958163280732761,,-0.0993372782871027,,-0.5420581052759347,,,-0.235588077815456,-0.0199821293223034,,-0.5756593415653258,,,,,0.124864613956367,,0.0537620971627654,0.0702897469972451,-0.3955431754874652,,-0.1154115996258185,,-0.6158439861901651,,-0.0353678631491327,-0.0993372782871027,-0.2105533389669152,0.00134626199171,-0.0993372782871027,,0.0183731856479172,-0.203533856114975,-0.6991936362645744,,,,,,,0.0686788360744623,-0.0598809533947016,-0.5512259157315266,-0.1352037036555662,-0.8541687585768317,,,,,12.3328,-0.104482155681144
1996-03-31,-0.5173815448651803,,,-0.4406926691844625,-0.3874512868428932,-0.594585265714379,,-0.1288235706841287,-0.5129861981327337,,0.2214955394178859,,,,-0.2682104443592805,,-0.4971831044635756,,-0.3335009657787075,-0.2415362738149369,,-0.4534916976667842,-0.8704255334764063,,-0.5560054604286747,,,-0.3228588005798758,,,,-0.5626731696086633,,,,-0.2306778071258891,,-0.4985429430256304,,,,,-0.4530622434547379,,-0.5574280747185987,,,,-0.3838165219282483,,,,,-0.5173815448651803,-0.298972011702071,-0.4412914617227897,-0.6362991389345527,,,,-0.3960298094044714,,,,,0.40253187007702,,0.2127500200874862,-0.1065360108907789,-0.0727598056686381,-0.3329686746661093,,-0.0998119783853157,,-0.3939216495387603,,,1.3349991076209171,-0.0170328840050258,,-0.5932025075148113,,,,,-0.0027850843261643,,-0.3177018285327562,0.0001920634710743,-0.3454038997214484,,-0.1387979420018709,,-0.6270411495754409,,-0.0625477771926546,-0.0998119783853157,-0.2447826970594842,-0.0177973733898524,-0.0998119783853157,,-0.0236226672616079,-0.2330904153620216,-0.6991936362645744,,,,,,,0.0108440267485993,-0.0666933485476825,-0.6155917848824899,-0.1391028357087712,-0.767145295712421,,,,,13.8624,-0.0728456636187309
1995-12-31,-0.5202005743478266,,,-0.4571712250412481,-0.3814804374176092,-0.6013171458901296,,0.1880796019900497,-0.5134187176104801,,0.2275028381387565,,,-0.3058352143814591,-0.2614523340654157,,-0.4720099556293313,-1.5671747328724073,-0.3172183193038013,-0.2152944348692603,,-0.4417432143745871,-0.9410288580663964,,-0.5691754414092222,,,-0.4677727941165907,,,,-0.5500963663012072,,,,-0.6075038417782083,,-0.4989789128289851,,,,,-0.4321870481988991,,-0.5587808387779347,,,,-0.3806350542190463,,,,,-0.5202005743478266,-0.3349282950082446,-0.4432463110102156,-0.6381437399617869,,,,-0.3960298094044714,,,,,-0.0201443333458163,,0.0198316212715907,-0.0781407508961868,-0.1237552967640701,-0.2911371040890172,,-0.1057752395262299,,-0.5405033735232239,,,-0.0713903266107442,-0.0167493334882741,,-0.57560251393826,,,,,0.0320284697508896,,0.3054588837708806,0.0867256579614325,-0.3732590529247911,,-0.1212581852198316,,-0.5859848838294299,,-0.0583009156233543,-0.1057752395262299,-0.2394343598575203,-0.0193356375421251,-0.1057752395262299,,-0.0170608152444946,-0.2051502304487978,,,,,,,,-0.0144587023314657,-0.0656289118050292,-0.537675206436587,-0.1391028357087712,-0.6801218328480102,,,,,9.3958,0.3962882209958585
1995-09-30,-0.5208660685114097,,,-0.4393008204850376,-0.3847639965494074,-0.6004217285084864,,-0.1020053951585944,-0.5129634339496945,,0.2309827735398831,,,-0.3058352143814591,-0.1923538943836013,,-0.4917104566455017,,-0.3371018649595922,-0.2430868696309885,,-0.4433289636906716,-0.9432578303261532,,-0.5604005500247934,,,-0.5851164683633011,,,,-0.5562359728234119,,,,-0.5747400437091115,,-0.4985199972465065,,,,,-0.4528173758670188,,-0.5609123733177647,,,,-0.3815212427151043,,,,,-0.5208660685114097,-0.3139482763429577,-0.4453062597216967,-0.640312972597141,,,,-0.3692552338660628,,,,,-0.0145305523723926,,0.0842139611994343,-0.075187209278044,-0.0940000980435188,-0.2973298172877101,,-0.0998974390277305,,-0.5393977342612073,,,-0.1070854899161163,-0.0159633237705811,,-0.5861556866853758,,,,,0.2099644128113879,,-0.1025960921123007,0.102001485399449,-0.3899721448467966,,-0.102256782039289,,-0.6270411495754409,,-0.0557527986817741,-0.0998974390277305,-0.2362253575363419,-0.0131646130361776,-0.0998974390277305,,-0.0131237040342266,-0.2086138897355611,,,,,,,,-0.0506054581601301,-0.0649902497594372,-0.5512259157315266,-0.1409224306669335,-0.5864042574555678,,,,,10.4398,-0.100919293564945
1995-06-30,-0.5223957090563499,,,-0.450342204004146,-0.387247455431862,-0.6013823865781851,,-0.2229230047391501,-0.5136691236239123,,0.2189792593639964,,,-0.3058352143814591,-0.1935631107114956,,-0.5030944577374115,,-0.3356401482200622,-0.2156270820861308,,-0.442573861530917,-0.94149367083521,,-0.5612064806290178,,,-0.5742824396075202,,,,-0.5704515355699424,,,,-0.4905085569061371,,-0.4992313163993483,,,,,-0.4178475930691241,,-0.5626132271340718,,,,-0.3827098176679727,,,,,-0.5223957090563499,-0.3118143842631322,-0.4478706856686425,-0.6427523818406917,,,,-0.3685506386159291,,,,,0.0186585746919821,,0.1235120552670182,-0.0881556624822301,-0.0909736763850635,-0.2815224742133638,,-0.0995665991305606,,-0.5393106068943195,,,0.0,-0.0056945904842141,,-0.5743198397256002,,,,,0.1055237505802259,,0.0186826694515002,0.1163771433608815,-0.3844011142061281,,-0.0905636108512628,,-0.623308761780349,,-0.0370666077768529,-0.0995665991305606,-0.2126926738477007,0.0,-0.0995665991305606,,0.0157484448410719,-0.2083829791164436,,,,,,,,0.0,-0.0603067280917629,-0.5461443997459242,-0.1414423149406942,-0.6131807075676942,,,,,10.1551,-0.046725290740613
1995-03-31,-0.5243300653316398,,,-0.4450584350115405,-0.3875268311655966,-0.6042718333138345,,-0.2608094594222563,-0.5142837565659729,,0.2048735177146975,,,,-0.1786221337499816,,-0.4949606644239387,-1.5671747328724073,-0.3414993087353767,-0.2420899745318732,,-0.4439353849177882,-0.9420888573598636,,-0.563373284845668,,,-0.6484757616430906,,,,-0.5520541838746063,,,,-0.6272792895261022,,-0.4998508524356944,,,,,-0.3877034537583688,,-0.5645890932283497,,,,-0.3842313435237554,,,,,-0.5243300653316398,-0.3211839084337116,-0.4505822508092655,-0.6454418593473354,,,,-0.3743795569624891,,,,,-0.1384336216904467,,-0.0196652230107441,-0.0431144860210907,-0.1042621323230882,-0.3196884023508654,,-0.1009802717095712,,-0.3953020084156012,,,-0.2109914317330001,-0.0191345376106676,,-0.5935252777673838,,,,,-0.0685440198050441,,-0.5026140907830461,0.048550001983471,-0.3788300835654596,,-0.1007951356407857,,-0.6382383129607166,,-0.0574515433094942,-0.1009802717095712,-0.2383646924171275,-0.0151512043375644,-0.1009802717095712,,-0.0157484448410719,-0.2330904153620216,,,,,,,,-0.0614494849087294,-0.0654160244564986,-0.6155917848824899,-0.1432619098988565,-0.5864042574555678,,,,,9.1111,0.0729220401488293
1994-12-31,-0.5241754961199282,,,-0.4565448206014502,-0.3851654959168795,-0.6054280120635913,,0.0308190305390045,,,0.1935263458495374,,,,-0.1078133395732303,,-0.4695317107953899,,-0.3581354962536395,-0.2148506232533104,,-0.4431182454314443,-0.4073436342721387,,-0.5549266489052611,,,-0.7297928812270426,,,,-0.5378854331103199,,,,-0.6513211252489319,,,,,,,-0.3801653029715056,,-0.5656928320927308,,,,-0.3852541600949958,,,,,-0.5241754961199282,-0.2885954690741341,-0.4520209204712658,-0.6468161115970863,,,,-0.3743795569624891,,,,,-0.0968191002259421,,-0.0839082620359724,0.0280201780326456,-0.0580431320158449,-0.3359855194800109,,-0.0963988126010009,,-0.5360760661110212,,,-0.0429824665357843,-0.0137883085549107,,-0.587945297786093,,,,,,,-0.3530003801212645,-0.0291125392837465,,,-0.1387979420018709,,,,-0.0965226697470569,-0.0963988126010009,-0.2875693946751955,-0.0387210945481018,-0.0963988126010009,,-0.0761174833985144,,,,,,,,,-0.1337429965660582,-0.0752088424889085,,,,,,,,7.8925,-0.0282511754482869
1994-09-30,-0.523859484911315,,,-0.4637328706678278,-0.3883320670991527,-0.6029996759818876,,-0.2472436520952549,,,0.2004388483771433,,,-0.3058352143814591,-0.0656514835723656,,-0.4947812549388404,,-0.3704904253902005,-0.2412327356769879,,-0.4442311744541848,-0.3829642973973098,,-0.540088770471327,,,-0.6650562568921491,,,,-0.5527230760401468,,,,-0.5811139001562059,,,,,,,-0.4028867798704699,,-0.567578688600903,,,,-0.3851872999894165,,,,,-0.523859484911315,-0.2369601033263862,-0.4539018659582965,-0.6486737608142309,,,,-0.3515397202254025,,,,,0.0306411716536219,,0.1689013047615271,-0.0033381592227602,0.0147804021594812,-0.289892324767259,,-0.1032269279680083,,-0.5381836413659169,,,-0.1980801963233981,0.0683135476842403,,-0.6143715504209541,,,,,,,0.0779473364966438,0.2281566939944903,,,-0.118334892422825,,,,-0.0574515433094942,-0.1032269279680083,-0.2383646924171275,-0.0168367109542876,-0.1032269279680083,,-0.0157484448410719,,,,,,,,,-0.0180733779143321,-0.0654160244564986,,,,,,,,10.8052,-0.1043479065635064
1994-06-30,-0.5254906507360497,,,-0.4687887477361105,-0.3903650415364768,-0.6043711985926368,,-0.2126865970542544,,,0.1922854289666755,,,-0.3058352143814591,-0.0794437061548968,,-0.4994459199497595,,-0.3662139735245686,-0.215879249421304,,-0.4437137430341937,-0.4001797609711293,,-0.5477716922657299,,,-0.7074842050338358,,,,-0.5658754990431245,,,,-0.5527843921588624,,,,,,,-0.3718001466349686,,-0.5683519158233509,,,,-0.3868463897877131,,,,,-0.5254906507360497,-0.2599044609648889,-0.4552366089923067,-0.6499919725164383,,,,-0.362007979951197,,,,,-0.1311349401440537,,0.0832646617505187,0.0,-0.0173517169411738,-0.2865019732682425,,-0.1046274393016312,,,,,-0.2481611329644833,-0.0685807059490002,,-0.6156426556283131,,,,,,,0.3767962153470218,0.2447028482644628,,,-0.1197965388213283,,,,-0.0608490325649345,-0.1046274393016312,-0.2426433621786986,-0.0202358528351514,-0.1046274393016312,,-0.0209979264547625,,,,,,,,,-0.0289174046629315,-0.0662675738506212,,,,,,,,9.067,0.0803021947722509
1994-03-31,-0.5258350331359024,,,-0.4584511164193272,-0.3904330535526957,-0.604874974340908,,0.1228187969244685,,,0.1843849645795189,,,,-0.0607097942799306,,-0.4942291340461253,,-0.3729285526168908,-0.2418169518584978,,-0.4450081726101459,-0.4037647904688728,,-0.5456688971418993,,,-0.7508006356474988,,,,-0.572612291976152,,,,-0.5104370273241686,,,,,,,-0.375214561470268,,-0.5690831691701463,,,,-0.3876939246290242,,,,,-0.5258350331359024,-0.2574926881011214,-0.4560412202085172,-0.6507866182976187,,,,-0.2991984435797665,,,,,2.404245358199453,,1.3159443925517715,-0.4960937026774502,-0.0139311870562804,-0.3358706076682142,,-0.1069136426064397,,,,,-0.2376995445297162,1.4128387724331273,,-0.6161443236669785,,,,,,,-0.5821855889243525,0.0709481185674931,,,-0.1110266604303087,,,,-0.0786858511559957,-0.1069136426064397,-0.265106378426947,-0.0342803267263952,-0.1069136426064397,,-0.0485577049266384,,,,,,,,,-0.1265136454003253,-0.0707382081697649,,,,,,,,9.5031,-0.1101535288484809
1993-12-31,-0.5411365347429002,,,-0.4598252120164678,-0.4323467215300931,-0.6041938736200537,,0.0759633822979961,,,0.1749180499846175,,,-0.3058352143814591,-0.5199634292901748,,-0.485777671013267,,-0.3888786477042343,,,,-0.3803085689178567,,-0.6530265420890727,,,-0.7120084746259044,,,,-0.5546474959881864,,,,-0.4875147221983262,,,,,,,-0.5281620165699021,,-0.5709557777974971,,,,-0.4373220451835078,,,,,-0.5411365347429002,-0.6080330169776742,-0.4560903605120444,-0.6508351499786307,,,,-0.2991984435797665,,,,,,,,,,,,,,,,,,,,,,,,,,,,,,,-0.1081033676333021,,,,-0.0413134693461531,,,-0.0190636278665617,,,0.0091865928239586,,,,,,,,,0.025302729080065,-0.0613711648344162,,,,,,,,9.6894,-0.0673106693912934
1993-09-30,,,,,,,,,,,,,,,,,,,,,,,,,,,,,,,,,,,,,,,,,,,,,,,,,,,,,,,,,,,,,-0.4143492565968329,,,,,,,,,,,,,,,,,,,,,,,,,,,,,,,-0.1548760523854069,,,,-0.0650958941342348,,,-0.0355026917792938,,,-0.0275597784718759,,,,,,,,,0.0397614314115308,-0.0673320105932744,,,,,,,,8.7577,0.2340454685590965
1993-06-30,,,,,,,,,,,,,,,,,,,,,,,,,,,,,,,,,,,,,,,,,,,,,,,,,,,,,,,,,,,,,-0.4021362893593322,,,,,,,,,,,,,,,,,,,,,,,,,,,,,,,-0.1300280636108512,,,,-0.054054054054054,,,-0.0278702692483825,,,-0.0104989632273812,,,,,,,,,0.025302729080065,-0.0645644750623759,,,,,,,,8.0124,0.0581348909190754
1993-03-31,,,,,,,,,,,,,,,,,,,,,,,,,,,,,,,,,,,,,,,,,,,,,,,,,,,,,,,,,,,,,-0.4143492565968329,,,,,,,,,,,,,,,,,,,,,,,,,,,,,,,-0.1534144059869036,,,,-0.0812339680975759,,,-0.0466577708629334,,,-0.0524948161369064,,,,,,,,,-0.0325320802457979,-0.0713768702153568,,,,,,,,3.8385,0.6990230558812037
1992-12-31,,,,,,,,,,,,,,,,,,,,,,,,,,,,,,,,,,,,,,,,,,,,,,,,,,,,,,,,,,,,,-0.4143492565968329,,,,,,,,,,,,,,,,,,,,,,,,,,,,,,,-0.1563376987839101,,,,-0.0871795742945962,,,-0.0507675368411164,,,-0.0616814089608651,,,,,,,,,-0.0506054581601301,-0.0728670816550714,,,,,,,,3.1073,-0.0882116306761496
1992-09-30,,,,,,,,,,,,,,,,,,,,,,,,,,,,,,,,,,,,,,,,,,,,,,,,,,,,,,,,,,,,,-0.4143492565968329,,,,,,,,,,,,,,,,,,,,,,,,,,,,,,,-0.1139499532273152,,,,-0.054054054054054,,,-0.0278702692483825,,,-0.0104989632273812,,,,,,,,,-0.0144587023314657,-0.0645644750623759,,,,,,,,3.5643,-0.102572735179418
1992-06-30,,,,,,,,,,,,,,,,,,,,,,,,,,,,,,,,,,,,,,,,,,,,,,,,,,,,,,,,,,,,,-0.4038810041988173,,,,,,,,,,,,,,,,,,,,,,,,,,,,,,,-0.1256431244153414,,,,-0.0566021709956342,,,-0.0296315975247466,,,-0.0144360744376492,,,,,,,,,0.0036146755828664,-0.0652031371079679,,,,,,,,3.1987,0.0857223246944071
1992-03-31,,,,,,,,,,,,,,,,,,,,,,,,,,,,,,,,,,,,,,,,,,,,,,,,,,,,,,,,,,,,,-0.3410714678273868,,,,,,,,,,,,,,,,,,,,,,,,,,,,,,,-0.1636459307764265,,,,-0.069342755703535,,,-0.0384382389065674,,,-0.0341216304889892,,,,,,,,,0.0433761069943972,-0.0683964473359277,,,,,,,,3.016,-0.151525198938992
1991-12-31,,,,,,,,,,,,,,,,,,,,,,,,,,,,,,,,,,,,,,,,,,,,,,,,,,,,,,,,,,,,,-0.3410714678273868,,,,,,,,,,,,,,,,,,,,,,,,,,,,,,,-1.1721819457436855,,,,-0.0175310445580715,,,-0.0026245639538297,,,0.0459329641197931,,,,,,,,,2.757997469727092,-0.0554103190755579,,,,,,,,2.7352,0.1803158818367945
1991-09-30,,,,,,,,,,,,,,,,,,,,,,,,,,,,,,,,,,,,,,,,,,,,,,,,,,,,,,,,,,,,,-0.435285768720643,,,,,,,,,,,,,,,,,,,,,,,,,,,,,,,-0.1504911131898971,,,,-0.0370666077768529,,,-0.0161280807392881,,,0.0157484448410719,,,,,,,,,0.1482016988975239,-0.0603067280917629,,,,,,,,2.78,0.0
1991-06-30,,,,,,,,,,,,,,,,,,,,,,,,,,,,,,,,,,,,,,,,,,,,,,,,,,,,,,,,,,,,,-0.4224912323125737,,,,,,,,,,,,,,,,,,,,,,,,,,,,,,,-0.1475678203928905,,,,-0.0472590755431735,,,-0.0231733938447447,,,0.0,,,,,,,,,0.0975962407373938,-0.0628613762741307,,,,,,,,3.4078,-0.0256468906361687
1991-03-31,,,,,,,,,,,,,,,,,,,,,,,,,,,,,,,,,,,,,,,,,,,,,,,,,,,,,,,,,,,,,-0.4224912323125737,,,,,,,,,,,,,,,,,,,,,,,,,,,,,,,-0.1958021515434986,,,,-0.0820833404114359,,,-0.0472448802883881,,,-0.0538071865403291,,,,,,,,,0.0686788360744623,-0.0715897575638875,,,,,,,,3.4078,-0.0512937812723374
1990-12-31,,,,,,,,,,,,,,,,,,,,,,,,,,,,,,,,,,,,,,,,,,,,,,,,,,,,,,,,,,,,,-0.4224912323125737,,,,,,,,,,,,,,,,,,,,,,,,,,,,,,,-0.7000701590271281,,,,-0.0778364788421356,,,-0.0443093331611145,,,-0.0472453345232158,,,,,,,,,1.3338152900777156,-0.0705253208212342,,,,,,,,4.33,-0.102055427251732
1990-09-30,,,,,,,,,,,,,,,,,,,,,,,,,,,,,,,,,,,,,,,,,,,,,,,,,,,,,,,,,,,,,-0.4550591425033158,,,,,,,,,,,,,,,,,,,,,,,,,,,,,,,-0.1899555659494855,,,,-0.0591502879372144,,,-0.0313929258011108,,,-0.0183731856479172,,,,,,,,,0.1518163744803904,-0.0658417991535599,,,,,,,,4.5951,-0.1320621770508605
1990-06-30,,,,,,,,,,,,,,,,,,,,,,,,,,,,,,,,,,,,,,,,,,,,,,,,,,,,,,,,,,,,,-0.4481697773087999,,,,,,,,,,,,,,,,,,,,,,,,,,,,,,,-0.2060336763330215,,,,-0.0583009156233543,,,-0.030805816375656,,,-0.0170608152444946,,,,,,,,,0.1951924814747876,-0.0656289118050292,,,,,,,,4.6834,0.0566041764530043
1990-03-31,,,,,,,,,,,,,,,,,,,,,,,,,,,,,,,,,,,,,,,,,,,,,,,,,,,,,,,,,,,,,-0.450988150981556,,,,,,,,,,,,,,,,,,,,,,,,,,,,,,,-0.1358746492048643,,,,-0.0336691185214126,,,-0.0137796430374693,,,0.0209979264547625,,,,,,,,,0.1265136454003253,-0.0594551786976403,,,,,,,,6.0089,-0.1329517579721996
1989-12-31,,,,,,,,,,,,,,,,,,,,,,,,,,,,,,,,,,,,,,,,,,,,,,,,,,,,,,,,,,,,,-0.450988150981556,,,,,,,,,,,,,,,,,,,,,,,,,,,,,,,,,,,-0.1177569775935583,,,-0.0719034761574862,,,-0.1089267434840809,,,,,,,,,,-0.0805310262021748,,,,,,,,5.7655,0.0714309076042518
1989-09-30,,,,,,,,,,,,,,,,,,,,,,,,,,,,,,,,,,,,,,,,,,,,,,,,,,,,,,,,,,,,,-0.450988150981556,,,,,,,,,,,,,,,,,,,,,,,,,,,,,,,,,,,-0.1245519561044388,,,-0.0766003515611239,,,-0.1194257067114622,,,,,,,,,,-0.08223412499042,,,,,,,,5.8529,0.0606192004162691
1989-06-30,,,,,,,,,,,,,,,,,,,,,,,,,,,,,,,,,,,,,,,,,,,,,,,,,,,,,,,,,,,,,-0.450988150981556,,,,,,,,,,,,,,,,,,,,,,,,,,,,,,,,,,,-0.1211544668489986,,,-0.0742519138593051,,,-0.1141762250977715,,,,,,,,,,-0.0813825755962974,,,,,,,,5.2414,0.0666615789674514
1989-03-31,,,,,,,,,,,,,,,,,,,,,,,,,,,,,,,,,,,,,,,,,,,,,,,,,,,,,,,,,,,,,-0.450988150981556,,,,,,,,,,,,,,,,,,,,,,,,,,,,,,,,,,,-0.1041670205717974,,,-0.0625097253502107,,,-0.0879288170293183,,,,,,,,,,-0.0771248286256844,,,,,,,,7.1632,-0.1097554165735984
1988-12-31,,,,,,,,,,,,,,,,,,,,,,,,,,,,,,,,,,,,,,,,,,,,,,,,,,,,,,,,,,,,,-0.450988150981556,,,,,,,,,,,,,,,,,,,,,,,,,,,,,,,,,,,-0.1237025837905787,,,-0.0760132421356692,,,-0.1181133363080395,,,,,,,,,,-0.0820212376418894,,,,,,,,6.6168,0.0297839321952966
1988-09-30,,,,,,,,,,,,,,,,,,,,,,,,,,,,,,,,,,,,,,,,,,,,,,,,,,,,,,,,,,,,,-0.450988150981556,,,,,,,,,,,,,,,,,,,,,,,,,,,,,,,,,,,-0.1075645098272376,,,-0.0648581630520296,,,-0.093178298643009,,,,,,,,,,-0.077976378019807,,,,,,,,7.5499,-0.056172929442774
1988-06-30,,,,,,,,,,,,,,,,,,,,,,,,,,,,,,,,,,,,,,,,,,,,,,,,,,,,,,,,,,,,,-0.450988150981556,,,,,,,,,,,,,,,,,,,,,,,,,,,,,,,,,,,-0.1194557222212784,,,-0.0730776950083956,,,-0.1115514842909262,,,,,,,,,,-0.0809568008992361,,,,,,,,10.1797,-0.1000029470416614
1988-03-31,,,,,,,,,,,,,,,,,,,,,,,,,,,,,,,,,,,,,,,,,,,,,,,,,,,,,,,,,,,,,-0.450988150981556,,,,,,,,,,,,,,,,,,,,,,,,,,,,,,,,,,,-0.0990707866886371,,,-0.0589870687974824,,,-0.0800545946087823,,,,,,,,,,-0.0758475045345005,,,,,,,,10.1797,-0.0333310411898189
1987-12-31,,,,,,,,,,,,,,,,,,,,,,,,,,,,,,,,,,,,,,,,,,,,,,,,,,,,,,,,,,,,,-0.450988150981556,,,,,,,,,,,,,,,,,,,,,,,,,,,,,,,,,,,-0.0922758081777566,,,-0.0542901933938447,,,-0.069555631381401,,,,,,,,,,-0.0741444057462553,,,,,,,,11.5271,-0.1438870140798641
1987-09-30,,,,,,,,,,,,,,,,,,,,,,,,,,,,,,,,,,,,,,,,,,,,,,,,,,,,,,,,,,,,,-0.450988150981556,,,,,,,,,,,,,,,,,,,,,,,,,,,,,,,,,,,-0.0888783189223164,,,-0.0519417556920258,,,-0.0643061497677104,,,,,,,,,,-0.0732928563521327,,,,,,,,17.5816,-0.1448559858033399
1987-06-30,,,,,,,,,,,,,,,,,,,,,,,,,,,,,,,,,,,,,,,,,,,,,,,,,,,,,,,,,,,,,-0.450988150981556,,,,,,,,,,,,,,,,,,,,,,,,,,,,,,,,,,,-0.1092632544549577,,,-0.066032381902939,,,-0.0958030394498543,,,,,,,,,,-0.0784021527168683,,,,,,,,14.7883,0.1611138535193362
1987-03-31,,,,,,,,,,,,,,,,,,,,,,,,,,,,,,,,,,,,,,,,,,,,,,,,,,,,,,,,,,,,,-0.450988150981556,,,,,,,,,,,,,,,,,,,,,,,,,,,,,,,,,,,-0.1220038391628586,,,-0.0748390232847598,,,-0.1154885955011942,,,,,,,,,,-0.0815954629448281,,,,,,,,16.4314,0.195004686149689
1986-12-31,,,,,,,,,,,,,,,,,,,,,,,,,,,,,,,,,,,,,,,,,,,,,,,,,,,,,,,,,,,,,-0.450988150981556,,,,,,,,,,,,,,,,,,,,,,,,,,,,,,,,,,,-0.1338950515568994,,,-0.0830585552411258,,,-0.1338617811491115,,,,,,,,,,-0.0845758858242572,,,,,,,,12.4879,0.5723700542124778
1986-09-30,,,,,,,,,,,,,,,,,,,,,,,,,,,,,,,,,,,,,,,,,,,,,,,,,,,,,,,,,,,,,-0.450988150981556,,,,,,,,,,,,,,,,,,,,,,,,,,,,,,,,,,,-0.127949445359879,,,-0.0789487892629428,,,-0.1246751883251529,,,,,,,,,,-0.0830856743845426,,,,,,,,14.1459,-0.0402307382351069
1986-06-30,,,,,,,,,,,,,,,,,,,,,,,,,,,,,,,,,,,,,,,,,,,,,,,,,,,,,,,,,,,,,-0.450988150981556,,,,,,,,,,,,,,,,,,,,,,,,,,,,,,,,,,,-0.127100073046019,,,-0.0783616798374881,,,-0.1233628179217302,,,,,,,,,,-0.082872787036012,,,,,,,,10.1623,0.43198882142822
1986-03-31,,,,,,,,,,,,,,,,,,,,,,,,,,,,,,,,,,,,,,,,,,,,,,,,,,,,,,,,,,,,,-0.450988150981556,,,,,,,,,,,,,,,,,,,,,,,,,,,,,,,,,,,-0.1304975623014592,,,-0.0807101175393069,,,-0.1286122995354209,,,,,,,,,,-0.0837243364301346,,,,,,,,11.2191,-0.0869499335953863
1985-12-31,,,,,,,,,,,,,,,,,,,,,,,,,,,,,,,,,,,,,,,,,,,,,,,,,,,,,,,,,,,,,-0.450988150981556,,,,,,,,,,,,,,,,,,,,,,,,,,,,,,,,,,,-0.1304975623014592,,,-0.0807101175393069,,,-0.1286122995354209,,,,,,,,,,-0.0837243364301346,,,,,,,,10.081,0.0403134609661739
1985-09-30,,,,,,,,,,,,,,,,,,,,,,,,,,,,,,,,,,,,,,,,,,,,,,,,,,,,,,,,,,,,,-0.450988150981556,,,,,,,,,,,,,,,,,,,,,,,,,,,,,,,,,,,-0.0914264358638965,,,-0.05370308396839,,,-0.0682432609779784,,,,,,,,,,-0.0739315183977246,,,,,,,,8.4279,0.2443669241448047
