,totalAssets,intangibleAssets,earningAssets,otherCurrentAssets,totalLiab,totalStockholderEquity,deferredLongTermLiab,otherCurrentLiab,commonStock,capitalStock,retainedEarnings,otherLiab,goodWill,otherAssets,cash,cashAndEquivalents,totalCurrentLiabilities,currentDeferredRevenue,netDebt,shortTermDebt,shortLongTermDebt,shortLongTermDebtTotal,otherStockholderEquity,propertyPlantEquipment,totalCurrentAssets,longTermInvestments,netTangibleAssets,shortTermInvestments,netReceivables,longTermDebt,inventory,accountsPayable,totalPermanentEquity,noncontrollingInterestInConsolidatedEntity,temporaryEquityRedeemableNoncontrollingInterests,accumulatedOtherComprehensiveIncome,additionalPaidInCapital,commonStockTotalEquity,preferredStockTotalEquity,retainedEarningsTotalEquity,treasuryStock,accumulatedAmortization,nonCurrrentAssetsOther,deferredLongTermAssetCharges,nonCurrentAssetsTotal,capitalLeaseObligations,longTermDebtTotal,nonCurrentLiabilitiesOther,nonCurrentLiabilitiesTotal,negativeGoodwill,warrants,preferredStockRedeemable,capitalSurpluse,liabilitiesAndStockholdersEquity,cashAndShortTermInvestments,propertyPlantAndEquipmentGross,propertyPlantAndEquipmentNet,accumulatedDepreciation,netWorkingCapital,netInvestedCapital,commonStockSharesOutstanding,investments,changeToLiabilities,totalCashflowsFromInvestingActivities,netBorrowings,totalCashFromFinancingActivities,changeToOperatingActivities,changeInCash,beginPeriodCashFlow,endPeriodCashFlow,totalCashFromOperatingActivities,issuanceOfCapitalStock,depreciation,otherCashflowsFromInvestingActivities,dividendsPaid,changeToInventory,changeToAccountReceivables,salePurchaseOfStock,otherCashflowsFromFinancingActivities,changeToNetincome,capitalExpenditures,changeReceivables,cashFlowsOtherOperating,exchangeRateChanges,cashAndCashEquivalentsChanges,changeInWorkingCapital,stockBasedCompensation,otherNonCashItems,freeCashFlow,researchDevelopment,effectOfAccountingCharges,incomeBeforeTax,minorityInterest,sellingGeneralAdministrative,sellingAndMarketingExpenses,grossProfit,reconciledDepreciation,ebit,ebitda,depreciationAndAmortization,nonOperatingIncomeNetOther,operatingIncome,otherOperatingExpenses,interestExpense,taxProvision,interestIncome,netInterestIncome,extraordinaryItems,nonRecurring,otherItems,incomeTaxExpense,totalRevenue,totalOperatingExpenses,costOfRevenue,totalOtherIncomeExpenseNet,discontinuedOperations,netIncomeFromContinuingOps,netIncomeApplicableToCommonShares,preferredStockAndOtherAdjustments,adjusted_close,10%DDret
2023-09-30,4.970021646294762,0.4449559353233868,,,5.113898429243124,4.7857604105734985,,0.0001643311700236,2.623107088009902,0.0031672116553388,1.0728371041373943,,-0.0327569283903852,1.6343956075290285,6.7198323632009656,1.3985866255105042,1.5747945248971136,,3.4077819411619754,0.111105817941798,-0.0268645100090988,3.71620260556809,6.093204615435072,,0.0822450340871173,-0.5763129401620409,,,13.71881956702374,6.3381135718069865,,,,,,-13.528211328799772,,,,,,,-0.878385630192241,,-0.7192523270056751,,4.005729778817151,,-1.087579642579643,,,,2.471023940925204,4.965892837487338,7.4893374769574095,,,,,0.3137709290984146,2.289638852705156,2.120199753875588,,5.640298352420007,,-1.7399126854226024,,1.4534433054059517,4.473951649522145,4.583446148322291,1.9830607851146096,-0.2497491983974366,1.2249442022178814,133.18792643531114,-9.100667669332752,,,24.683172340129104,-0.1468458633455031,,0.0,,,,,-16.166866189667097,0.6734956310407175,7.741460431191117,0.9282847887057863,,,0.8815844998417771,-1.318722743735679,1.4236222494065105,0.4834307982180286,0.4984694464284788,1.226010181430798,5.599934812518302,4.407101158086122,0.0490348914904419,,-0.0225377420684701,-0.2135167060124022,7.550846978669529,-0.107043429844098,2.3872449327118628,0.8568224959166556,,,,-0.4045589453885084,0.1727694567929085,-1.109608695652174,-0.4983726999165647,0.0226041869151928,,2.400608512453648,2.310591490367689,,14.3789,-0.0801062197403361
2023-06-30,5.062475984777688,0.4516489200473391,,,5.274107519801927,4.638860908827693,,-0.0001643311700236,2.5199615305272647,0.0022427282532399,1.0881514515178785,,-0.021875757828965,1.668077715009821,6.323349206716693,1.2612047722619817,1.708610971107151,,3.467337123683708,0.145784304666927,-0.0031366323330685,3.750520094483473,5.879760343437167,,0.0767709435064361,3.3458793305287844,3.0943092038945057,,4.531159254991698,6.380785769456054,,0.7124663561168458,,0.0254601092340626,,-13.528211328799772,,2.720123915609552,6.08458807421482,1.581411881781425,,,-0.8837913731537935,,-0.7187033227039308,,2.710588156428738,0.706496658304569,-1.088250777000777,,,,2.3458974781511546,5.058312388909312,7.048131492294313,,,,,0.3121335610100185,2.219352829679124,1.24038040389636,,0.8221013832507528,-0.3169391561853058,-2.6987588330447667,,-4.985301200998409,5.370435459969184,4.321707424424795,6.2252601203492,-0.7380305068866163,1.2105146981887938,0.2347340092980148,-8.71760228996433,,,-0.322307620861004,9.430899666580585,-0.1866622443749495,0.0,,3.234392252426369,,-3.2710309475445656,4.503747818339121,0.7283035321627592,-0.1081690928135821,3.111851029462799,,,0.8643289474812762,0.6939906866730726,1.488808336509616,0.5113235084582073,0.5346814309746718,1.211568120461305,5.206097223268732,4.352977267318269,1.226782989132921,0.2635827925289452,-0.0225404636399993,-0.2133776129099674,7.47921969307239,-0.1489420935412026,2.380073369856082,0.8788593122323755,,26.40963855421687,,0.0067243209585095,2.6924641648214283,-1.1145652173913043,-0.4979720976674346,0.0211913721493055,,2.355375027073147,2.2467589885932315,4226.785,13.9871,0.041173652865855
2023-03-31,5.218633798786319,0.4583934592526268,,,5.480587160601245,4.634871211344508,,-0.0405544621734035,2.533332250941681,0.0023625686942527,1.0889115797090263,,-0.0109853029923219,1.6539550241667818,5.741474363403234,1.0595844940087042,18.153646298405544,,5.236310064506664,4.407509641453053,2.91284116916727,5.426900040725579,4.259035836500271,,0.0687372211481852,3.3879359885109626,3.08854500156905,,7.176216499283135,6.731031146892469,,0.2617302055581532,,0.0255726815667114,,,,2.734556682113164,6.08458807421482,1.5823911255857426,,,-0.9281774804848896,,-0.423901128810977,,2.8710602181806566,0.5666484335213233,2.184028749028749,,,,2.3423944809423016,5.214411446655301,6.400621859170757,,,,,0.9596452816359492,2.2039943304830616,4.06443086066389,,3.304258688072006,-0.3582517254716171,-2.458403903232181,,4.804800311216737,4.492692929045252,5.189515267346578,-2.766093257980802,-0.2604272504229937,1.2141405735602055,0.3953291176020442,-8.467471682185877,,,-0.1122811498630009,6.99295309991654,-0.8927656834220467,0.0,,-2.323105331708752,,2.841662392377568,-6.052110328095534,1.744877479001723,-6.690448074392482,-1.516223736512856,,,0.9928709627763088,0.8061941015596127,1.5361334357464704,0.6448743192395239,0.5364853465821592,0.0734596542141045,1.3008650548158274,1.0462228712699766,0.0743821603222252,2.174701186151196,-0.0100355228565207,-0.2132665190684124,7.196968495117315,0.1957126948775055,2.3042708262379947,0.8794243588045734,,10.93631669535284,,0.0959973434425296,2.8364623353305016,-1.1137826086956522,-0.497681260434566,0.0027019900396379,,2.589392025727693,2.5425283363038567,4226.785,10.4904,-0.1018264317852512
2022-12-31,5.382104172245365,0.4730622255008176,,,5.736474281493025,4.481751622650575,,-0.0430359414681146,2.4263664876263533,0.0014038451661502,1.0293980136844314,,-9.484815567872696e-05,1.8690961336462188,3.7954612052683663,0.3852887774359795,19.163992480795205,,5.60372734005654,4.669340512516467,-0.1203498522578615,5.667964613017822,4.07096392003265,,-0.0162506715980276,-0.5712672238536416,2.9422059947980865,-0.0206165796503769,4.807070552297938,6.998400999314082,,0.2884960102231587,,0.0188933898295512,,,,2.619094550084277,6.08458807421482,1.5057220959653743,,,-0.9326154873943934,,-0.7625613328388416,,2.993561168178753,0.7399701982383009,-1.3616158158508158,,,,2.232141938513049,5.377820312412936,-0.4493135503503699,,,,,0.4080505431948876,2.135039299454016,2.640104283500159,,2.029942364886412,-1.4957616151190225,-3.853858450500224,,-1.379484462654798,4.735707004643948,4.33984922371555,11.66279121874891,-0.146160115165529,1.209996715992878,-7.60208161536489,-8.210487021893874,,,-0.0063391074165234,24.843333664719463,1.5223954994144149,0.0,,-1.203950674341414,,-1.0196495973152764,-4.010546169194513,0.5218354114975339,11.75676284721148,5.91068446496788,,,1.0015720948037423,-1.5321901101337867,1.5226616444118286,0.5686513829610631,0.5517435638572158,1.2110496875034251,-0.6771100210933545,-0.5023549078210074,0.0755820310361558,-1.433959102295413,-0.0230534785845765,-0.2176560020342115,6.76991110214898,-0.3208518930957684,2.23274981268306,0.9586191674391912,,39.28055077452668,,-0.0378040242627201,3.11496689410735,-1.1738828695652177,-0.5089934429764374,0.0261039466496948,,2.707004338266662,2.681581638464805,4226.785,11.6656,-0.0041390522482767
2022-09-30,5.644355386846159,0.4803859944669911,,52.182537313443504,6.137723153477054,4.271292362634941,,-0.0022889592435311,2.2983895922312296,0.0002568009450274,0.9314867956511054,2.1409067835101125,0.0107956066809644,1.949517701681676,2.6230422980791173,-0.0209556736058034,2.573663469284895,,4.175221263007312,0.3699623666632137,0.1502515381156421,4.217841476557912,3.819783461126242,,-0.0162068164542521,3.799642222117333,2.741816703288252,-0.0204596538140158,1.3097819982085683,7.070950927023257,,0.2804149371434776,,0.0081614941170355,,,,2.48095235640686,6.08458807421482,1.379586853582804,,,-0.9369268615993251,,-0.7625607833661061,,3.026801396971087,0.5167839246530986,-1.3615520202020202,,,,2.0848935628750755,5.639972851828367,-0.4457788715563691,,,,,0.4554671351057489,2.083278284572452,1.0879194629116544,0.0,0.1042096073487375,0.2158215866462427,0.4219970892159558,-0.8629472427672371,3.778750299824909,4.043911979525139,4.57508997016001,1.5519006738135457,-0.5874511498371127,1.1268235748200863,-13.65852933854255,6.228716939985408,,,0.5169158965309061,31.080204310710045,-0.2770539362564467,0.0,,-0.3233574219570606,,2.2010225518982485,-1.5122414170653125,0.6892622875278802,-1.7077535474533307,0.7063558813160593,,,0.6363051178907463,0.5721782836868948,1.3802083153958424,0.5937162608266615,0.5351746130314288,1.1278041668382432,-0.9727047610561572,-0.5035930281693561,1.1419671280419534,-0.275988934103443,-0.0249989223291157,-0.2176563639171317,5.070846936090085,-0.9739699331848553,-0.8406978894002939,0.7161258994393679,,1.4182444061962134,,-0.2069756807631329,1.97451377218206,-1.1738971304347825,-0.5089943184258858,0.0217190455786784,,1.9805382863518524,1.7588030346878056,4226.785,9.921,0.175849208749118
2022-06-30,5.57815685036931,0.5035794458348148,,46.481867370368725,6.0701997245772485,4.196350551872209,,0.0012173268905998,2.2410865047408755,-0.0002568009450274,0.952390320907678,1.940463277138048,0.0216767772423845,1.929206936660469,2.236897389667306,-0.1547553124366146,1.146062272879403,,4.022895350227477,0.0,-0.1028858565607619,4.047884597737162,3.704931316056348,,-0.0162075753276889,3.806654086830265,2.669172382781312,-0.0204477032288534,3.188382089612484,6.996817977963802,,1.306579222513946,,0.0103629086221669,,,,2.419097642819956,6.08458807421482,1.4065160582015284,,,-0.9446432897426486,,-0.7625602343618044,,2.9928358746667123,0.263997082696745,-1.3616325505050506,,,,2.0175643133239376,5.57379922335001,-0.44584003596294,,,,,0.3821774073345048,1.9384716558349,-3.5689282103209283,0.0,-3.2279044512336696,0.6006696475699975,4.987561384670449,0.4803204006386082,5.450291842146236,3.049189244067264,3.905423500452089,-3.4135228465659355,0.146160115165529,1.1230497045355556,4.171758818962136,5.877806374878086,,,1.5123763525751173,15.770867811745866,-1.8786437817911896,0.0,,3.0611222217553884,,3.244691081831486,0.5919609661023942,0.7106598927604582,-10.859160793304564,-1.8494719601783105,,,0.8031840274752633,0.7185305639736862,1.3840760232306266,0.5889603609239582,0.5379113001799721,1.1240270124308374,-0.9724845630856748,-0.5042463049880436,1.1381425401412997,0.6899723352586075,-0.0249974731058843,-0.2176563373228516,3.144487922687925,-0.1769209354120267,1.0721729738145511,0.6266896216836622,,-6.709122203098107,,-0.0005228024337715,2.1628737272545937,-1.1738894782608695,-0.5089942946568191,0.0253047971429518,,2.218414439011584,2.0198997280254867,4662.785,11.0332,0.138463908929413
2022-03-31,5.117337950711987,0.5354279848338847,,30.299069127627394,5.531203133973552,3.9414375099537753,,-0.000719271338477,2.0825479626842296,-0.0008217630240879,0.910790069975948,1.0876379278099868,0.0325672320790277,0.1840140294519971,2.3083819999677133,-0.1299858157222997,1.934557519138652,,3.663719138132972,0.2043382760838676,0.0369274420378633,3.704770099907636,3.3654712664106468,,1.584979883046271,3.5137677769545004,2.42679407966516,4.061933320541516,3.235318876714388,6.260247704416458,,0.963448939805744,,0.0087618798911623,,,,2.247966268562857,6.085146920755561,1.3529240608814306,,,-0.9094360131073336,,-0.7159564274603911,,2.655361183961407,0.3323147921107066,-1.1069512432012432,,,,1.818564195552275,5.113153712366641,128.6081971214141,,,,,0.2236978567919531,1.810596845601412,-8.79361372162543,0.0,-7.947673471485333,-0.4036482929851394,4.983808442057637,-0.5233052907630126,-0.5279827679567497,3.137888603463036,2.942519116342244,34.57185426988797,0.8743467928410849,1.1338533331932314,0.840162523565957,5.293858024310055,,,2.500476013560581,17.338051362215865,5.691264632623432,0.0,,0.2097294231334817,,-0.4879933390406394,-0.9801989694269796,1.8177044161090927,43.44000302168284,17.702552958831294,,,0.7428065224859371,0.69251238081159,1.5198803713620963,0.763771816807106,0.5263590669812735,1.134840042695176,2.238193554975424,2.0122120853483407,1.1490913604059163,0.5592306894350539,-0.0038665366714376,-0.2133891538239501,2.260134514418559,0.2178452115812917,0.7351970963441572,0.4479583278153004,,-2.278829604130809,,0.1017301425438863,2.132685851681019,-1.1506521739130435,-0.4977811439286825,-0.0136761779746638,,2.00350944114462,1.807656659625416,3583.785,14.0328,-0.089005757938544
2021-12-31,4.669437881906783,0.5375447511851844,,-3.234785890384465,5.047902673253726,3.5416288742897195,,-0.0419557705744181,1.9144589060458577,-1.3303487356833472,0.8364763609354696,1.892981378075824,0.0434576869156709,0.2627091331651484,2.743998180111848,0.0209556736058034,2.6601845935674024,,4.957501678898456,5.546642187541267,0.165593169966675,4.981376598068626,3.0349502770441696,,1.3675790871752147,3.152232089232448,2.1804021838186904,3.47801789445147,5.265085961372949,5.2354803985658815,,1.0162912380019165,,0.0,,,,2.066525775374608,5.218141220520845,1.2571885783652383,,,-0.897229866671465,,-0.7154069547249423,,2.185843146094782,0.4318426165192296,5.995456487956488,,,,1.6248043823472038,4.665422171369327,111.0859199878681,,,,,0.0,1.5526818126240332,-13.287300490798104,0.0,-11.808771031053642,2.980406244967007,11.823506895398523,-3.97788713868841,-1.28252248521864,3.363330594210109,3.028381235489052,8.683904798059107,2.167452048230913,1.1177218876632773,2.6905792281463423,4.748833922584407,,,-0.3779083267542841,11.508146659178747,1.3904891059903357,0.0,,-4.251427671106256,,-0.9591089754473447,-6.391733590198214,0.2590578033781563,8.553174232465807,4.377377020114385,,,1.3204894618118488,1.4145169635597603,1.5687264792980231,0.4192904184491383,0.5024523544469472,1.1186945591497937,3.720667050838198,2.9287401907531203,0.0174632933301436,0.0,0.0038665366714376,-0.2176304898904729,1.7305616965729078,0.8777839643652561,0.5173937158815574,0.3118703924425021,,-17.542168674698797,,0.2726685107170443,2.8514742903532087,-1.161,-0.4631234409474338,-0.0150448271123492,,3.222870843041381,3.328973772938706,3392.285,14.7605,-0.08570170387182
2021-09-30,3.616195409082954,0.5210139583758215,,-0.6741301475241325,3.860075439563223,2.800130370522077,,,1.7540102610728665,-4.662118436595847,0.5466327746372498,1.7062064174837692,0.0543481417523141,1.2752201983897016,2.550763684400104,-0.0460002933710083,2.2901984440378818,,2.419325932905724,0.2965025013516094,0.0999884827514542,2.515713903184497,2.6201580041844714,,0.0246843049323031,-0.5801267153457922,1.8116742736403544,2.604657459694971,0.508072463494864,4.087729001634201,,0.6454858465798157,,-0.0333214104640348,,,,1.8933325773312784,3.04391522297977,0.8837942753925623,,,-0.8835434923162941,,-0.7148574819894935,,1.659977439051414,0.268461059660109,4.677908896658897,,,,1.3816425986969407,3.612575993740531,2.85000281298568,,,,,-0.3016309906416943,1.474836282439627,0.346180159193798,0.0,-6.8582678875088,6.8126989855837445,12.869240679353288,0.1024280371067513,10.139636160705356,1.5187741564800914,3.2466119781018525,-30.810846081418312,0.3459286718103276,1.1134300351828308,4.331037573919411,3.769719828333909,,,-0.0405424232573259,35.17893063341601,-6.308897222454167,0.0,,-0.8171181883114155,,6.17259982199043,0.0,0.5098227208406481,-48.83245600241362,-15.951560375932385,,,0.8314203858833557,-1.5490427969546898,1.5176205870091886,0.4050227187410284,0.5254347422121839,1.1143989717845084,2.331711373968273,2.080971931023205,1.128393590590614,0.4111204454072034,-0.0257334113579767,-0.213433109652858,1.285895177472883,0.45684855233853,0.3341150369281968,0.1968834150002207,,-11.263339070567984,,0.1636371617704866,2.0681198703697645,-1.1674347826086957,-0.497795031473319,0.0018065440612586,,2.164570052177337,2.124896939751085,1512.285,14.6566,-0.0050079827517977
2021-06-30,2.4887818096732746,0.5251686430481436,,-0.6176666413176496,2.4621049172660854,2.4812172903663248,,,1.7291789231603798,-7.042166715173512,0.4194342645332178,1.3324000106869005,0.0652385965889572,0.9475384087465084,1.2133379118160807,-0.5094198061926549,1.298002066326159,,1.677778244365391,0.0393751460249656,-0.0759444085165713,1.7201694777045713,2.583881931740049,,0.0062189812373911,-0.5811615003052562,1.746466201111202,,0.4031783706787285,2.8308870430671456,,0.3028835468677452,,-0.0497382089753132,,,,1.866528868110287,1.4902324242762937,0.7199293452554154,,,-0.8825457939988144,,-0.7143080092540446,,1.0841296666587854,0.0372270529578562,3.23513209013209,,,,1.360376642080638,2.485586597307648,1.3617170049852958,,,,,-0.6159082559263848,1.386036127240187,0.3383987779523453,0.0,-4.488270916877736,1.5777891474271637,3.5864555020894224,0.534250768097426,-1.4528395814669444,1.775082127337026,1.461057654956004,9.48789577215108,2.385984201103313,1.09685460491352,-2.840455459198229,4.109122354653047,,,-1.3091069521200018,27.28685883754223,1.0553282093455598,0.0,,-0.4278908449224822,,-1.0654506899446774,0.6764418275964044,0.2973482548469799,7.3100157620653885,4.791211309870479,,,0.8229223931250449,18.002439204671447,1.592671501960564,0.3248151095711136,0.5250948702180513,1.0978091171323725,2.1186445765503388,1.9105051509170947,1.111595400595586,0.3487080101016531,-0.0266152005334155,-0.2132618023470455,0.9545693657081809,0.6035634743875279,0.136269425009974,0.0,,1.889845094664372,,0.2016394904046373,2.076190618033672,-1.168304347826087,-0.4973338047504871,0.0022605764259057,,2.117131335936731,1.9915015184292368,2262.785,13.8313,0.0543622074569996
2021-03-31,2.1515347928176047,0.4897689100700307,,8.373860830894087,2.154916707980341,1.9296407073900144,,,1.5763706898527692,,0.2885692537424716,0.3448555932565658,0.0761197671503774,0.8389726917271888,1.5744474075759305,,1.743989861508524,,1.2818885322515432,0.1549527321351627,0.0031366323330685,1.358552885093305,2.2073150988029964,-0.2176730011670296,0.0112046812778718,1.3220781326989386,1.4519470586487295,,0.9755150631900604,2.1161617872872505,,0.4069108633000105,,0.0650355381785845,,,,1.701582965211878,0.0019682016318318,0.551341003826856,,,-0.8757727368090623,,-0.7137590049523004,,0.7566637162994859,0.0,2.4146717171717174,,,,1.1396235838589477,2.1484664737132806,1.763559222094055,,,,,-0.7871498676082498,1.2571504255223678,-3.438164917899346,0.0,-3.414902924224455,-0.0162092326103849,1.555341915497613,-0.1492650963353569,-0.1376422085437431,1.7930414130214134,1.7091670627567996,20.1258387101431,,1.060151866460046,-3.0005804413069894,3.3577997340627626,,,7.396333534574839,-0.1830111280736678,3.2051165378749324,0.0,,-0.7322057896727028,,-0.2442745037611172,-0.3942723505741575,0.7797328640375517,22.722168416831263,10.26682695988668,,,0.8047075719936855,1.1252125064675882,1.5611214358026608,0.2843256914805315,0.522387805666654,1.0610744389740716,1.977344383095301,1.791830870531703,1.074399408463738,3.660193491909908,-0.0264882392215815,-0.2133332556579644,0.8032319169452575,0.8169543429844098,0.0,-0.1732220897894318,,5.686746987951807,,0.2569123270233783,1.876644570262178,-1.167695652173913,-0.4975276962390662,0.0014112374220229,,2.0345139369277723,2.004304287251045,-0.215,12.1052,0.1156610382315038
2020-12-31,1.9811333721349764,0.4078700675439521,,-0.6664468223124907,2.020438552900657,1.5961512801624045,,,1.3758098836365302,,0.1323852671730424,1.0859921451281092,0.0870102219870205,0.7777348633559713,2.2169419782233635,,10.660935984898092,,1.924770164796634,2.4657763007367075,1.5842592286352108,2.017904412782132,1.8097689946918123,-0.2171537443574378,0.0200753569164206,1.1971289884746794,1.1355854321743315,,0.4937989002319088,1.8635510072516843,,0.5539981263056762,,0.0403509272361022,,,,1.4850914676577167,0.0019682016318318,0.3501352033280234,,,-0.8517459383358564,,-0.7132095322168515,,0.6409249362768231,-0.0837278608748137,2.124690170940171,,,,0.9065719431125292,1.978129168622252,2.478526415648567,,,,,-0.5657056203684253,1.2571504255223678,-1.3249086777097503,0.0,-1.3337209888558177,1.889546101333472,3.539425343902935,0.6220368189509141,4.874091782670358,0.9027414276388142,1.7265518819677708,-10.778050085395314,,0.9820105523332952,2.440660142741126,2.6969336830648887,,,-0.1131751265499465,2.721231109180408,-2.759090523169833,0.5650772436023429,,-0.4836448048401328,,2.8849262457236726,0.8139569522415836,0.1903602286840904,-23.115992669336944,-5.635232000122503,,,1.301270229849826,1.7835021065858525,1.5504309175177515,-0.0348337533414213,0.5053185023850063,0.9828651241854308,2.750773756313416,2.380361397992737,0.99520794134432,3.428675803758125,-0.0221940075843408,-0.2026793863595679,0.7260115687448151,2.544125835189309,-0.6980937460468828,-0.2234759193042864,,124.5817555938038,,0.7042869889707616,2.54926760356114,-6.047913043478261,-0.4704453817888692,0.0134856833695073,,2.799781550881108,2.988557942452878,0.785,10.5845,0.2759506826019178
2020-09-30,1.6287176177206637,0.2721938357519713,,26.27343555348316,1.6328814851586322,1.3219565122602903,,,1.2363723707433356,,-0.1867400220180073,0.1964145448716236,0.0987548301441847,0.6858569792129602,1.0233118379199282,,6.507419327954535,,1.6095939927153982,1.389393865469083,0.8477717642571692,1.643084945216098,1.5698209695684204,-0.1979002484438864,0.0035953642584942,0.99769555561949,0.8749597993855374,,1.248306093178352,1.8607724705791449,,0.3401063480950241,,-0.0104004327330499,,,,1.3345783312629187,0.0019682016318318,-0.0609815870771384,,,-0.8455908189634294,,-0.7126169635805831,,0.6396518930413655,-0.1435074284349045,2.1215005827505826,,,,0.7659083059379346,1.6258460148898637,1.150256216112313,,,,,-0.7386730022096842,1.124218755812264,-0.05962000028437,0.0,-0.301091483234953,0.5485604635114626,0.51095848939886,0.0035737820665441,-3.736923596496323,1.5729860691536777,0.8647300611332152,-10.004853277601324,,0.9402019893772212,0.6228701961124372,5.194601189761975,,,-0.3628732642920169,1.388503569790007,-2.2310653262820668,18.4190612838555,,-1.9397600941136928,,-2.491575345452321,-0.1548532491369077,0.8379193344068424,-20.221667129184965,-5.242194808287318,,,1.0519054914864332,1.730283095572474,1.1260260330851333,0.0964033764061476,0.5223610711873647,0.9410201782994628,2.2567813328384725,1.9843972949387767,0.9528375067586468,5.259822300153998,-0.0225944868348525,-0.214221906034631,0.6482138721466123,1.5537305122494431,-0.5720318779374702,-0.2641062993863947,,-7.666092943201377,,0.4477532430201142,1.6924019717856773,-1.117391304347826,-0.5002015827179271,0.0189687733102877,,2.470598339513668,2.458312956121874,-0.215,8.3493,0.6175367994921731
2020-06-30,1.5202499200286272,0.2056370003479927,,16.04632217805045,1.5214147978537182,1.1640880602133008,,,1.1656985628385657,,-0.4473410296685299,0.7011568569825536,0.1110472105395092,0.6310673346281462,2.5787320483077325,,5.373310527019,,1.4079775899489744,1.0954899537154854,0.6466754441705481,1.5394191951120475,1.4666293546689166,-0.0599419129270554,0.0250704533850682,0.884292582999646,0.7238386395741961,,0.2260534088854059,1.8576614232755733,,0.2463893662816624,,0.1251304017575843,,,,1.2582908511724045,0.0022811556946462,-0.3967038048719625,,,-0.8286012780743921,,-0.7119967573557457,,0.6382265032798619,-0.2016020018736128,2.117929292929293,,,,0.7054147558442427,1.5174191294784949,2.881125975055669,,,,,-0.7947983927364006,1.0959987602727466,-0.4468531074785849,0.0,-0.8285566323796,-1.395359210803198,-2.7088777484073483,4.998697736255193,-1.0307439220770065,1.7527990990201046,1.5135354827200878,31.65284307349262,,0.9042392254893414,-3.858278671956495,-0.6471670000895258,,,-0.0170668276598708,-2.122592398373771,4.7812073497706,0.2481426156688549,,3.4658951304567034,,-0.801904768307025,7.669910326625193,-0.3637251278647686,34.74690760187014,16.20006479145522,,,0.4950781837904794,0.8838051592874566,1.190169142794589,0.0,0.5192238726870066,0.905026118652418,1.4256037242794273,1.3256821828296288,0.9163914338230056,3.0316792733741966,-0.0226328609934133,-0.2141003751926047,0.77140558651872,0.7591870824053452,-0.0784687691574143,-0.3000397298371077,,8.244406196213426,,0.2419493608154347,1.5033679362084826,-1.1289130434782608,-0.499807390104783,0.0098968620756723,,1.3251384241787811,1.0835204491544972,-0.215,6.5441,-0.1190538041900338
2020-03-31,1.717724565302199,0.1318413092412166,,46.08433569755802,1.79634439497071,1.110225332338573,,-0.0125414073762956,1.1351369161770437,,-0.5056026198488809,0.178375056774159,0.123404580861395,0.7095189762856522,1.2673949581636177,,0.6927510579669308,,1.786332789676816,1.9331545668244388,1.2198262748550317,1.8283103675960992,1.417479812289876,-0.0561158101195363,0.0069653261032221,1.0023153348369205,0.6707926069738046,,0.5848841504494645,1.796698602670671,,0.4492814987395725,,0.1126348728335712,,,,1.2253016705927229,0.0022811556946462,-0.4717599623440435,,,-0.7936522853325075,,-0.7113732720949764,,0.6102951438875254,-0.0531527623215195,3.987183372183372,,,,0.6766020436206373,1.7148194725328891,1.4218716218250904,,,,,-0.6881434076406957,1.0871218460726484,-1.972883465204514,0.0,-1.98939987967892,1.014754621536566,3.240540292733996,-4.781851107506077,0.2931463047317005,1.6926880677767575,1.6875968051435253,-10.138726423895404,,0.8980974365949094,0.3768061455084296,2.1665484836212685,,,-0.1310894905493893,3.88649006922824,-1.1459192901444066,0.5650772436023429,,-1.00534557371539,,0.0246990173743083,-7.65112735842582,0.8499320250637282,-4.207911144845611,-5.316049238753093,,,-1.1852447083348945,-1.931480523320275,1.182086067993804,0.3144035449192496,0.5013662993130483,0.8988789850089925,-1.0796731034290898,-0.6373976495044984,0.9101671044944908,-0.1706321625784772,-0.0224367717647393,-0.2139777404370669,1.0846170923036924,-2.922188195991091,-0.0254751038757577,-0.3571447490398622,,-74.13769363166953,,-0.7116062230435629,0.2708937162010398,3.9130434782608696,-0.4998570647836751,-0.0225127009710603,,-1.8252438814688408,-2.666675298561793,-0.215,3.3579,-0.126537419220346
2019-12-31,1.4655021901698522,0.1241566589056954,,207.697149282649,1.402514421723985,1.3066880378321306,,-0.0103244928827369,1.117945989929937,,0.1464811737765387,-0.0179326190921478,0.1357433826328347,-0.0098931496194847,1.8941471965188947,,0.7054294638002675,,1.3528994716173417,1.702524597673194,1.0620235500757536,1.4459814528380737,1.3965107338868727,-0.0567990427637361,0.6676382581221636,0.8379269801587308,0.8537133765918585,,0.3744320781538002,1.25880470028931,,0.5621818627457164,,0.2473777009956641,,,,1.206745256516652,0.002292332625461,0.3682944156404359,,,-0.793148584413603,,-0.7107507237016162,,0.3638480839699605,-0.2369554419651558,3.2040462315462315,,,,0.6643094363576733,1.4626919991139875,2.119320766740556,,,,,,1.0108053573165177,-1.0466555064066976,0.0,-1.2043566211726608,0.4201296522488441,3.333956120130237,-0.6084870582784491,3.841422634344025,0.9895351515635308,1.6294085548358253,-12.246810646734108,,0.9001693653785732,-0.2577701928662158,1.948234218374852,,,-0.1343751451260855,3.398512902934264,-2.36341745326584,0.6584378316757734,,-1.2164711566740891,,2.2401535824942416,-1.1136345353682229,0.2579316136290732,-19.320512446239515,-6.401950243018498,,,0.2977735258973226,0.74647054475571,0.9302070274274048,0.0769941632897099,0.4924891286999445,0.9009527168405096,1.4727864930040977,1.1682647165012296,0.0161134387769717,-1.6683397461951557,-0.0214186318556911,-0.2176592699192725,1.0198097346550967,-0.3549554565701559,-0.0891434020648651,-0.4409658764843508,,,,-0.0466736379667059,1.278607633884287,2.652173913043478,-0.4761280582268639,0.0104007205489797,,1.206764781938109,0.7734975939453711,0.785,9.6186,-0.0452976524650157
2019-09-30,1.1595939366997978,0.1158715504934446,,-0.4006395063860225,1.075274193465239,1.022959306189542,,-0.0066078753273823,0.8333406553945126,,0.1192618775199856,-0.1179726949691415,0.1480543315786053,-0.0117699661151753,0.5621498143804423,,0.6707807987766079,,1.097532234817295,1.3013901261329337,0.7875574308419718,1.120874031139904,1.0102633165710366,-0.0580425261761798,-0.0027717225847662,0.6561430127960723,0.5839965292909461,,0.0,0.92793547033701,,0.4649889928744881,,0.24090479186836,,,,0.8995335123683654,0.002292332625461,0.3332288470593697,,,1.4782139633616076,,1.7015184345519332,,0.2122535992994113,-0.2098194918611011,2.543224553224553,,,,0.4378813732760969,1.156898847317194,0.6370756651674294,,,,,,0.903642813093268,0.0782705862598183,0.0,-0.1837157686317038,-0.510180221410543,-1.27802015020653,1.759403310942058,-4.019263301370373,1.7109472443022071,0.9487475006681222,5.240974943304994,,0.9127489329936752,0.5321358404254416,1.674241353697372,,,-2.742407003204384,-0.1447078882939093,0.5328208865243569,0.1965486064703801,,0.5858060585689677,,-2.6678611614293906,2.595619225379343,0.3990807288474818,2.469507812294644,2.6069353439517395,,,0.3108195811809975,0.7733757114346959,1.1216368365535243,0.2925521129338562,0.5160689394330608,0.9135432315318628,1.243282227954212,1.1847787364184328,0.9250155045793816,0.1500188811931578,-0.0224306482287988,-0.214105292625519,1.0154074531221744,0.0,-0.1034865277764262,-0.464839094159714,,,,0.0453035350368219,1.2574925175356009,2.869565217391304,-0.5002285566027018,0.0092380176769461,,1.1069780855183278,0.7162659531498633,-0.215,8.613,0.0661674213398351
2019-06-30,1.2343355183548557,0.094521929987498,,-0.8285828524762964,1.1795271348596676,1.0030379965493836,,-0.0100029914802263,0.8218800378964418,,0.0827589568112488,-0.3273931977878115,0.1604766918270525,-0.0119336465008491,1.0777010693544329,,0.5367791504780198,,1.1806106915557713,1.6248960187056765,1.0089081578008483,1.231466238171422,0.9989034731489213,-0.0545853689965287,0.0043462954761686,0.6595000808515139,0.5629328530598817,,0.7950042794134322,0.9251958534838786,,0.6687610969926177,,0.232005323570627,,,,0.8871625696509848,0.002292332625461,0.28620354348587,,,1.550050447565679,,1.7682533738383648,,0.2109983879728547,-0.3862157421204519,2.7786703574203573,,,,0.4312219440406742,1.2316123065498814,1.210780488121537,,,,,,0.8523501322047679,-1.8035425656079151,0.0,-1.907515639365001,1.4179606894597814,4.009148200972375,-0.4667706399661432,2.0352151700229006,1.3351270791519796,1.647083672232733,-14.85403613225355,,0.9324322564384816,-1.2193663126702603,1.6077316589362545,,,12.898225978730322,-0.1759826730847794,-2.868863939836667,0.2088328943747789,,-0.7902705768665182,,1.1124030352810446,-0.8916385492290335,0.0935079102629484,-22.66681102432722,-7.7400187479278175,,,0.2195536217700291,0.6602853130312661,0.9548039109609764,0.2410084410153692,0.5138970938630778,0.933243683931274,1.096440850442114,1.074102422541961,0.9449633551984774,0.063366753888204,-0.0223068167242233,-0.214377357128189,1.023345993591379,-0.3163975501113585,-0.0873140210378818,-0.4393766830000441,,-3.442340791738382,,-0.0366502533743967,1.056288596090483,2.6956521739130435,-0.5009867631262223,0.0071649025026117,,0.9577049584878417,0.5331464636843886,-0.215,7.581,0.2092628196686771
2019-03-31,0.8702288802367634,0.0975272529876959,,-0.2921438071183757,0.7523273844821846,0.8077638657828787,,-0.0024619914075308,0.6652515987561409,,0.0700827013882791,-0.4280958614977691,0.1734746771393291,0.007275153620753,0.4748094427337925,,0.4894785370622451,,0.7886816862726642,0.8169568022806813,0.456096178173477,0.817100914676584,0.7302577009147476,-0.0396772327000882,-0.0039775975328564,0.4055273266251061,0.3764698743683478,,-0.2015559910061946,0.6865251374607251,,0.3335212268377159,,0.2268832824351081,,,,0.7180930191801158,0.002292332625461,0.2698732129844618,,,1.1401702203092152,,1.332800681115348,,0.1016465325383164,-0.3942634752375024,1.9168890831390832,,,,0.2737349573709402,0.8676426679498384,0.5398834035467782,,,,,,0.7755527920802914,-0.2682286817400096,0.0,-0.5170849407359499,0.0045493283268891,-0.3287668044965531,-0.6702845316542976,1.5471376076465946,1.0477595277688014,1.283284925345274,10.82069403073053,,0.9295463556326642,-0.1463502845873663,1.3079303249176286,,,,-0.2257080721763229,1.9100837905507764,0.4962852313377098,,-0.7876236292592749,,0.8076596716723433,-1.2104390637803732,0.9396518084073444,13.882699330461143,5.472891574297729,,,0.0868811080028295,0.4932367506837165,1.0739640781854531,0.1484611996654674,0.51086868616458,0.9303552717373756,0.7440174092010958,0.7975087791444119,0.9420386703332716,-0.1734951183264382,-0.0223536277545244,-0.2142321423235547,0.7917210332649113,-0.9233017817371938,-0.8659686475230376,-0.5183949145808502,,,,-0.1938515369084547,0.879588411909372,2.565217391304348,-0.5005215303808991,0.0046967233573283,,0.6928934860368194,0.3058882499805533,-0.215,8.1575,-0.0424437377991135
2018-12-31,0.87546923354258,0.0857940595590727,,-0.2675571664411224,0.7648593596032636,0.7823888824713353,,-0.0036625726211505,0.6270495404292383,,0.0726313664997756,-0.1105773598012236,0.1864819467268287,-0.0146949601996134,0.7629030359630664,,0.5463779101531754,,0.77878631219169,0.9583804130575412,-0.3088564826510595,0.8244410759516345,0.6934567007572349,-0.0400461783279561,0.0,0.4384672214140334,0.3501560772636685,,-0.247231393447651,0.6124294160546169,,0.3629269464833795,,0.2405670748704137,,,,0.6768565434555136,0.0023035095562758,0.2731565598577608,,,1.1392426519795689,,1.322912982479496,,0.0676980668424556,-0.3395326027500613,1.934082167832168,,,,0.2521612747738171,0.8728810495094627,0.8604736112190524,,,,,,0.6858569906555058,-0.2490571627393291,0.0,-0.4904426107714327,-20.9755843832328,-0.0065924645901643,4.905269071502593,0.9110720628580056,0.8756639419514889,1.0051094446668278,6.199981327119514,,0.944715834227346,0.0740448757549315,1.0822542995640654,,,-0.1168671341661635,-0.2782558927215195,0.1889912406496602,0.1424977396910255,,3.1710335700180665,,0.4105163310714325,7.523556158121486,0.0015357474211662,0.1242143682763776,3.097592005759011,0.0,0.0,0.3981694669038731,1.1392564121516742,0.8402502272251192,0.0880484171176148,0.4983905664796848,0.9455379512181248,1.5055994000882569,1.1950433331120671,0.021137897391556,-0.557703779702808,-0.0213613427750029,-0.1951468826925052,0.8326406009561738,,,,0.0,0.0,0.0,0.1178468796401532,1.4910887399884527,2.8260869565217392,-0.4789675269686986,0.0110454110772087,0.0,1.1901467922423128,0.834283544498775,0.785,6.1978,0.258382006518442
2018-09-30,0.8472130309250919,0.042218392364478,,-3.706041748830598,0.7749638519735126,0.604963302979519,0.0,-0.0043551821386537,0.4685109983725923,,0.0492518354440956,-0.3332816799807636,0.1994799320391053,-0.0148597533003496,0.2162965263952345,,0.4440722764379288,,0.8321260274134805,1.004947961426344,-0.3577309003087138,0.8439374877342902,0.4547802238320563,-0.0384474139405285,-0.0075467860271714,0.4073664061717305,0.1805074902444633,0.0344881795698984,6.140553304389645,0.6184577576477487,0.0,0.3465301412146254,0.0,0.2332561272667244,0.0,0.324412021854914,1.264179630595196,0.5057251691984145,0.0023705711411646,0.2430376125529148,0.648781015945066,,1.1515224569561178,,1.3180178502668445,,0.0704600744711511,-0.4576519481172705,1.972295066045066,,,,0.1122430515042191,0.8446354786293153,0.2522105379131866,,,,,,0.6496644679523332,0.2255078521850443,0.0,-0.0970352762775711,0.1175752136340178,1.053526137954128,-3.798679891488737,0.2689529403033655,0.8199373907262072,0.8385187072055345,-9.341253617975052,,0.8918816502439179,-0.4597364063539529,0.9541427501132612,0.0,0.0,8.627002739980496,-1.0170753057314903,-1.368125154713494,0.2186603246982978,,-3.429487416495105,,0.0095932886515904,-6.111008956883612,-0.0224896338926054,-11.24414040101616,-4.902537551343238,0.0,0.0,0.2314372690137227,0.8378298469953434,0.9006125438825948,0.1784105152689773,0.5143788438859137,0.8926577895144416,0.9127547341625476,0.9213963089546464,0.9038677832463552,-1.7025043514541571,-0.0223743116981458,-0.214628346918369,0.7081137684142452,,,,0.0,-35.00860585197935,0.0,0.0005228024337715,1.048509342698862,2.5217391304347827,-0.5015868652954193,0.0097859626685939,0.0,0.8876363731828176,0.4903859411888856,-0.215,6.8068,-0.0058102479730831
2018-06-30,0.7275589015326254,0.0350007649775245,,-0.5847176838984235,0.6285038176083841,0.5554743851522075,0.0,-0.0011839654992082,0.3328936913120879,,0.0,-0.5076384621550135,0.2124779173513819,-0.0157846420601872,0.3327233483397946,,0.364318965619878,,0.6830521824597798,0.6496720826759039,-0.3667420331016513,0.7066218819378531,0.4078144826671818,-0.0372585891396208,-0.0059393256371847,0.3447379838728965,0.1314665108153881,0.0259950662768128,0.3419680203138697,0.5931962566026767,0.0,0.3604630258347653,0.0,0.2604861237307649,0.0,0.324412021854914,1.2345117380364588,0.3593356803760766,0.0023705711411646,0.1795883742908294,0.648781015945066,,0.999267606955047,,1.156731441449801,,0.058886002643788,-0.5770539009500097,1.692987567987568,,,,0.0847105391134439,0.7250263705474849,0.3817701668082476,,,,,,0.5378248691755797,-1.2975858799245452,0.0,-1.389666718548301,4.2969584288010045,1.6967699795210778,-0.1735717408238381,0.9343647219439868,0.6436205566144454,0.7845746898694412,-0.4846926147838447,,0.8990594035301819,0.5552660492326965,0.6870039379493318,0.0,0.0,8.708145636929364,-0.173049857050149,-0.1807601172396843,0.3783560674554817,,-0.4809558421915045,,0.425059682014863,-0.4323482318108944,-0.0574015161141798,-2.145653312720448,-0.3452417401325405,0.0,0.0,0.0768934272709503,0.5063936728509129,0.8588934481366074,0.0343196020005885,0.5100806807700841,0.8998417890736254,0.6415675323252235,0.7106158919918336,0.9111419994495592,-0.2948844420399857,-0.0223317191037148,-0.2144819278444495,0.6480695350471722,,,,0.0,6.884681583476764,0.0,-0.0312780076756411,0.7716262208116025,2.1739130434782608,-0.501309114402689,0.0045972293597306,0.0,0.5512861615200342,0.107028245872968,-0.215,5.92,0.1251929141783533
2018-03-31,0.5623510517629796,0.0310917222456828,,-0.3544680823235062,0.4377069176704123,0.4551104829332625,0.0,0.0024451222661104,0.2163774134150348,,-0.0078248490265245,-0.5606027411899863,0.2254851869388816,-0.0159466533732675,0.2969121755496098,,0.3368032267495314,,0.4960929521654482,0.2596217270832577,-0.3458467886932051,0.5237374555384864,0.2703853495488481,-0.0095876670495274,-0.0064337567383497,0.2302164634141605,0.0344673680385235,0.0137079725636111,-0.0857741569104095,0.5085354963932791,0.0,0.2273233136435763,0.0,0.2589288731291236,0.0,0.324412021854914,1.147698826014441,0.2335644294160399,0.0023705711411646,0.1695079233640342,0.648781015945066,,0.8064555705309445,,0.945406007444252,,0.0200969489816787,-0.6168461688389258,1.3094405594405594,,,,0.0041460847561497,0.5598806822256868,0.3419195363478322,,,,,,0.4663579292084378,-0.0934024722363926,0.0,-0.5984472476044377,-4.008266949356776,0.4731309323155178,-0.9122658584815886,-0.2388982463329824,0.6799301249025803,0.6138977298415447,0.4755254797805274,,0.8938055841144629,-5.7379372258826375,0.4499891096721173,0.0,0.0,2.30792272326197,-0.1596737136550658,-0.0007682947982165,0.1621526003380636,,-1.0197987479517667,,-0.3074962289954188,-1.5894980600211024,0.485046546360821,-0.0363488789882317,0.1508991615608035,0.0,0.0,0.0675603064062451,1.014043905684086,0.9753157997027536,0.0397181910793328,0.5107090733822888,0.8945833976437074,0.4604865995948722,0.567672478414395,0.9058175731564924,-0.4172280843361869,-0.0223390673468435,-0.2144198076204906,0.4857985510016629,,,,0.0,0.0,0.0,-0.5102010923506162,0.8272469716420936,2.130434782608696,-0.5011277751179161,0.0045651971458699,0.0,0.878290394775703,0.4342423544008969,-0.215,5.0099,0.3403740857679548
2017-12-31,0.5178087739719542,0.021617828146169,,-0.2461510650375253,0.3902312138472331,0.4210820958162259,0.0,0.0039096704530663,0.2010965900842737,,-0.082708654210364,0.720938309866681,0.2384831722511582,0.0309815480244333,0.3117065650326138,,0.4172338480628523,,0.420806082095243,0.1259349197428002,-0.4616760622550679,0.4518061575497361,0.2562403314160166,-0.0080572259265198,-0.0062294962879589,0.1958135673127752,0.0,0.0159705613338414,-0.2869982045849075,0.4208085312809326,0.0,1.406675998863898,0.0,0.230579407357076,0.0,0.324412021854914,1.1387635283315398,0.217069839126199,0.0023705711411646,0.073038007994604,0.648781015945066,,0.7561622246649208,,0.8870162146045562,,-0.0200969489816787,-0.4832160753469013,1.1935703185703186,,,,-0.0041460847561497,0.51535516400439,0.3583827153570445,,,,,,0.4663579292084378,-2.44217411557317,0.0,-2.172683973764881,-5.406681488108323,2.118051365920511,0.0997694978658237,0.3724838455878519,0.0762741454097537,0.1368055225665453,2.6539118232655525,,0.8869084291834721,5.788910752629962,0.3451753308941932,0.0,0.0,5.34796976733386,-0.2005521646234754,0.2768290406203967,0.2701929124572507,,-0.1000117642115877,,0.0742410077558696,0.6232395376211167,-0.0924489165022273,1.569334129500627,1.2712234061680536,0.0,0.0,0.0688493943515546,0.7971150861113164,0.7915414011886314,-0.1290198520902276,0.493207679240736,0.8876802406239919,0.3481948975236836,0.4782343436567545,0.8988277263124899,-1.4578911219837687,-0.021241865784874,-0.1983924294614946,0.2327524856630184,,,,0.0,1.721170395869191,0.0,-0.2975106401562566,0.8220293516969259,1.826086956521739,-0.4835461436080905,0.0018065986616232,0.0,0.7264241525284678,0.2776325754592882,0.14,4.8796,0.3873089412397359
2017-09-30,0.3119056322036255,0.0072664525133946,,-0.6723187768031906,0.1283253159825295,0.3933189252499108,0.0,0.0034826974470459,0.2011462527600987,,-0.1394036760805375,0.4413369312565123,0.2514887335320168,0.0296392798447028,0.1527227581036096,,0.42199618748272,,0.1733634770924488,0.1722207192912462,-0.4021283162228303,0.2032073828532812,0.2429658319977543,-0.0002995291912172,-0.007897979543431,0.0399535814869402,-0.0285633236027848,-0.0234079309430729,0.5047074211641226,0.0075303098812456,0.0,0.9597699542886988,0.0,0.2087547653197389,0.0,0.3250624303418651,1.13037813053425,0.217123446544641,0.0023729518274281,0.0,0.648781015945066,,0.5122867317463221,,0.6280418821759749,,-0.2094487935387525,-0.8841908570207041,0.6561771561771562,,,,-0.0119279340499065,0.3095294957787927,0.2239047072249914,,,,,,0.4559274325852433,-0.5736261797746808,0.0,-0.8569364392435455,-3.629860881903797,0.5596825925986965,0.3344708761570088,0.0450754637119118,0.0611201373509162,0.0646991168164585,2.948629543651556,,0.8811811740406859,-1.8690962286970247,0.2929714822337035,0.0,0.0,0.8849788696419449,1.2706196769262477,0.4078691047608411,0.3164850229961869,,-0.2095748077811856,,-0.1301901812554045,0.3634905503184457,-0.1523288008575559,2.21875593897922,1.4225167662891387,0.0,0.0,0.0945842845141518,0.5217952546381847,0.7884678337243285,-0.128417523794442,-6.151747278255771,0.8819480014705721,0.381644751309566,0.5031738812965773,0.89302350171769,-0.3696434694404763,0.3403300703035609,2.5699398955722907,0.1416417845294102,,,,0.0,5.851979345955249,0.0,0.0483682389589308,0.7341933644107219,1.3043478260869563,6.2196263332980095,6.554322278117701,0.0,0.534446913661274,0.0799704462770477,0.0,4.3355,0.5278347227916722
2017-06-30,0.2673961767943507,-0.0072664525133946,,-0.4227176307226657,0.0734727540072569,0.3825892027903217,0.0,0.0040156880293274,0.1944093197741494,,-0.1690821826566804,0.4829410350263164,0.2191995376430938,0.0277192900045925,0.1203792087217544,,0.3399781196961098,,0.1168727648505066,0.0947277825868826,1.344481239903349,0.1466846778069281,0.240816174018674,0.0002995291912172,-0.0083003099878464,-0.0038394693045618,-0.032737678655025,-0.0232923462492968,0.0410152500077674,-0.0452258429138203,0.0,1.2394222493266531,0.0,0.1972495852381849,0.0,0.3302016648761365,1.12902020834715,0.2098513940506074,0.0023729518274281,-0.0382336742993056,0.648781015945066,,0.4672290323054481,,0.5722346421095131,,-0.2336201007265552,-0.9795955762617022,0.5577894327894328,,,,-0.0131881182496445,0.2650367875894291,0.1914772935254987,,,,,,0.3911571682908061,-0.3104654146518979,0.0,-0.6454039271304439,-4.775391478386197,-0.4761612405670982,1.863025357703403,-0.5430191638886366,0.1525444909368252,0.0500298423779147,9.412043932704176,,0.8888154916339216,-2.3067587057792545,0.2874363694303842,0.0,0.0,0.8849788696419449,-0.4049074593598127,1.4318510054576177,0.7728094657808876,,0.9249285324146044,,-0.4973816867666152,2.757941126613481,-0.214425777432246,9.907057025133469,4.745403454236664,0.0,0.0,-0.0062188040152959,0.3491946189666642,0.758200238644092,-0.09911205420749,-5.658810644812773,0.889588962651201,0.1500201356393984,0.3234725098234133,0.9007604180649535,-0.5601743196495819,0.3668931527421935,2.386231426084397,0.0175829289481413,,,,0.0,5.163511187607573,0.0,-0.0696408897123928,0.5977889294073518,1.3478260869565215,5.720275896825401,4.581665707821073,0.0,0.3858805893742001,-0.0829300982513675,0.0,4.4608,0.5036540530846484
2017-03-31,0.2597740796471525,-0.0198587589168403,,-1.544889863285413,0.1008096930857615,0.2419104638133349,0.0,-0.0005909818558773,0.0129552730301108,,-0.1740223899112209,0.3172833898848486,9.484815567872696e-05,0.0242400525475905,0.3155083180259812,,0.3124623808257632,,0.140829512710361,0.5736653746671165,0.2896301705936731,0.1813023643870622,0.0450851188315239,0.0188049126886755,-0.0055832978823577,0.0038394693045618,-0.1250402006144626,-0.0232323918861333,2.125711122199493,-0.2791356344942087,0.0,1.0898761108432249,0.0,0.1930463344656713,0.0,0.3334136482148744,1.0053784266638746,0.0139843198301057,0.0023729518274281,-0.0445979525912936,0.648781015945066,,0.4593031272116735,,0.5510115757692868,,-0.3407906415445592,-1.0129462876687352,0.6178127428127428,,,,-0.1279306426629526,0.2574175583482957,0.4104656320769806,,,,,,0.3199704680687661,0.5616381026370771,0.0,0.2055265646459045,-5.980232130744372,-0.7545092471387989,-2.1872644386724303,-0.7465860073162829,0.2808605616707568,0.1385297909005133,2.6667482691182,,0.899299895264,-0.2684008744441257,0.0925881799241248,0.0,0.0,0.0,-0.600303472127233,0.7289148338097888,0.2915208931168678,,-2.25737044661989,,-0.62448370777187,-3.586758296388184,0.3947719268674901,4.272050085032807,1.2776439455970283,0.0,0.0,0.0874308028650762,0.6371652006800207,0.7296713303364609,-0.1172410304852541,-5.054016430157056,0.9000824900897837,0.2611681828085416,0.412799984457393,0.9113857231883264,0.9442066229518772,0.4158739559448616,2.158701002290746,-0.0175829289481413,,,,0.0,4.130808950086059,0.0,0.0264826474210471,0.6274444817845571,1.2608695652173914,5.110500518652722,4.595328903042392,0.0,0.5337416598300134,0.0506914932301778,0.0,4.3852,0.5295767581866275
2016-12-31,0.2802126949159951,-0.0537882248048321,,-0.2739086676342177,0.1337230609974997,0.2241623235490099,0.0,-0.0011921894005945,0.0043808210386375,,-0.21242454679732,0.4588634481284565,0.0130970299603561,0.0228973392818349,0.5893762712535918,,0.3405072685205396,,0.1516170052694025,0.6443690263807444,-0.4763468319708498,0.207807165103374,0.038323968344754,0.0289029955173789,-0.0017913738819421,0.0462337227457798,-0.1441620374898629,-0.0232043365455234,-0.2354320030018299,-0.2756004923019568,0.0,1.2193753949422808,0.0,0.1753326151260203,0.0,0.3275790944231575,1.0011074606098995,0.0047287928537187,0.0023729518274281,-0.0940699688131009,0.648781015945066,,0.4767207609534869,,0.5615327152874311,,-0.3391709440618141,-0.9851672293792556,0.6768648018648019,,,,-0.1318942010980127,0.2778484833414106,0.7160907469180225,,,,,,0.3138055539847673,0.3944066791082156,0.0,-0.7484754348771708,0.9383742148531042,1.696478056704569,-0.1343989789473126,1.365539826331023,0.0264033500570497,0.262741395458419,-14.874879353825577,,1.063964659406727,0.9406755041145562,0.0490125679630077,0.0,0.0,0.0,2.443216137912594,-2.110140885561496,0.0575101222532332,,,,,-0.8047061279263769,-0.2550981202203803,-22.41796584684232,-7.748415764398087,0.0,0.0,0.1030606429403009,0.9387981373346144,0.5416985132389847,-0.1667101017434807,-12.678567466565084,1.0648905499151695,0.5649115364180082,0.4580973258620885,0.0195248212005156,,2.002287661854742,6.139724528318455,0.0267142712071184,,,,0.0,175.19085714285714,0.0,-0.1745619298692985,0.6501196208233397,1.0434782608695652,12.803661303721787,5.766194593153129,0.0,2.1651221999803103,0.2291441739835351,,3.8195,0.7655497354636622
2016-09-30,0.1639582608687894,-0.064237942127062,,-0.2391971911478373,-0.0089102204751988,0.1942274530186045,0.0,0.0050340104383657,0.0043808210386375,,-0.2812089771810075,0.2276844158272996,0.0357794613263515,0.0576682384511514,0.0462823678161101,,0.3590274773755805,,0.0482000529080896,-0.0077828800638866,-0.1082110954498423,0.0759318727638926,0.0313113086822089,0.0326058704851901,-0.0093107448231763,-0.0660440445957043,-0.1765522466128859,-0.0232594365316432,-0.2999166423905443,-0.1078652895729293,0.0,0.960502296036722,0.0,0.1435328949145467,0.0,0.2956067781651395,0.9966776181703008,0.0047287928537187,0.0023729518274281,-0.1826822950905698,0.648781015945066,,0.3619687189582317,,0.4428570987507636,,-0.2623196405347899,-1.0101959182903597,0.3782051282051282,,,,-0.1360052006109026,0.1616377914284265,0.1100373009113893,,,,,,0.2738206936033777,-0.2229904919009399,,-0.7918715714273522,-3.4611999278188,-0.2017889856544513,0.2148167526548125,-1.893655877731805,0.3625989383776916,0.0164235463761595,5.091919144881517,,0.5744539468689382,-6.366711172730029,0.0488490014999374,0.0,0.0,0.0,-0.1849964899766991,0.9128436824529336,0.4758638311254373,,-0.3239976051426411,,-1.340685306760992,0.1760547157212636,-0.178624580705479,6.073788320300242,2.52432643210924,0.0,0.0,-0.0628772916930935,0.2243967772932219,0.4558991078425696,-0.3474337838948648,-3.2509205033929125,0.5749538520605636,-0.007560883617679,0.131299523845759,0.5821741207384904,0.381226415805577,0.3801854441690499,1.4919688534816993,-0.1067330992600549,,,,0.0,22.052523235800344,0.0,-0.1826743814278221,0.3927612407535683,0.9130434782608696,3.287817704766092,2.1427375551631576,0.0,0.3363820562465133,-0.1206952197244824,0.0,3.7202,0.8029944626632974
2016-06-30,-0.1020392612763883,-0.7444453730990233,,-0.2495024957584471,-0.2826298548455856,0.185266360554349,0.0,0.0041371187113701,0.0040007105582848,,-0.2960885200577988,-0.8873654118464293,-0.8920258845593219,-0.0156848315190931,0.7638323764073482,,-0.91569204067567,,-0.2261782948959255,-0.2434913544581252,-0.2694886590286901,-0.1472677555675452,0.029331666125543,-0.2374457538901729,6.215334528364468e-05,-0.196736339364547,-0.013959941601645,-0.0246551950625908,-0.2807721426782728,-0.3172619041672544,0.0,-0.7907452324528738,0.0,-0.8246673848739796,0.0,0.2673222590148155,0.0,0.0043184899202589,1.0618084274058344e-06,-0.2018510357620125,0.648781015945066,,0.1480737817242245,,0.0600231429390677,,-0.3582589694526242,-1.4481641486064218,-0.0953768453768453,,,,-0.1371657174444254,-0.1042596459379499,0.8654831059473189,,,,,,0.026544548861551,0.625436312195836,,0.4276208824203418,-0.6424111448244081,-0.5262267927685198,0.3413112976239156,0.2765971637040129,0.3054870509023382,0.341865193955797,0.1852388602573477,,-0.0879843818008287,3.674399529554119,0.005188348516893,0.0,0.0,0.0,-0.3594339112344294,-0.0208306624142686,97.4283752309446,,0.4391437754716188,,0.014366149628743,0.3742059362083655,-0.2895231130737679,0.0244929027671775,0.8557686633199756,0.0,0.0,-0.1147811354943439,22.570922758518737,0.0047997819655758,-0.8851967538283869,-5.651496382976227,-0.0880609481635179,-0.1041690292295753,-0.0892863514863427,-0.0891668172754385,2.377825033513283,0.5796242470024783,2.5047362404644766,-0.2410654726524452,,,,0.0,41.12128743545611,0.0,209.8337871528873,0.1266157294089641,-0.1739130434782608,5.705989085280588,1.4089508800903452,0.0,0.2235173957273652,-0.1442759613970407,0.0,3.527,0.0163878650411113
2016-03-31,-0.1181142793165992,-0.7444453730990233,,0.7845824859638156,-0.3017173296735112,0.1774415092921216,0.0,0.0051137308686208,0.0040007105582848,,-0.3102205103936631,-0.787207780063587,-0.8920258845593219,-0.0112803714877348,0.6419371559694258,,-0.9162211895001,,-0.24306278516476,-0.3466747638444283,,-0.1707486319074217,0.0281042959455909,0.1956993237978197,0.0015740724197402,-0.16970034691232,-0.0213359071245351,-0.0246637890407406,-0.3037578906249377,-0.938174972771689,0.0,-0.1391795150106592,0.0,-0.8246673848739796,0.0,0.2387239326851583,0.0,0.0043184899202589,0.0,-0.2200567333538417,0.648781015945066,,0.1242159744682419,,0.0329280366693051,,-0.6427429532726623,3.326455853782749,-0.1341297591297591,,,,-0.1378852330711238,-0.1203286155585672,0.7295732249925122,,,,,,0.0179128577831668,-0.2083796517232389,,-0.4202239230104515,0.2270575827291782,0.2007566063835791,,-0.9513126240787068,0.4709050205069248,0.2865801533364204,-0.2330915322748872,,-0.0558383327248275,0.9273137654430872,0.0,0.0,0.0,0.0,0.1509009580499874,0.0007682947982165,22.004314241912024,,0.1930333599428595,,-0.7523098620999986,0.0167956281749112,0.1608656945521884,0.0275143529935014,-0.0198030955716763,0.0,0.0,-0.2175194077000617,-0.3151008943750462,-0.0009830931082976,-0.7648674733144207,-0.9390462313418472,-0.0558869247356806,-0.3026266809656094,-0.2376535844327839,-0.0565887525619114,-0.0814997612772065,0.7027722288884357,0.7628939919632588,-0.2589226781737976,,,,0.0,10.705370051635112,0.0,-151.04497433175257,-0.1253617757047676,0.0869565217391304,0.9476454516344056,-1.0198017059644813,0.0,-0.0154758638794998,-0.4744315876658306,0.0,3.252,0.1023370233702337
2015-12-31,-0.1344440601246696,-0.7444453730990233,,-0.2005893753692463,-0.3249829865717063,0.1842110656396775,0.0,0.0058307883857135,-0.0040007105582848,,-0.2738138297387746,-0.7863528280210532,-0.8920258845593219,-0.0105170489549526,0.9949925488251818,,-0.8765350276678692,,-0.2885124325673956,-0.4120497340154994,-0.4843274501538878,-0.1939754300579021,0.0238303599875389,0.593987006144926,0.0044003159891493,-0.2139368375327906,-0.0149546977505156,-0.0241929387335433,0.2038971873246509,-0.938459287975048,0.0,-0.2325802643417268,0.0,-0.8246673848739796,0.0,0.214769642277299,0.0,-0.0043184899202589,0.0,-0.1731554121264195,0.648781015945066,,0.094290730613803,,0.0,,-0.6428732180807358,3.361751777731671,-0.1888111888111888,,,,-0.1403907230688086,-0.1366522520894772,1.1369731264298215,,,,,,0.0179128577831668,0.5094701755400215,0.0,0.2515699239070659,0.1091699690937497,-0.0190683725947907,0.2589020610013494,1.492568646786368,0.1934268137499138,0.4467068725367085,-0.3621770004806522,,-0.0246323473369573,1.9213546103360208,-3.486258809361383e-05,0.0,0.0,0.0,1.8799489879152689,-0.0502536653357466,52.567575867762095,,0.3749777740431074,,0.7735881839354093,-0.3923839398482667,-0.2630805531618809,-0.0298501673323751,0.1812978516060177,0.0,0.0,-0.1736488868645183,23.32256633897553,-0.0373259880491521,-0.6510866813529712,-11.163739869621224,-0.0246537830645431,-0.2312248647277826,-0.1749153008870619,-0.0249633851952452,0.4170364571647901,3.742049132045015,6.538727343172464,-0.2745822791876249,,,,0.0,10.78829604130809,0.0,655.0992835894028,-0.0434463285829559,0.0,11.265101361940085,4.406008774052464,0.0,0.0865772323040068,-0.333444088164182,0.0,3.3603,-0.093711870963902
2015-09-30,-0.1271769952819965,-0.7444453730990233,,0.385130089059388,-0.315696092624778,0.185249684271136,0.0,0.0060034909776352,0.0466303874452755,,-0.259136430658228,-0.6148494482887601,-0.8920258845593219,-0.0067291443396506,0.4027644037833693,,-0.8791807717900179,,-0.250885740296728,-0.4309579235001002,,-0.1923505249184663,0.022355952710144,0.7294469921810173,-0.0029253759984324,-0.1962922183211407,-0.0139756612218535,-0.0245950380926283,-0.287864045571305,-0.9314975763493646,0.0,0.0,0.0,-0.8246673848739796,0.0,0.181972738047736,0.0,0.0503342731813425,0.0,-0.1542470855040264,-0.9309925361083632,,0.1339622070474738,,0.0400637603665251,,-0.6396835679386764,3.419390736304708,-0.1693861693861693,,,,-0.1157094457533242,-0.1293879215676784,0.4655422417584478,,,,,,0.0161431838270974,0.2119206989468493,3801694.0,-0.0961191644596015,0.0740311778114518,-0.0845909976718734,,-0.3412399273126599,0.2482834120139661,0.1781044044748142,0.278392090754461,,-0.0282204100080672,-0.1037115311307341,-5.804790153451236e-05,0.0,0.0,0.0,0.1728781750776325,-0.0577919036122387,1.552122233578364,1.0885363319431982,0.183996176631234,,-0.3713958025535038,0.9573729035795876,-0.2964116403723258,-0.4952496889341508,0.037262162495576,0.0,0.0,-0.0571650718729305,-0.3151008943750462,0.0239491511147239,-0.6975061924708834,-1.5947832043357075,-0.0282449681637726,-0.026691986983159,-0.0155425907906815,-0.0285996683857314,0.5880591269072892,0.9574186545046094,1.1835141429761182,-0.2900724284467097,,,,0.0,0.0,0.0,293.7582477897851,-0.0897278215501214,-0.1304347826086956,1.609776873086739,1.97412896012693,0.0,0.1432520066944508,0.0409020899821933,0.0,2.9235,0.0416965965452367
2015-06-30,-0.1323936027155808,-0.7444453730990233,,0.0908412583557055,-0.3180543725561258,0.1681429576335242,0.0,0.0033538959899029,0.0466303874452755,,-0.3021494469033411,-0.8073098399636646,-0.8920258845593219,-0.0078801368001607,0.5198461083716982,,-0.8982301294694887,,-0.2515660809509655,-0.1563251234083227,,-0.1861366984568674,0.0211753418677414,0.7448794822025754,-0.0020062225408057,-0.2098620321448595,-0.0301010317445655,-0.0245434748084536,-0.1667295588632454,-0.863454814168247,0.0,-0.223361167912467,0.0,-0.8246673848739796,0.0,0.1539447020129947,0.0,0.0503342731813425,0.0,-0.2096590938383128,-0.9309925361083632,,0.1254419181087659,,0.0294765234473664,,-0.6085083889415412,1.7192574771614135,-0.1707459207459207,,,,-0.1164015498666826,-0.1346025661897414,0.5974207535952571,,,,,,0.0160515320856993,1.0300725980766194,3368859.0,0.6207840378644368,-0.2631260561202957,-0.7132912702999176,,0.4773546862222225,0.1547889309326358,0.2312062961707896,0.3272704550301863,,-0.0136517167631914,-0.1219190485473229,-9.34181972217225e-05,0.0,0.0,0.0,-0.5858218006000494,0.009907907738525,1.2271905342191125,-0.6694195049753974,0.258591445737574,,0.1397141012618475,0.2738456474317032,-0.1943454388095123,-0.0129534007191093,0.0652654655994923,0.0,0.0,-0.1118447347881415,-0.3151008943750462,0.0256474225133254,-0.7324337784320067,-3.67976575542532,-0.013663596852312,-0.1329197935265913,-0.0955358394707742,-0.0138351842588961,-0.2668227041170544,0.9572802625923532,1.9687735858585669,-0.3006307233550264,,,,0.0,0.0,0.0,119.09195209651438,0.071617610344075,0.0434782608695652,3.715795509192836,0.7986190265879098,0.0,0.2303481508220392,-0.1348229481797142,0.0,3.0374,-0.0859287548561268
2015-03-31,-0.1074994069674397,-0.7444453730990233,,-0.2219573460379557,-0.2827773039074159,0.1585469597139268,0.0,0.002339691769761,0.0462579173765882,,-0.3180845675029884,-0.9094445483448664,-0.8920258845593219,-0.0075176142328422,0.3202986781443906,,-0.9130462965535214,,-0.1983933891394778,-0.0531519575387991,,-0.1464324046999497,0.0193024023356286,0.911447187175614,-0.0058246689664826,-0.1735238551147346,-0.0391465391210886,-0.0240360959279628,-0.3319436636399631,-0.856467853732764,0.0,-0.3297662704340052,0.0,-0.8246673848739796,0.0,0.1165743733942214,0.0,0.0499322175430276,0.0,-0.2301876945401023,-0.9309925361083632,,0.171413974536358,,0.0776219990719288,,-0.6053071705424073,1.7047943175459443,-0.0961538461538461,,,,-0.1174995146724341,-0.1097177371832707,0.3910113747403623,,,,,,0.0144113022023674,-0.3980640004668287,-2461713.0,-0.5578652298924958,0.9580064598647836,0.792497505575564,,1.1138719033200482,-0.0540593707298237,0.1407024376439726,-0.2985183973938692,,-0.0143151039612466,1.6552514306586543,-0.0916186276562203,0.0,0.0,0.0,2.26487827371887,-0.0778586440282126,43.21178358032942,-0.367888321929894,0.0751478929456745,,0.5371394547012415,-0.5277351985642333,0.1648580372126878,-0.5734272419944596,0.1321658583829037,0.0,0.0,-0.0609264211510412,-0.3151008943750462,-0.0037268189718587,-0.7337183855570775,-2.5052339295803105,-0.0143275613476531,0.008637486057422,0.0151642578324215,-0.0145074868182953,-0.0269448034537934,1.1271755900055966,1.564514536997975,-0.2163881948454497,,,,0.0,0.0,0.0,236.83624005176827,-0.0822828392152436,0.0869565217391304,2.5284897620162985,1.5905233003452657,0.0,0.0597753027270042,0.0288141726433246,0.0,3.0675,-0.0948981255093723
2014-12-31,-0.1152122731990162,-0.7444453730990233,,0.2910819715741268,-0.2855430951200612,0.1305162891718078,0.0,0.0052234204722799,0.0373625680951689,,-0.3652825198070683,-0.8307248390285608,-0.8920258845593219,-0.0082441058970602,-0.1254510754461807,,-0.8902928971030425,,-0.177809845558726,-0.351529247352188,-0.4432054290104713,-0.1526905664774647,0.0150025589015621,0.923033651325748,-0.0103767679207817,-0.2171127982767832,-0.0655691831527023,-0.0240532835919004,-0.3302494248749835,-0.6479688257813766,0.0,-0.2682482876411471,0.0,-0.8246673848739796,0.0,0.0,0.0,0.040330304170554,0.0,-0.2909909944419562,-0.9309925361083632,,0.1872040853309635,,0.086721777695266,,-0.5097790892483032,1.460652319067469,-0.1195609945609945,,,,-0.1200201922917063,-0.1174277013558186,-0.1055484609812739,,,,,,0.0144113022023674,0.6797900586047624,0.0,0.386601618918531,-0.0045493283268891,-0.6106346898068198,-0.0035737820665441,-0.5089300850100364,0.0311871366280331,-0.0614654008061158,-0.1438009431663995,,-0.0027462676052898,1.6614186401134377,-0.0916187968920849,0.0,0.0,-77.60321262713045,-0.4003133079164162,-0.0184988457220336,44.04322840913558,,0.191137683290618,,-0.4760973226397155,0.030999971655566,-0.3574154620972393,0.0230569637228249,0.2190811029180629,0.0,0.0,-0.1733433879747872,23.32256633897553,-0.0500177192081268,-0.8371615221219078,-3.2416495863100456,-0.0027486574808246,-0.200874910576687,-0.146361475705772,-0.0027831751128815,-0.055328146739079,4.419039641680832,4.005880986231313,-0.2225917312108346,,,,0.0,0.8605851979345955,0.0,3354.701415361396,-0.0951205566793646,0.0869565217391304,3.271311780564221,14.636644087102647,0.0,-1.4029173366586811,-0.3324623007647306,0.0,2.9221,-0.0498614010471919
2014-09-30,-0.1018909516620953,-0.7444453730990233,,0.7005159013383853,-0.267402854309624,0.1281806872894495,0.0,0.0066839409892685,0.0373625680951689,,-0.3568057155380095,-0.813935718293302,-0.8920258845593219,-0.0059331079840349,0.0564925139761305,,-0.8728309858968609,,-0.1709285511804957,-0.5011093989216799,,-0.1353580847391556,0.014236042127197,1.0024593915553677,-0.0065136418147578,-0.1945000588078449,-0.0677707993089904,-0.0240446896137506,-0.2909602801920385,-0.5988710920143722,0.0,-0.300452874481693,0.0,-0.8246673848739796,0.0,-0.0547432133269466,0.0,0.040330304170554,0.0,-0.2800706547445845,-0.9309925361083632,,0.1880929899838582,,0.0877514755484859,,-0.4872839613393891,2.0344833103847195,-0.0722610722610722,,,,-0.1204695439268451,-0.1041113921269396,0.0971831735130711,,,,,,0.0096682044822679,0.3123263015269082,1503425.0,0.0,0.1244996737738894,0.0028533149183103,,0.4863878810473225,-0.0639443992055314,0.0210543132196713,0.080222480121624,,0.0129164040373604,0.1675899279129648,-0.0916388513420319,0.0,0.0,0.0789485905354572,0.2238939101894711,-0.5722047664698805,3.634446617398482,0.1397743856490411,1.0011415486744255,,0.1453542010888732,0.1562004384080763,-0.3604227641238741,1.0196152343990794,-0.0193385481930913,0.0,0.0,0.4851982910118999,-0.3151008943750462,0.7860011052735643,-0.8066992120180819,-2.3803378308510497,0.0129276442376769,0.9762423335948184,0.778797228882697,0.0130899895536255,14.15062888163119,1.1262957059302283,1.6061170230112023,-0.2738824607609897,,,,0.0,0.0,0.0,1981.78940432702,0.0019423720833749,0.1304347826086956,2.4037099063890626,13.33521168089416,0.0,3.1126596790601515,1.7839052022790778,0.0,2.8562,-0.0279392199425809
2014-06-30,-0.1070343196277541,-0.7444453730990233,,-0.2343619852511604,-0.2467003028792723,0.0238631742379874,1.0,0.0083448900396691,0.0373625680951689,,-0.6744745544013966,-0.1260519917710865,-0.8920258845593219,-0.0055761489920283,-0.146548920016657,,-0.4563908610706533,0.0,-0.16891919175929,-0.5684425030306137,,-0.1453318974013655,0.0201216106403397,1.4136671261861686,-0.0122426274006654,-0.2090076430821849,-0.1661039629584399,-0.0239638904316002,-0.3088991617235879,-0.5750727477366337,0.0,-1131.8936016879263,0.0,-0.8246673848739796,0.0,-0.1213634787537525,0.0,0.040330304170554,0.0,-0.6893111564180978,-0.9309925361083632,,0.204496398989864,,0.1050985513757483,,-0.4763802646211534,2.0472298885263216,-0.1065462315462315,,,,-0.1170192739216088,-0.1092528248383111,-0.1262693733118705,,,,,,0.0126632200514206,0.6593321757885927,-443402.0,0.2938296650470169,-0.0738082295973488,-0.3559452246977277,,0.2779509447802062,-0.1213016277575667,-0.0710342353335867,-0.0210830149511109,,0.0389390895856127,-0.1286489990578436,-0.0936426885960243,0.0,0.0,-0.0001758115450703,-0.0022738965395124,-0.0507786779885757,2.284209284956169,0.2733848600455678,0.1698133271711272,,0.0152114165095649,-0.0262487306091881,-0.0015357474211662,0.0691749037958058,-0.1232937131770928,0.0,0.0,-0.1009265407774997,-0.3151008943750462,-0.0433885548940893,-0.6955381496760108,-0.4345320106199654,0.038972975423019,-0.1205702517284966,-0.074359069839733,0.0394623979266234,0.9466380358367624,1.202160328776237,0.883807344913637,-0.3139878589585856,,,,0.0,0.0,0.0,89.07580327016528,-0.0466090960924304,0.1304347826086956,0.4397677956868118,0.5966869797367716,0.0,0.2557464247038362,-0.0997362167199754,0.0175,2.891,-0.0396402628848148
2014-03-31,-0.1079999386787999,-0.7444453730990233,,0.1773734756461462,-0.2438193946903034,0.0080982107664875,1.0,-0.993643498454992,0.030849117150432,,-0.702114816357221,0.0702877447968153,-0.8920258845593219,-0.0055859408845771,-0.2689677775806948,,-0.4421038428110502,0.0,-0.2896140775512058,-0.2585287753824952,,-0.2692242959648244,0.016948070964106,1.2764778919922606,-0.0126558632948665,-0.1851371828954618,-0.1809645428133856,-0.023972484117388,-0.3139877202211645,-0.5387636461239271,0.0,-0.2950648520047529,0.0,-0.8246673848739796,0.0,-0.1761499637719784,0.0,0.0332994850595093,0.0,-0.7249190388583815,-0.9309925361083632,,0.2049236630737902,,0.1055817435526041,,-0.4597445093149789,0.2991811117188826,-0.1033411033411033,,,,-0.1188796836221986,-0.1102180805635322,-0.2627619480214342,,,,,,0.0,0.3337622791549274,83686.0,0.0132845545142945,-0.0810650970978219,-0.2134772711338863,,-0.6184592479952447,-0.0162055278419406,-0.1265567692663441,-0.2023652217788962,,0.0132863913201575,0.0190117152862167,-0.1468078815849886,0.0,0.0,1.4696033646031672,-0.2537714822863827,0.0058623069897556,3.1406968630842407,-0.6266280847980776,0.1381927650098735,,-0.5444845793266423,-0.2609635909159616,-0.4151484533942327,-0.1030895718445222,-0.2241017202189429,0.0,0.0,-0.1687797852953351,-0.3151008943750462,-0.0528013824143864,-0.8514064706331858,-0.4564971683889063,0.0132979534933049,-0.2553791961734071,-0.1855327471395936,0.0134649491517289,-0.5519687067484925,1.155911575153088,0.8019630968236269,-0.3367649388514525,,,,0.0,0.0,0.0,-312.10548141225524,-0.0389758448944402,0.0,0.4620415478066162,-2.1032862146491818,123588.0,0.0979039018147212,-0.3025239507208371,-148.75,2.8271,-0.0346998691238371
2013-12-31,-0.1162821422793149,-0.7444453730990233,,0.1851021146083384,-0.2402620107991844,-0.0467900505465908,1.0,0.0087231330996847,0.0117480879869807,,-0.6992247027800962,-0.0171738491543989,-0.8920258845593219,-0.0008020450169524,-0.0446587443359151,,-0.419879592185001,,-0.2517302683299433,-0.3806844312010994,,-0.2194270483998598,0.0,1.2891443556477342,-0.0056915641988705,-0.1996960494257389,-0.1957427005527685,-0.0138744282285747,-0.3261636671824623,-0.4501608370103638,0.0,-0.4516611034369434,0.0,-0.8246673848739796,0.0,-0.2309791085585767,0.0,0.0126812471972082,-0.2418827539957527,-0.7211958171082475,-0.9309925361083632,,0.1521563001664695,,0.0657201142033314,,-0.4191493255625639,0.3148582215767269,-0.1001359751359751,,,,-0.1288150740205082,-0.1184971678849605,0.2982569857163439,,,,,,0.0,0.4700505372067127,-522431.0,0.1262071052828349,-0.0342173606367933,-0.2159896338463899,,-0.1279650512921319,0.0,-0.024822394697112,-0.393287339718088,,0.0214647382140181,-0.0370402086476469,-0.1468482443386795,0.0,0.0,-1556.2260134096502,0.1453754332856209,0.0109438616968074,5.739769645033217,-0.1397743856490411,0.0,,-0.2382323299790071,-0.5506063095389814,-0.4072955322738766,-0.1027448348181605,-0.3451258613697713,0.0,0.0,-0.1957745452050329,-0.2991351910710326,-0.0676314779746913,-0.8305909250617352,0.5051767360587808,0.0214834174034092,-0.3140058332437414,-0.2296504694353014,0.0217532060920435,-0.5517990289044966,-0.0206637243861192,-0.214950689663694,-0.3420790339258128,,,,0.0,0.0,0.0,-0.2008432082149929,-0.0908612059359438,0.0,-0.504515267736561,-0.003903796236742,-364407.0,0.0401420798739868,-0.3934703956780028,-239.0625,2.6708,0.0217912236034148
2013-09-30,-0.0803476351015825,-0.7444453730990233,,0.1889509959662185,-0.1930615528901551,-0.0482551863198893,1.0,-0.9925674083859536,0.0117480879869807,,-0.6823218886905166,0.0207325870314462,-0.8920258845593219,0.0008020450169524,-0.0100709119961291,,-0.003968616183223,0.0,-0.2066553286770028,-0.3814286082966123,,-0.1738112504794565,-0.0004279307548436,1.2987024933823794,-0.0090739414099007,-0.1810432277178101,-0.1971237863508297,-0.0239810780955378,-0.3291331658391541,-0.3689979608808819,0.0,-0.4547267927053987,0.0,-0.8186380232453486,0.0,-0.3110734574549016,0.0,0.0126812471972082,-0.2418827539957527,-0.6994205742406634,-0.9309925361083632,,0.2054791371254108,,0.1263000739814681,,-0.3819628988192787,0.338473351314987,-0.0794483294483294,,,,-0.1290659379165716,-0.0825761814993514,0.0250731511516381,,,,,,-0.0790081514735856,0.32911574801439,1249392.0,0.0126566764875232,-0.012315867990694,-0.0514894256435683,,0.2535883105874164,-0.0529420723581897,-0.0091352356028383,0.0,,0.0175032843771093,0.1433206033345722,-0.2002199897003052,0.0,0.0,0.6726292434867412,-0.415947208163273,0.0194975886131429,4.248290027123708,0.6551264287932699,0.1573205327507247,,0.0,0.2618144338781513,-0.4017467953801444,-0.0734420712693789,-0.1296349139357159,0.0,0.0,-0.1932768011794717,-0.3126299061275778,-0.0545669258548783,-0.682012627428393,-0.2874684540522838,0.0175185162033999,-0.3036853365853467,-0.222435834128003,0.0177385136751515,-0.352325068393627,0.9216430524398656,0.6985940405981756,-0.334803866765635,,,,0.0,0.0,0.0,147.10677689865844,-0.0764076628469758,0.0434782608695652,0.2909504697709345,-0.6941207235793356,-79716.0,0.0409181111147573,-0.3826802366223691,-239.0485,2.6681,0.022825231438102
2013-06-30,-0.0960206150494422,-0.7444453730990233,,-0.2224679476687647,-0.194344842028061,-0.1234452388865136,1.0,-0.9925869027712624,-0.1028447162733128,,-0.6714411957844856,-0.005461006171685,-0.8920258845593219,0.0078290631787981,-0.123066399727592,,-0.0119058485496692,0.0,-0.1716450348828128,-0.460256929341428,,-0.1465894639890929,-0.1048598096897764,1.4607192813649732,-0.0119512947249412,-0.1712972862086144,-0.2680004352237482,-0.0240498290436501,-0.3309951023753068,-0.3205630197932383,0.0,-0.5053484677508132,0.0,-0.8125631198541428,0.0,-0.3635903641199178,0.0,-0.1110137472100946,-0.2418827539957527,-0.6854033976131048,-0.9309925361083632,,0.17171612142916,,0.1181047658922435,,-0.359771442891847,0.3447646289554922,-0.0796425796425796,,,,-0.1902865623430926,-0.0982432642993032,-0.1027882638631056,,,,,,-0.08270165793503,-0.2632255423022769,4119559.0,-0.5138353672885295,0.2404214382868368,0.3436360069713013,,-0.6093917216339557,0.0505107510192715,-0.06038384163183,0.0764911213252756,,0.014463838848931,-0.0852510858210903,-0.27847050718127,0.0,0.0,0.3625414363999443,0.2809469335843514,0.0112177495991169,2.798586815519478,0.4929475212101017,0.2051031469265997,,-0.5388230437512387,0.3813972633045352,-0.2159386256618476,-0.0593116913538232,-0.0775726160675926,0.0,0.0,-0.2042138984276569,-0.3071427304309261,-0.055724804591395,-0.7244735588353983,-0.2801385980733775,0.0144764256684156,-0.3293067171861379,-0.2431634547977275,0.0146582205767328,-0.5752258323351956,1.0974395633997256,0.7989448969277209,-0.3460856874691699,,,,0.0,0.0,0.0,154.27191080774148,-0.0573255186451692,0.0434782608695652,0.2838347055537181,-0.9593933186523228,0.0,0.0154758638794998,-0.4069370587867329,-367.9065,2.4178,0.1194957840047696
2013-03-31,-0.1237246603157882,-0.7444453730990233,,-0.2379629989640733,-0.2146489628137496,-0.1847490044147719,1.0,-0.9925479140006448,-0.104179878211838,,-0.6592362813209843,0.0265462609206764,-0.8920258845593219,0.0081237101273123,0.0977353504503042,,0.003968616183223,0.0,-0.1820273305112802,-0.5311437425400252,,-0.1436695910112971,-0.1062948524850752,1.4725388508286552,-0.0087862976152677,-0.2100973727867528,-0.2739711377491344,-0.0237454186138736,-0.3022094413712393,-0.3153677738562015,0.0,-0.4728721749939802,0.0,-0.8125642518314877,0.0,-0.4753912361887361,0.0,-0.1124549620366695,-0.5809792220856153,-0.6696802774739162,-0.9309925361083632,,0.1213506788481597,,0.0690662406157194,,-0.3573911350261823,0.3496781724101074,-0.1239316239316239,,,,-0.1911278209405915,-0.1259368855841773,0.1523071982320024,,,,,,-0.2070587921300005,0.0,-4160838.0,-0.2955710445851622,0.0639481506212403,0.4761247940578221,,0.9831426920654124,-0.134645946434056,0.0397598201422679,-0.3159028115220071,,0.0,-0.2255122959273273,-0.4551109484942492,0.0,0.0,1.561901430362699,-0.2564876231971095,0.0028376512744051,6.878383092888871,-0.7656523585948102,0.201757069030713,,0.4555154206733576,-0.4940644758104904,-0.2556822373035713,-0.0345263901776465,-0.3152612932758143,0.0,0.0,-0.1700763216805124,-0.3071696355976051,-0.0507288994184216,-0.8247909123236357,-0.3106245632580355,0.0,-0.2603674610362365,-0.1923457517683763,0.0,0.1429788730089216,1.1877429396792376,0.7812608046099428,-0.3349294761264227,,,,0.0,0.0,0.0,127.66245242835872,-0.0611825708560519,0.0,0.3145371289952215,-1.2995242268446694,0.0,0.0948878548223017,-0.2747612372019121,-677.551,2.9835,-0.0883550351603244
2012-12-31,-0.1799610305750254,-0.7444453730990233,,-0.2224254570935245,-0.2255940808193809,-0.4241388509194097,1.0,-0.9924062548007352,-0.3299120206596731,,-0.6731061280361043,0.1425205054903951,-0.8920258845593219,0.0065577862200464,-0.2974488651190204,,0.061645838046065,0.0,-0.2146194421414899,-0.419715938092079,,-0.1983788696511987,-0.3332578070227691,1.4589962916181771,-0.0142424542178944,-0.6091909467190121,-0.4358960693928253,-0.0237454186138736,-0.3310740384995843,-0.2629537220433192,0.0,-0.4073523304157482,0.0,-0.8125860408318738,0.0,-0.5440311531700295,0.0,-0.3561171734457715,-0.9980541522297977,-0.6875482655590536,-0.9309925361083632,,0.0801407652820773,,0.0192749372231966,,-0.3333765683793689,-0.7230294873971241,-0.1567599067599067,,,,-0.324179279366835,-0.1821520962302249,-0.2874533265268696,,,,,,-0.2070587921300005,,,-0.1538535758857432,,0.050904992517198,,-0.2827761699256455,-0.0903845333416938,-0.139474241139183,-0.0293597514689329,,-0.0014448743367792,0.0689675128460219,-0.5158340459573529,0.0,0.0,0.0079501695072679,0.0210225357308114,,100.0434323283148,,,,,0.4873490122389736,-0.687388307785406,-0.0627630742447711,-0.983317974594076,0.0,0.0,-0.261642893353238,-0.3072658733091877,0.6622382353535201,,-2.174618235917237,-0.0014461317050785,-0.4368067837242833,-0.3308212163061375,-0.001464292222513,,4.083266434667073,3.6096036334811448,-0.3644356598480107,,,,5328000.0,0.0,0.0,-0.2034062020773825,-0.17211363111705,-0.0434782608695652,2.1935965737493808,-10.7672770090617,0.0,-0.0948464804909264,-0.0069272771812053,,2.2455,0.2574927633043867
2012-09-30,-0.192618785937485,-0.7444453730990233,,-0.234565611237467,-0.2332115049929994,-0.4584498814689097,0.0,0.0096613496744705,-0.3967656227317528,,-0.6523797294156028,0.1949183787971893,-0.8920258845593219,0.0075087125123433,-0.2029807089384748,,0.0870449816186927,0.0,-0.2061520622061258,-106.35687008261483,,-0.1846467588923249,-0.3819792530144353,-0.2374457538901729,-0.012938168687816,,,1.0139005558809748,-0.0726594742070736,-0.1735901802170202,0.0,-0.4444953328796395,0.0,-0.8246673848739796,0.0,-0.6203096600903749,0.0,-0.4282810059638253,-0.9980541522297977,0.8069380373978393,-0.9310002959838212,,0.0,,-0.0025366692234387,,,,-0.1769619269619269,,,,,-0.1948050889594264,-0.2143606705652965,-0.0067104131368837,-0.0134296765767095,,,,-0.2897781585479711,,,0.0544479981763645,,-0.0911772760447169,,-0.5293898163279571,-0.0014301794210269,-0.0966286247736191,-0.2140758212124131,,-0.0042636594494974,0.0073809812657296,-0.581004238850699,0.0,0.0,0.2194306413411972,0.2195170079217992,,97.96924997051772,,,,,-0.0471761018431233,,0.0604168503364442,-1.060238998442734,0.0,0.0,-0.2246746611749846,-0.3071180427230394,0.2952512554813215,,-0.1046064196294389,-0.0042673698000063,-0.3838117884731348,-0.2899406628598073,-0.0043209594166228,,1.050112387058158,0.733134892234834,-0.3757826848362177,,,,0.0,0.0,0.0,-0.1835757649343247,-0.1319157329228365,-0.1304347826086956,0.105637210686633,-2.2858708334486386,0.0,-0.0948464804909264,-0.4376878587580409,,2.2298,-0.0787394382279057
2012-06-30,-0.183918224442604,-0.7444453730990233,,-0.0908412583557055,-0.2217979085798362,-0.4583276122794193,0.0,0.0089874960169828,-0.3967656227317528,,-0.6483579805830842,0.1353175345320473,-0.8920258845593219,0.008735258325588,-0.0131233769644266,,0.0574126474506271,0.0,-0.2179125593941558,-0.5030944416319341,,-0.1848757271299116,-0.3819792530144353,-0.2374457538901729,-0.0102820010275398,,,1.105063675144203,-0.318959832997982,-0.1595113585875867,0.0,-1131.8936016879263,0.0,-0.8246673848739796,0.0,-0.6345604048551886,0.0,-0.4282810059638253,-0.9980541522297977,0.8069380373978393,-0.9310002959838212,,-0.0059897021381685,,-0.0024212687065855,,,,-0.1483100233100233,,,,,-0.18610780115584,-0.0030876575024041,0.0,-0.0054096745483319,,,,-0.3267509220805065,,,0.1636823418391357,,-0.2816868409034285,,0.1882360006353533,-0.0425286779774824,-0.0105196676515706,-0.0760819391399891,,-0.0068014022222028,-0.0834473996603197,-0.6485629421181188,0.0,0.0,0.2194306413411972,-0.0378788241333718,,0.0,,,,,0.2867808232014022,-0.2734084639541385,-0.0022855692662056,-0.1316075412556784,0.0,0.0,-0.082077620417573,-0.3071180427230394,0.0009830931082976,,-0.1259674398410337,-0.006807320984359,-0.0928704102048099,-0.0626766959655601,-0.0068928073000134,,1.1084581178925688,0.781505773053697,-0.3663746483576138,,,,0.0,0.0,0.0,-0.1718577793497906,-0.1378302792362549,-0.0434782608695652,0.1271028145358587,-3.4065721930622423,0.0,-0.0948464804909264,0.015087682237599,,1.9218,0.1192375649194195
2012-03-31,-0.1612410071242086,-0.7444453730990233,,1.407177837459148,-0.1767866837186563,-0.5159666323064238,0.0,0.008519292606971,-0.4654586539122728,,-0.7250824529493225,-0.0628069144246439,-0.8920258845593219,0.0132486531615517,-0.1008408516034624,,-0.0404798850688753,0.0,-0.1015933896286895,-0.3332028772790762,,-0.0775476811629039,-0.4277935346623331,-0.2374457538901729,-0.0068114446024483,,,1.225462984745075,-0.3233924050834598,-0.175317881765536,0.0,-1133.453586114775,0.0,-0.8246673848739796,0.0,-0.6360858412447317,0.0,-0.5024303747880188,-0.9980541522297977,0.8069380373978393,-0.9310002959838212,,0.0069042117347973,,0.0123371885994023,,,,-0.0386557886557886,,,,,-0.1634391164142177,-0.1006995588841751,0.0090526538589258,0.0054096745483319,,,,-0.3390721962639038,,,0.0301425065925284,,-0.0395974509575345,,-0.0758540943645526,-0.0357670391840466,-0.0503035421220049,-0.4116348131935829,,-0.0336966657782038,-0.1424952497861572,-0.8020354166663141,0.0,0.0,-0.0079501695072679,-0.0212839022609139,,0.0,,,,,-0.5588364792609471,-0.4502165005943466,0.0,-0.3043250092178243,0.0,0.0,-0.2622558886688464,-0.3071180427230394,-0.0176416584118446,,-0.1536217734179776,-0.0337259895181743,-0.3284783101696074,-0.2530520175437176,-0.034149520389178,,1.2051238480143087,0.7668383752952185,-0.2945455434111824,,,,0.0,0.0,0.0,-0.2440246340901259,-0.1654149469927913,0.0,0.1546004199843206,-3.655860713418729,0.0,-0.0948464804909264,-0.5030073676761079,,2.0733,-0.1049222162241743
2011-12-31,-0.1528225100939291,-0.7444453730990233,,2.1264772711516224,-0.1621237852312055,-0.5295939550024298,0.0,0.0069665238269413,-0.4659361796413591,,-0.7483231767724499,0.0275828902722487,-0.8920258845593219,0.0117417031525912,-0.0864093297665567,,-0.2801843025355489,0.0,-0.0924619387218278,-0.3773416645075746,,-0.0678709015649474,-0.4263477818127716,-0.2374457538901729,-0.0043028639546964,,,1.225462984745075,-0.2891033891945275,-0.2475572970024749,62084000.0,-1131.8936016879263,0.0,-0.8246673848739796,0.0,-0.7219771325283837,0.0,-0.5029458307345762,-0.9980541522297977,0.8069380373978393,-0.8677203592157204,,0.0223749245417319,,0.0127062862525733,,,,0.0351592851592851,,,,,-0.155023786945073,-0.0846401785596756,0.014367772893512,0.0117620800662798,,,,-0.3390721962639038,,,-0.1293989971764527,,0.0,,-0.1247557543707826,-0.0201431211576972,-0.0437581889236892,-0.2136096050556249,,0.0139436367293183,-0.1801053454077097,-0.8021279040662809,0.0,0.0,-0.0323741698787906,-0.2417947999548905,,0.0,,,,,0.4578528679106459,-0.1243910363554697,-0.046371084518958,-0.2023964751865458,0.0,0.0,-0.5484289547491479,-0.3071180427230394,0.0846998899365512,,-2.4514566499284096,0.0139557708550025,-0.967213821892295,-0.7427850894590363,0.0141310273817996,,3.266062328871877,3.126941736724405,-0.3071893289850338,,,,0.0,0.0,0.0,-1868.689980229956,-0.2844764019331627,-0.0434782608695652,2.471266902162524,-18.439077204343928,0.0,-0.0948464804909264,-0.5155925256964128,,1.2753,0.4124546004842614
2011-09-30,-0.1627107282172926,-0.7444453730990233,,1.4611117071147877,-0.1868737380986257,-0.4850049890310927,1.0,0.0077527542331477,-0.4707114369322219,,-0.5930247786699534,0.0199738170936974,-0.8920258845593219,0.0088476425468868,-0.0530628406884681,,-0.283888344306557,0.0,-0.1196470329507279,-0.4612599012777299,,-0.0922007234776987,-0.4214209733820458,1.7954213710935063,-0.0059341140872814,-0.2290785501103788,-0.4932705192293883,1.225462984745075,-0.2943983500557532,-0.01261541357544,0.0,-1131.8936016879263,0.0,-0.8125712688402229,0.0,-0.8335851833183346,0.0,-0.5081003902001515,-0.9980541522297977,-0.5843825546679414,-0.6101386837551441,,0.0195911781886341,,0.0067648726966927,,-0.2186789675448755,-1.2201495243663982,-0.0145687645687645,,,,-0.3810511142571412,-0.1649082845069981,-0.0475322452007489,0.2360352863462625,0.2766897188348906,,,,-0.3271228269117563,,,-0.0142718904773592,,-0.0100272488624079,,0.3166326992528314,-0.0845105107004174,-0.0286340356010855,-0.143178374539751,,0.0124559918626476,-0.160077969489233,-0.8020486170637476,0.0,0.0,-0.0325328333255932,-0.0309944487919363,,0.0,,,,,0.4085327879869915,-0.2878387086057226,-0.044478054882972,-0.1661437569391764,0.0,0.0,-0.2764864377452624,-0.3071113903466627,-0.016713799648019,,-0.1115095811427894,0.0124668313999733,-0.4431664709651751,-0.3329169911455711,0.0118947683387115,1.1233827998008528,1.039683324958525,0.7471855034077685,-0.3073255471226304,,,,0.0,0.0,0.0,-397.5045161567135,-0.2009161619431955,-0.1739130434782608,0.1115906942450397,-4.570094798568748,-186491.0,-0.1526469727299576,-0.6041684273873965,,1.3466,-0.119040546561711
2011-06-30,-0.1575660623122233,-0.7444453730990233,,1.3398418542958508,-0.1845852587925554,-0.4679943068412041,1.0,0.0078484322993512,-0.4727170449943843,,-0.5793542979296735,-0.0414010526597023,-0.8920258845593219,0.0088389633694003,-0.1904436467546215,,-0.3145789761234822,0.0,-0.1052671065144053,-0.4793087460956363,,-0.0863589432379703,-0.4155167648387027,1.8382701014047056,-0.0080518441530065,-0.2293098595924726,-0.4772356834032897,1.2168690065953247,-0.2002516528786258,0.0089148181543852,0.0,-1131.8936016879263,0.0,-0.8125654150789251,0.0,-0.7324712607128578,0.0,-0.5102653051756931,-0.9980541522297977,-0.5667714020717746,-0.3512805087817771,,0.0318843127146315,,0.0222783369262456,,-0.2088144528410123,-1.2379469792708,-0.0042735042735042,,,,-0.3817757641275098,-0.1597655543445815,-0.2004094426880314,0.2701573894772502,0.317471013628629,,,,-0.3244433346060888,,,0.0151573070730797,,-0.1233800840814348,,-0.5569423927505537,0.0094371016456716,-0.0909424954111068,-0.2837887997355295,,0.0196761456915202,-0.1532141270382997,-0.8021607358240002,0.0,0.0,0.0,-0.0569546139855777,,0.0,,,,,-0.0206842125370193,,0.6484405767110831,-0.2385194642770808,0.0,0.0,-0.3678896741600981,-0.3071360780545495,-0.0491823812305962,,-0.300917982159462,0.0196932683998522,-0.5162914920644481,-0.3884398946340768,0.0199405764028925,-0.1872094398140376,1.1018614367416826,0.8105655937505449,-0.1490771658699664,,,,0.0,2.5817555938037864,0.0,-441.94361323364393,-0.2713422165757352,0.1304347826086956,0.3016628409808417,-4.980071463747826,0.0,-0.3652722869425392,-0.8911428894813767,,1.6672,-0.0918905950095969
2011-03-31,-0.1564599477571046,,,0.4591424529948458,-0.1890948657316512,-0.4453418771478916,,-0.993356281178111,-0.4727170449943843,,-0.5214596372768877,-0.0634374415560127,,-7.808399611665893,0.0100709119961291,,-0.325161952612077,0.0,-0.1222975715004996,,,-0.0910582865302036,-0.4151192544092905,,7.979035034457079,,,1.2454152228410005,-0.1899794009246082,-0.0075303098812456,,,,,,-0.689024362792657,,-0.5102653051756931,,,-0.3369079261215514,,-0.7086380923660255,,-0.6570610747344467,,,,-0.0114607614607614,,,,,-0.158659855978417,0.0227229196483263,0.3058184468111291,0.360091601410295,,,,-0.3198360730938651,,,0.0939528243377613,,-0.2521291734612574,,-0.7503102563338281,0.1384281051880639,0.0,-0.9494558885998262,,-0.0887722327208169,,-0.7966662396281685,,,,-0.237095828856856,,0.0,,,,,-1.414438246678761,,0.1431558302079424,-0.5811549860816444,0.0,0.0,-0.2516390856204934,-0.3071180427230394,-0.0788788592730267,,-0.0503280881900506,-0.0888494846924522,-0.3535692051011747,-0.2847494483184032,-0.0899652562436397,,0.7148361390056185,0.3733624539696291,-0.2483739455983188,,,,0.0,0.0,0.0,-195.1499452725004,-0.2836799667077104,-0.2608695652173913,0.0486480688617052,-1.3167184858808765,0.0,-0.0948464804909264,-0.4917278744648259,,2.0234,-0.0985964218641889
2010-12-31,-0.1693255982708509,,,0.4591424529948458,-0.1997483900054326,-0.4692792666441028,,0.0090514577190009,-0.4854555213434899,,-0.5229327992464,0.2009351037965214,,-192.4666807478717,0.2853793899044131,,-0.1939330441535008,0.0,-0.6888865121314804,-106.35687008261483,,-0.6227704635195199,-0.425231026133293,,11.663083676888826,,,0.9395476613380852,-0.3104302171467054,-0.1116932839463189,41440000.0,-0.5350110071255119,,,,-0.8851260948011074,,-0.5240156080060617,,,-0.3369079261215514,,716.8848287540177,,761.2782924423757,,,,-0.0572066822066822,,,,,-0.1715206656358447,0.3290858662075489,,,,,,-0.3198360730938651,,,0.9704609651146072,,-0.0816557668893367,,1.5294285466576782,-0.1457300941318819,0.1248649481853106,-0.1553642570691153,,-0.1065425739186492,,-0.8067009955976675,,,,0.0118371399013174,,155.41723092495775,,,,,0.1244758351377235,-0.5868983964747257,1.0949426008198786,1.1880741569024256,0.0,0.0,-0.7214977774306855,-0.3071180427230394,0.7519050878403709,,0.5623659615430195,-0.1066352901165644,-1.1844831111920715,-0.9392776735307784,-0.1079744157567022,,-0.0263927322005382,-0.2139471319260694,-0.2316516626898638,,,,1021000.0,0.0,0.0,-0.1660889249081738,3.845309291250123,0.4347826086956521,-0.4967232869228127,-0.0049917172361666,0.0,-0.0948464804909264,3.542449969213965,,2.1231,0.0453111016909236
2010-09-30,-0.1451031722980106,,,0.4591424529948458,-0.1813288555678623,-0.4145892128497225,,-0.9930716631526044,-0.4044060343971333,,-0.2927164237265295,0.2053167330145074,,-3.057559396280075,-0.3208548613069534,,-0.1923455976802115,0.0,-0.1071383364078311,,,-0.095822371224178,-0.4155906955558867,,3.04233099071928,,,0.2933594421907611,0.1917968570543136,-0.0077147559819197,,-0.743813410574508,,,,-1.2092416181532,,-0.4365283011087457,,,0.0,,-1.311793365694065,,0.0303113969122576,,,,-0.0219502719502719,,,,,-0.1473073536431873,-0.3455308870335605,-1.1314484316361195,-1.3576689962359851,,,,-0.3239491785222257,,,0.7052001535978957,,-0.2778269438104302,,0.0482841950740927,-0.1614656095119726,-0.1502038384751128,-0.1378005097499992,,-0.1083431540291097,0.0631379480246813,-0.8026981443118218,,,,-0.2462600988433704,,0.0,,,,,-0.0663971976491373,695.3745288538261,-0.6470108601467947,-0.1633756352470333,0.0,0.0,-0.2661131083964683,-0.3069702121368911,-0.0570103176864597,,0.0116881894078904,-0.1084374371400038,-0.34335984226482,-0.2810370966410159,-0.1097991941368317,,0.0870464716305999,0.0791256477118444,-0.1701076225225089,,,,0.0,0.0,0.0,-52.92619066226179,-0.2861785098626062,-0.217391304347826,-0.0139601871776886,-0.5520983807109336,0.0,-0.0948464804909264,-5.221897598286707,,1.7954,0.2361033752924139
2010-06-30,-0.1365743395382135,,,0.4591424529948458,-0.1741514784825762,-0.4027487618721476,,-0.9950021370255928,-0.4854555213434899,,-0.2850635872383196,0.1446578855967298,,-2.4094049112804337,-0.3546906914264467,,-0.2219779318482771,0.0,-0.0948708923503741,-0.4005369906555266,,-0.0859460819913161,-0.415939744454971,,2.5753521137551725,,,0.2847654640410106,1.164254722159448,0.0111275131098762,,-0.7688478416656432,,,,-1.0924258193177856,,-0.5240156080060617,,,0.0,,-0.6382919264191915,,-0.7317716238920622,,,,0.0,,,,,-0.1387817299596753,-0.3831833585209754,,,,,,-0.3226575001580519,,,0.5442746286311569,,-0.4993460475575781,,-0.7501033454647171,-0.0325121037129729,-0.1654360194694909,-0.4534969126132382,,-0.1084815292728758,-0.0073809812657296,-0.8021108958618954,,,,0.0288073003141559,,0.0,,,,,-0.2554277147455266,-0.3537771184145351,-12.731677703911837,-0.3258724801960871,0.0,0.0,1.2261075378662882,-0.3072658733091877,-0.0349872416160669,,-0.0284157191063042,-0.1085759328016087,2.4120061703358844,1.876498914446044,-0.1099394290265223,,0.1113392190996308,0.1429295404872197,-0.1351949318986442,,,,0.0,0.0,0.0,-0.1285913710376645,-0.4622642241177396,-0.1304347826086956,0.0239215627045598,-7.464823397011512,0.0,-0.0948464804909264,4.190712546893881,,1.8275,-0.1325854993160054
2010-03-31,-0.0912259209720795,,,0.4591424529948458,-0.0479007971788348,-0.6556392772021432,,-0.9978280357900486,-0.4871746139682006,,-1.0065391704396878,0.2369606454887921,,-10.05966348577306,-0.0794622458178961,,-0.1764711329473192,0.0,0.014156446971192,-0.0901802233646143,,0.0356328438186785,-0.4167286649402754,,10.276312385182642,,,10.48034129698268,0.2055974010696011,0.2274497919623652,,-0.773037577400474,,,,-1.3149218624712882,,-0.5258712494136688,,,0.0,,-0.6536733884514841,,-0.7154358725428259,,,,0.2486402486402486,,,,,-0.0934503742834681,-0.0769094718096459,,,,,,-0.325150206001234,,,0.3044027160016769,,-0.4783837016155984,,-0.2172258304780799,-0.0001301526250211,-0.040607369581404,0.0463223231236048,,-0.1175369680193352,-0.1249125300830814,-0.8020829719442476,,,,-0.179767146513456,,0.0,,,,,0.5416767504717096,,-1.3049654344140134,-0.0686030019395713,0.0,0.0,-0.2516274615400936,-0.3071180427230394,-0.0855248415975367,,-0.0018279133760699,-0.1176392518331048,0.2905511589895603,0.213330052116304,-0.1191165651901007,,0.0185586684143029,0.0171528463845389,-0.0662814724451771,,,,0.0,0.0,0.0,-10.482484450909167,-0.2813577229323713,-0.1304347826086956,-0.000252379416952,-0.0750498900250755,0.0,-0.0948464804909264,0.4416048531851099,,1.1542,0.1882689308612026
2009-12-31,-0.0498067954720304,,,0.4591424529948458,0.0089102204751988,-0.6644551497511956,,-0.9984580506428056,-0.4871746139682006,,-1.15392700947293,0.2151166208020518,,-229.10140848621472,-0.0103486997495871,,-0.1870541094359141,0.0,0.0692776324572087,-0.0275310543798548,,0.0929893504811737,-0.4167286649402754,,7.211111159478479,,,-0.0166169735022067,0.6791065970948851,0.2470061551320002,41440000.0,-0.7614476173256681,,,,-0.8449530937051971,,-0.5258712494136688,,,0.0,,879.7754984807889,,934.3015658341404,,,,0.3662587412587412,,,,,-0.0520468332293958,0.0,,,,,,-0.325150206001234,,,0.630057553620798,,-0.1145388001589055,,0.744027480478102,-0.1419528247374093,-0.0092612250155348,-0.0098120993872733,,-0.1156838497147176,1.7085796314676054,-0.797094490983367,,,,0.0,,88.13946106372106,,,,,0.6503086844838277,-1.3768439245535455,-0.0162886500335316,0.674057816190302,0.0,0.0,-3471.490707484418,-0.3074137038953359,-0.0558985037848291,,-2.186621216936615,-0.1157845208953663,-2.9986749385172806,-2.361865452832235,-0.1172385425470405,,0.1019463953597145,0.9430073162118856,-0.0310827778587719,,,,0.0,0.0,0.0,-3638.199461207023,-0.3650193300555258,-0.1739130434782608,2.2028791856506205,-74.8645350128998,0.0,-0.0948464804909264,-0.5155925256964128,,0.7089,0.090562843842573
2009-09-30,-0.0022596283778792,,,,0.0121522963989864,-0.439322349501992,,-0.9988261781702544,-0.4871746139682006,,-0.406694370730951,0.0802693098933981,,-2.8429484136320258,-0.3130441042342519,,-0.2537268613140617,0.0,0.096876849714235,-0.0044120266621052,,0.101911145798514,-0.4167286649402754,,3.045064680142417,,,0.0095915169640708,,0.3481756874347577,,-0.7780747111779016,,,,-1.0511956121281196,,-0.5258712494136688,,,0.0,,-0.6681107685268066,,-0.700102775432178,,,,0.3851010101010101,,,,,-0.0045175563308481,-0.3368390858589947,,,,,,-0.325150206001234,,,0.4971740892222331,,-0.2344313483261374,,-0.085745305288106,-0.133398635892605,-0.1465473931861375,-0.0648814699321602,,-0.1118289522152544,,-0.8067040418432291,,,,-0.0352011115762832,,54.210960533039824,,,,,0.5986389487283187,-0.4703373820480473,-0.289908951741236,0.3487091561772155,0.0,0.0,-0.2516588352716581,-0.306378889792298,0.2309324909958186,,-0.0632579173427864,-0.1119262687609778,-1.1112566533428585,-0.8830949378052868,-0.1133318384944022,,0.0296704367320189,0.0578111852782094,0.0315126859094542,,,,0.0,0.0,0.0,-13.32903986341516,-0.2910130516788146,-0.0869565217391304,0.0615861861677797,-0.0948661289400718,0.0,-0.0948464804909264,-0.5155925256964128,,1.0117,-0.0985470000988435
2009-06-30,0.0379538096891189,,,,0.0416809628020349,-0.3504453933074648,,-0.9995304350761256,-0.4871746139682006,,-0.1599959903237917,0.0785166582062037,,-3.0848299010384967,-0.2947867014237594,,-0.2547851589629212,0.0,0.125754968584699,0.064300149632137,,0.1309067648116543,-0.4183677924954838,,3.3004257034610176,,,0.0181852027519179,,0.4006802159826019,,-0.7211489924896473,,,,-0.9297337886214596,,-0.5258712494136688,,,0.0,,-0.668933292720337,,-0.6992292205856989,,,,0.4454156954156954,,,,,0.0356807509446249,-0.3165222697404425,,,,,,-0.3258687673971749,,,0.4075834225056954,,-0.3821991978023785,,0.2820466404916108,-0.1914981132567029,-0.1382668285146422,0.6213745065960833,,-0.0998306346214267,,-0.8066718024110356,,,,-0.0005483298837142,,0.0,,,,,1.5941966917583608,0.2623098639769251,-1.0755137500526293,0.2273907586729705,0.0,0.0,-548.2423322600056,-0.3066745509645945,0.2354586217677356,,-0.428324011742589,-0.0999175099102162,-1.1966142931214103,-0.9473083604654364,-0.1011722736875101,,0.1933158112071875,0.2964498893138538,0.0421106735201169,,,,0.0,0.0,0.0,-1807.416795460849,-0.3961079047120709,0.8695652173913043,0.4283808102893694,-12.169936525020214,0.0,-0.0948464804909264,-0.5155925256964128,,0.6234,-0.0399422521655436
2009-03-31,0.1079403865059934,,,,0.1268306951009201,-0.324050498733452,,-0.9994932582046528,-0.4918543661132462,,0.1113976918595692,0.6944775441502579,,-1.3778021812263506,-0.4187897577696218,,0.0500045639086107,0.0,0.1721688381152938,0.1455486640136644,,0.1685093349169124,-0.4233347629926466,,1.6048038855092257,,,0.0611545087768636,0.7056016499442468,0.5029175050699956,,-0.7872992634314547,,,,-1.629892066852228,,-0.5309227176899326,,,0.0,,-0.6733464489142776,,-0.6945422654641245,,,,0.5627428127428128,,,,,0.1056409944671014,-0.4545127232604523,-0.8770454146826009,,,,,-0.32841966969409,,,0.1802458206490738,,-0.2339488102222721,,0.2417291841706356,-0.2422909970239421,-0.194507868830896,-0.0557087359895161,,-0.0998306346214267,,-0.7972616113995924,,,,-0.0937625186879856,,0.0,,,,,0.109038954983642,-0.2964795871538538,-1.549576534062321,-0.1211209433615233,0.0,0.0,-48.257262996286165,2.4205041022987657,-0.0805813460385942,,-0.1153151117145255,-0.0999175099102162,-0.3207153594183849,-0.2614430339168826,-0.1011722736875101,,0.1774087699337177,0.1559771960571722,-0.0279038254121539,,,,0.0,0.0,0.0,-205.90302299690725,0.780565329912648,-0.217391304347826,0.1298180965804631,-1.3905740960657638,0.0,-0.0948464804909264,-0.5155925256964128,,0.2565,0.0834307992202728
2008-12-31,0.1382155278926975,,,,0.1692638812768625,-0.3305090579810084,,-0.9922334045843316,-0.4918543661132462,,0.1351925882582886,0.8806219776109434,,-286.7337346465757,-0.5271981826558996,,0.1320226316952208,0.0,0.2067515629357199,,,0.1955868993164861,-0.4245149126121557,,0.0751689643662134,,,0.0024695809978207,,0.0417066460023634,,,,,,-1.7907141922711602,,-0.5309227176899326,,,0.0,,1136.58593420071,,1207.0489410957505,,,,0.6321872571872572,,,,,0.1359047444663804,-0.5751494894521152,-0.8770454146826009,-1.0536172679186877,,,,-0.32841966969409,,,0.9441824069453904,,-0.7597992345812161,,-0.4999684648396997,-0.158668573190422,-0.2436760326997388,0.3974422540962039,,-0.1189825083332235,,-0.2959230403290757,,,,-0.1779575769411729,,0.0,,,,,-0.2531027062475084,1143.5428656911736,7.560051875711369,0.1121272200848263,0.0,0.0,-840.3766894754448,-0.2904131864882844,-0.0803671880137648,,-1.620683787305619,-0.1190860500948436,-2.4263370576034564,-1.9144227945283547,-0.1205815323398903,,0.405975872450562,0.8953759570898783,0.0495386215000519,,,,0.0,0.0,0.0,244.5165911803049,-0.0019423720833749,-0.1304347826086956,1.6371962638838082,-18.83083009998668,0.0,-0.0948464804909264,-0.6169991591971986,,1.0509,0.0203634979541346
2008-09-30,0.2069242538036309,,,,0.1748373945544572,-0.0080982107664875,,-0.9933003972735596,-0.4916671760274443,,0.7739152677280479,0.005461006171685,,-2.71247129408989,-0.3487209122077959,,-0.3024085531615981,0.0,0.197209589240949,,,0.1968352488566627,-0.4254152935979371,,2.983236518390693,,,1.1353892059338275,,0.6426015830093782,,,,,,-0.3915902954097171,,-0.5307206589588821,,,0.0,,-0.6491135904529837,,-0.7202785673497217,,,,0.7230963480963482,,,,,0.2045876178897452,-0.3765401953113659,,,,,,-0.3304440682337072,,,0.5027255631418208,,-0.5101386292719957,,-0.5273273477204184,-0.0700879933442302,-0.1627284523851859,0.4419233618438427,,-0.1031730257367593,,0.5129955374194881,,,,0.2585541913539078,,0.0,,,,,-0.0319764310295144,715.3520088128101,1.0139296903949797,0.1350227602407319,0.0,0.0,44.94185998377594,-0.6282060758370906,-0.1113808161322006,,0.0018279133760699,-0.1032628096637088,0.007560883617679,-0.0051203661579161,-0.1045595837048558,,0.1708135856471725,0.1127547671438709,0.2985684348782265,,,,0.0,0.0,0.0,51.31776409657892,0.0046951164620957,0.2608695652173913,0.000252379416952,0.625213607526039,0.0,-0.0948464804909264,-0.414185892195627,,3.3573,-0.1319810562058797
2008-06-30,0.2552923742840171,,,,0.2335048453864748,0.0104331259570447,,-0.9934485546019054,-0.4995845526156949,,0.8467071162921797,-0.1185177268962569,,-6.008098972802404,-0.1596613348732137,,-0.3627315191465888,0.0,0.2287580733084773,,,0.2384376324259592,-0.4365639198685462,,6.280732997232908,,,2.931509004450827,,0.5882932054402629,,,,,,-0.3569863391270631,,-0.5392669185528058,,,0.0,,-0.7695587910355264,,-0.5923607631907601,,,,0.8538267288267288,,,,,0.2529375392809059,-0.1661549226618273,-0.8725515260776244,-1.048246362284113,,,,-0.3340344731584537,,,0.2958026762758199,,0.0678700336857727,,0.6575963613850192,-0.1962470517527375,-0.0769813133679714,-0.4538685317652793,,-0.1210487393127323,,0.2893746277868704,,,,0.4717396284783348,,0.0,,,,,-1.66703627751827,,0.3677484554874016,-0.3260637618805841,0.0,0.0,162.3440788965836,-0.0019957129130017,-0.1896898620891634,,-0.2051440720043341,-0.1211540791638239,0.1897403767634023,0.133622657882935,-0.122675531711458,,-0.0173483409215249,0.0555083213376822,0.2862641301622581,,,,0.0,0.0,0.0,96.4154952511962,-0.0455693906783638,0.391304347826087,0.2083409446369688,3.485218721212008,0.0,-0.0948464804909264,-0.0840703063143138,,2.8552,-0.1136873073690108
2008-03-31,0.2263599905654419,,,,0.2115532872868775,-0.1731058079218914,,-0.9921801199311548,-0.5785023647074105,,0.8535755507897257,0.2030938577039194,,-2.500442655159803,-0.4289255268784626,,0.1537177334968403,0.0,0.214378059829057,,,0.2087291989198442,-0.6147387676913969,,2.757106664477033,,,3.4385475756861337,,0.525391162529191,,,,,,-1.069491320288798,,-0.6244532301046891,-0.9976294288588352,,0.0,,-0.723914051550332,,-0.6408373717904738,,,,0.7799145299145299,,,,,0.2240160417209735,-0.4657917950617315,,,,,,-0.3382818267694679,,,0.3017179219907082,,-0.4891384294672601,,-0.2324714204623873,-0.1611021949578172,-0.1991049022902698,0.1467482415413345,,-0.0842542440131247,,0.2743564679324268,,,,0.1499050885349912,,0.0,,,,,-0.5747778648414155,217.6865063135136,0.3706042830667824,-0.0169112666331619,0.0,0.0,169.4608600510376,0.0297878631088772,-0.2204863336227631,,-0.0173903510259868,-0.0843275643101271,0.2812022303865435,0.2132915194031639,-0.0853865495992806,,-0.0167463887656189,-0.0155093451672861,0.4106385788114527,,,,0.0,0.0,0.0,83.9340738919946,-0.0336463093671069,0.4347826086956521,0.0190806851260706,3.637174796447578,0.0,-0.0948464804909264,-0.0548016535120483,,4.6303,0.0490680949398526
2007-12-31,0.2550834013244242,,,,0.2337364347790776,-0.1234915262623551,,-0.992325678008126,-0.580160334038798,,0.8539925705294165,0.0269416762403483,,-322.5559034122478,-0.3539150473504522,,0.0944530651607091,0.0,0.2113827479951345,,,0.2102353147998994,-0.6333266975420399,,2.4676226241324413,,,0.0158939625151568,,0.4443634828532541,,,,,,-0.313242002965291,,-0.6262428931511368,-0.9976294288588352,,0.0,,1269.2323661686275,,1347.9863766493731,,,,0.8411033411033411,,,,,0.2527286449499117,-0.382320222716338,,,,,,-0.3382818267694679,,,,,-0.319026839883733,,0.1251364175844243,-0.1907653736415625,-0.1650842295133837,0.6207711999920444,,-0.0262198887699832,,0.2701160094927781,,,-866.7464841754517,-0.1894822449810341,,0.0,,,,,0.0651538671433064,921.1121315224452,-14.43344161999419,0.2270802216544803,0.0,0.0,-0.0581478709424623,0.1031118338384211,-0.129494552186846,,-1.9409381645313912,-0.0262427060185918,0.4999715885091701,0.3972946149723876,-0.0265722618387868,,35.990203680964,0.71013758440391,0.6322138159994806,,,,0.0,0.0,0.0,-0.1285913710376645,0.0774209698110085,0.217391304347826,1.961481905730144,-43.89456845376995,0.0,-0.0948464804909264,0.0409470991496377,,4.7733,-0.0943582008254247
2007-09-30,0.265882961856791,,,,0.2377710456530434,-0.0912150964811424,,-0.9924673372080356,-0.581344597846932,,0.8393723263818306,-0.1274840364423308,,-1.3328859481423443,-0.4172258546864034,,0.0367758432978671,0.0,-0.0152668739642625,,,-0.0126422356620224,-0.6475529138378695,,1.5935146363778514,,,0.0123736328366011,,0.1161941038516463,,,,,,0.2552639903169319,,-0.6275212238985995,-0.9976294288588352,,0.0,,-0.7319098400743099,,-0.6323455123759035,,,,0.8633449883449883,,,,,0.2635241420172571,-0.452772413770719,,,,,,-0.3413445002199382,,,,,0.0201117300996611,,0.0548533952286873,-0.2076914025154589,-0.1937985674721562,-0.8259994853571964,,-0.0566412051284973,,0.2665514790960706,,,,0.072457722412712,,0.0,,,,,-2.51346456225464,,-0.1457374615863625,-0.5176088834534934,0.0,0.0,241.7327222377461,0.2528642176066228,-0.2199607599311465,,-0.0179829019658881,-0.0566904958203935,0.6193876818971848,0.4841463789773288,-0.0574024148897956,,-0.0145206361313929,-0.012991017380491,0.7108958660059528,,,,0.0,0.0,0.0,25.112382242131982,0.145903340635948,1.0,0.0223106075267243,5.187240954955709,0.0,-0.0948464804909264,0.2366154781685001,,5.5798,-0.0352555392503216
2007-06-30,0.2622693168482408,,,,0.2318768918659188,-0.089124025730358,,-0.9920852472559858,-0.5865018757210638,,0.7943626601781528,0.1733522135242726,,-0.8118373884138631,-0.4533514690186667,,0.1923455976802115,0.0,0.0,,,0.0,-0.6732057871705585,,1.0947421616752329,,,0.0332643526423646,,0.1439413968406651,,,,,,0.6765487626722131,,-0.6330881481214208,-0.9976294288588352,,0.0,,-0.6287738716794307,,-0.7418801932355175,,,,0.824009324009324,,,,,0.2599118566862648,-0.4929729544049282,,,,,,-0.3720448310196039,,,,,0.9032210099092284,,0.0,-0.2146765397033048,-0.210183180819455,4.539551231224515,,-0.194775365181148,,0.1107328031399345,,,,2.3142377478928484,,0.0,,,,,7.99218908992567,,-0.3942366808104995,2.244174446831606,0.0,0.0,0.2075122481693766,0.6661985364771972,-0.2247465486166909,,0.0186652873736467,-0.194944863914311,1.009084642036176,0.7590723654066901,-0.1973929809063073,,-0.0119558627749261,-0.0263509801183922,0.6713071946243524,,,,0.0,0.0,0.0,0.1310070788350916,0.6619745471300579,0.0,-0.0071005413317494,-0.0107607570514036,0.0,-0.0948464804909264,0.6335738485784072,,7.2656,-0.0938547018092472
2007-03-31,0.1098035928545867,,,,0.0888056811500001,-0.2880258478186307,,0.0084190206888695,-0.642981708854473,,0.6778881280216842,-1.1982473483128055,,-0.6521618494052497,-0.4682600086404582,,-0.5437004171015608,,-0.0352545736090623,,,-0.0349648639399702,-0.8580811971004018,,0.8889056841839142,,,0.0088500871771082,,0.1018369209051405,,,,,,0.3190599692753508,,-0.694054215656459,-0.9976294288588352,,0.0,,-0.6220098162690604,,-0.749063900939264,,,,0.6573426573426573,,,,,0.1075034997618136,-0.509563159552728,,,,,,-0.3832993259066464,,,,,1.070406360865942,,-0.0312199343771223,-0.2160037958284618,-0.2169448833341657,0.7642042844880405,,-0.0879881556711132,,0.0677894563687094,,,-39.011101483769096,-0.1384978435310962,,0.0,,,,,0.2094001786591739,169.0437432745356,0.4620730535442665,0.3009088224257322,0.0,0.0,0.0062188040152959,0.2289156626506024,-0.2437879696055962,,0.1272448707008998,-0.0880647253179253,0.5076507598656195,0.3897931861858604,-0.0891706418633392,,-0.0152560277558438,-0.068617118863511,0.4398098282937899,,,,0.0,0.0,0.0,0.0259057619768854,0.1525707984362881,0.7391304347826086,-0.1241199301888354,-0.0092039273933448,0.0,-0.0948464804909264,0.092412053705294,,8.0847,-0.058063889698029
2006-12-31,0.0022596283778792,,,,-0.0480435057790668,-0.3031402623070547,,0.008235773466968,-0.6452929333832507,,0.6419757039555563,-1.3341419754735633,,-245.0607321857777,-0.4710928020413665,,-0.6183104013461546,,-0.0756279098447633,,,-0.0741706382517833,-0.868622721537087,,0.8497943942859203,,,0.0,,-0.0087376703659332,,,,,,0.3676084466166542,,-0.6965490224377974,-0.9976294288588352,,0.0,,968.2062836921637,,1028.1934137227122,,,,0.3911227661227661,,,,,0.0,-0.5127154886778228,,,,,,-0.3832993259066464,,,,,1.4483841339493262,,-0.0542857832899175,-0.2131509076848282,-0.2182296843105525,0.6139292961345654,,-0.1160989754460159,,0.0338869433345862,,,5.876567222402824,-0.1740550585870573,,0.0,,,,,0.2557762620422942,874.0869523597336,0.3785597529058982,0.2235585223883447,0.0,0.0,568.6941334507629,0.1552960307487619,-0.1980269018853022,,-0.7089270994236986,-0.1162000078801809,0.2762175838341992,0.2024208905589995,-0.1176592472161124,,22.98222773280885,0.2425848252285383,0.3405108474246712,,,,0.0,0.0,0.0,1.1047412141473585,-0.0192740749617146,0.0,0.7170207854900604,-28.79222124714397,0.0,-0.0948464804909264,0.0069272771812053,,7.9669,0.0192203128358813
2006-09-30,-0.1382077239367952,,,,-0.2290675252386578,-0.3150743244154954,,0.0079363960603966,-0.6465402305876241,,0.616994454250036,-1.3443159047797162,,-3.445230549886128,-0.4650038169889459,,-0.629951675483609,,-0.2944210045919938,-0.5703188849283367,,-0.2853780474718216,-0.871505963447018,,3.618221741183792,,,6.991026830946646,,-0.3613444655407939,,,,,,0.346082900080988,,-0.6978953933702056,-0.9976294288588352,,0.0690074638916366,,-0.6302140641970623,,-0.7403506489819434,,,,0.0235042735042735,,,,,-0.140414499777659,-0.5059396733582667,,,,,,-0.3827936933379839,,,,,0.5274388397827017,,0.0059101770968938,-0.221207125890005,-0.2154680519451122,0.2960923853401467,,-0.1359248179921559,,0.0285400208126266,,,,0.8638538094315276,,0.0,,,,,0.1224399653628467,,0.2495060979141549,0.0599599043995905,0.0,0.0,122.26680020440324,0.0367359006578461,-0.209101496595423,,0.2078261646991906,-0.1360431034048602,0.0796758585140735,0.0441827583917935,-0.1377515322723976,,-0.0180727256942405,-0.1020909879135269,0.1256337898418093,,,,0.0,0.0,0.0,390.8410870432701,-0.141191663655508,0.1739130434782608,-0.2097291649642879,2.6247434956537314,0.0,-0.0948464804909264,-0.1218257803752286,,6.7496,0.2096014166516597
2006-06-30,-0.1941265766560554,,,,-0.3084752846860543,-0.2957959322389761,,0.0079248172012912,-0.6476022478091119,,0.6115066193471963,-1.431895054636779,,0.1539155297643547,-0.4821983895626473,,-0.664875497895972,,-0.2774190818736492,-0.5781476496394735,,-0.2699469946630508,-0.8648184022195993,,-0.0171906369135594,,,,,-0.3290587831755562,,,,,,0.5427319971297319,,-0.6990417673953495,-0.9976294288588352,,,,-0.6298601265287799,,-0.7407265454819023,,,,-0.1301476301476301,,,,,-0.196312312353537,-0.5250737732542403,,,,,,-0.3827117565744161,,,,,0.0739487397230697,,-0.0259763839667494,-0.223484652576584,-0.2232665746415292,-0.0023961371162692,,-0.1240665775835953,,0.0174153858755409,,,,0.3416876143603913,,0.0,,,,,-0.2360003462525449,,0.131656745203282,-0.0936796135447563,0.0,0.0,-0.1157503129473296,0.0019957129130017,-0.2562459434562191,,0.5042048707680695,-0.1241745436382795,0.0199379452515197,0.0,-0.1257339271693475,,-0.0184658881357747,-0.214749978116169,0.0596310684199258,,,,0.0,0.0,0.0,0.5844629065814246,-0.1577519087238519,0.0869565217391304,-0.5075948307597077,-0.0014112374220229,0.0,-0.0948464804909264,-0.1603066237744896,,6.3864,0.2621038456720531
2006-03-31,-0.2177946116904864,,,,-0.3378446771137546,-0.3022170169574477,,0.0079979419662022,-0.6505648174323633,,0.6259826738839348,-1.530481712041465,,-3.5382338966890727,-0.4870593673693009,,-0.7151446362167976,,-0.3229082252048176,,,-0.3142186010605651,-0.8698081484638476,,3.689424517965636,,,7.972992111398006,,-0.3950312614047299,,,,,,0.4515063553220399,,-0.7022396560877925,-0.9976294288588352,,,,-0.6213242656452892,,-0.7497919841672256,,,,-0.1809440559440559,,,,,-0.2199714420040682,-0.5304830635722141,,,,,,-0.3847640456410459,,,,,0.7065022584932434,,-0.3242794153031471,-0.171701749425179,-0.2254712497266167,0.2384679346551133,,-0.1232699209662765,,0.426653430165582,,,-10.808063135652256,-0.1537839235716678,,0.0,,,,,-0.6079196898073543,158.1028098621938,0.3975229062866588,0.0302991564679877,0.0,0.0,173.02894488560776,0.1870796067706408,-0.2562262138005226,,0.1998441761551685,-0.1233771937490612,0.068149244576632,0.0379257581473212,-0.1249265641627114,,-0.018148587595515,-0.0992474070639676,-0.0567894317746992,,,,0.0,0.0,0.0,552.8555064391683,-0.0650405704233196,-0.0869565217391304,-0.200559379481698,3.71639854994448,0.0,-0.0948464804909264,0.0412735153518934,,6.6897,-0.1017534418583792
2005-12-31,-0.290862835386884,,,,-0.428764498697594,-0.3185456402510316,,0.0081175075294287,-0.6517376206229991,,0.6068773436470806,-1.412915119292527,,-155.21326548976444,-0.3765379212468964,,-0.6664629443692612,,-0.4868134104596912,,,-0.466222155832766,-0.8676750894125491,,2.1552772977821726,,,-0.0144064251507774,,-0.7360238748183385,,,,,,0.3109756372073429,,-0.7035056158925378,-0.9976294288588352,,,,606.5746026894593,,644.1057386650962,,,,-0.3767482517482518,,,,,-0.2930121728992282,-0.407494929863792,,,,,,-0.3847640456410459,,,,,0.4966497775042104,,0.0482478107675888,-0.1874306710028528,-0.1753447343781244,0.011155050946274,,-0.1772682329362975,,0.3372188759590808,,,,2.8379857059587823,,0.0,,,,,-0.2120025971490599,,0.2022461873643412,-0.0867044776689494,0.0,0.0,568.3918622183079,-0.0087959198758223,-0.3038898461163992,,-0.6096597842719321,-0.1774224964946525,-0.1199007195563484,-0.1211397102275211,-0.1796505676513355,,15.944322139053543,0.2041277846124241,-0.1680754283309423,,,,0.0,0.0,0.0,1.2863562896783385,-0.1740169794047227,-0.6956521739130435,0.6145961214821273,-16.248056855738916,0.0,-0.0948464804909264,-0.1767362392880289,,6.2208,-0.0304248266585534
2005-09-30,-0.3493430897542138,,,,-0.5058518522880711,-0.3181945378132527,,0.008001840843264,-0.6521559331616787,,0.6165164901147844,-1.508445323145155,,0.1011678418317955,-0.4101085218296341,,-0.7135571897435083,,-0.5469004484380974,,,-0.5262943913984144,-0.8685946914164852,,-0.0124337176383579,,,-0.0149528217738072,,-0.7723724478965893,,,,,,0.2854120114085158,,-0.7039571553017221,-0.9976294288588352,,,,-0.6314121031595342,,-0.7390782818586783,,,,-0.52496114996115,,,,,-0.3514704233648847,-0.444852254238367,,,,,,-0.3863258350852487,,,,,0.0105337865081686,,-1.878163096497612,0.1459572139929043,-0.1905705324870724,-0.2811349860608347,,-0.1219131036028029,,0.1969909694050327,,,,0.586546276077171,,0.0,,,,,-0.3841887863385098,,-0.0795712722866555,-0.2371534799158102,0.0,0.0,-0.1560310017609917,-0.0370315618301426,-0.2300619090738609,,0.5032459280246742,-0.1220191956468221,-0.1958910497146194,-0.1685319198195762,-0.123551512324547,,-0.0198863571475031,-0.2156583672692654,-0.2692483738463666,,,,0.0,0.0,0.0,-0.1934909835058536,-0.2064764698422189,-0.3478260869565217,-0.5087514196617617,-0.0044354807544946,0.0,-0.0948464804909264,-0.2083260739730019,,6.6278,-0.0785328464950661
2005-06-30,-0.3598406630504076,,,,-0.517542810552098,-0.3256106534464012,,0.0081045112725563,-0.6550268178449454,,0.623452603967232,-1.4213363969114858,,0.0890523118170243,0.3014489407113829,,-0.6717544326135586,,-0.5623191939206635,,,-0.4994414323198882,-0.8781576486682591,,-0.0021222475104285,,,-0.0136792991699375,,-0.7267744951276555,,,,,,0.2508872772879262,,-0.707056076452426,-0.9976294288588352,,,,-0.6260116547915286,,-0.7448137822635758,,,,-0.5567210567210568,,,,,-0.3619640468224002,0.346968043220443,,,,,,-0.3891284327075146,,,,,0.3972531362466752,,1.5080851396123651,-0.1343329932590176,0.132153222212026,1.3489886362214314,,-0.0939506487283019,,0.1479780629702959,,,,0.6756796224808548,,0.0,,,,,0.5141863041820108,,0.7154618627104565,0.6019119737775048,0.0,0.0,0.006419584611794,0.442826520807155,-0.2486392485799835,,0.5093224676440333,-0.0940324070960733,0.0444208192891842,0.0257603006199233,-0.0952132657706132,,-0.0183047551800567,-0.2159585941109475,-0.3692703392465807,,,,0.0,0.0,0.0,-0.1934909835058536,0.2119069170429391,-0.4782608695652174,-0.5087491829658708,-0.0037628287729164,0.0,-0.0948464804909264,0.3137222388346912,,6.6313,-0.048783798048648
2005-03-31,-0.4149338188663919,,,,-0.5819540491224725,-0.3513850286677135,,0.0079225636763421,-0.6576646699724181,,0.5471193908198536,-1.5425151620401294,,0.077661730241951,-0.2967809219298811,,-0.7458352680337227,,-0.5828319783477334,,,-0.5543874867970121,-0.88650309979434,,-0.0097812075377456,,,-0.0121096566427853,,-0.8223573411792621,,,,,,0.3100759356989661,,-0.7099034551012098,-0.9976294288588352,,,,-0.6343561327024982,,-0.735951600241697,,,,-0.6768648018648019,,,,,-0.41703647317343,-0.3187414359462424,,,,,,-0.3902488045189326,,,,,0.4224166076970214,,0.4404981168660155,-0.2211480853551817,-0.1391712984461854,0.4072662616753292,,-0.1022388078476966,,-0.0003926272057144,,,6.2655900130032975,-0.1601325135336074,,0.0,,,,,0.5607980670710897,-0.4357911360983419,0.1447362238362159,0.1171838828211927,0.0,0.0,-0.1421060418584263,0.010274225737305,-0.2562575900371149,,0.5033334260049206,-0.102327778793248,-0.2559017835877437,-0.2112182003927746,-0.1036128107196449,,-0.0202813151458537,-0.2161394831853273,-0.418503940371241,,,,0.0,0.0,0.0,-0.1934909835058536,-0.196703122352284,-0.5652173913043478,-0.508696431127569,-0.0034317307063645,0.0,-0.0948464804909264,-0.1635707857970471,,5.5996,0.1264733195228231
2004-12-31,-0.4663077534181344,,,,-0.6460752598018752,-0.3635798379806047,,0.0078627808947288,-0.6628964418602874,,0.5362320859163952,-1.5846749846375805,,-101.4361471231288,-0.4820723779856324,,-0.7701761139574909,,-0.6900532663359233,,,-0.6689414992755592,-0.8981471049345393,,0.6982036084645685,,,,,-1.033444904321336,,,,,,0.3054778158495813,,-0.715550790451694,-0.9976294288588352,,,,398.92950313705927,,423.5884305645926,,,,-0.8035159285159286,,,,,-0.4683910776621167,-0.5249335477213103,,,,,,-0.3907918958001904,,,,,-0.0162094545682336,,-0.2532275047845782,-0.1822416749642951,-0.2232094226455055,0.1796031935597824,,-0.2450201561671922,,-0.0741723562354023,,,-1837.077828193935,-0.1421198418953098,,0.0,,,,,0.2418876594071627,121.28691617150294,0.2252422638289676,0.0,0.0,0.0,282.70648838111094,-0.0306748466257668,-0.2065321652435584,,-0.1056392800316953,-0.2452333792615559,-0.2896302266049128,-0.2688687086845935,-0.2483130192721734,,7.549453103841323,0.012991017380491,-0.4358270625403901,,,,0.0,0.0,0.0,0.4020800325796054,-0.2243190164327391,-1.2580785217391304,0.1053247564222651,-7.42051406210616,0.0,-0.0948464804909264,-0.2053157912188655,,5.4467,-0.0010097857418252
2004-09-30,-0.4787516048117348,,,,-0.6495248583061817,-0.3914976645858707,,0.0077926011076176,-0.6713906695292743,,0.4884198270719543,-1.610205990007748,,0.0585971712626116,-0.3990335277446555,,-0.798750150476697,,-0.6816197668198668,,,-0.6559129517245083,-0.9146064044929388,,-0.0104608011846388,,,-0.0101960684627488,,-0.6987285348288296,,,,,,0.2970842223152636,,-0.7247197208290593,-0.997707667374539,,,,-0.6349889649824594,,-0.7352795060838392,,,,-0.8166278166278166,,,,,-0.4808302469064093,-0.4325280140014559,,,,,,-0.4471868216592628,,,,,0.5040042122045808,,0.181063788727371,-0.222040378286027,-0.1855475176744513,-0.5394930691085229,,-0.1116008180566817,,-0.2556097881285441,,,,0.4095116162320651,,0.0,,,,,-1.0682178282069783,-0.3019483645754011,0.0695002173797241,-0.3701368556577311,0.0,0.0,-0.148286452551858,-0.0898070810850765,-0.2847592505603369,,0.5026006135458706,-0.1116979360739575,-0.3552660273101701,-0.2910728932077188,-0.1131006384062117,,-0.0209352765336814,-0.2174630037311022,-0.517161739760372,,,,0.0,0.0,0.0,0.008132606493729,-0.2681683358471298,-1.0884380869565218,-0.5084433063233654,-0.0014112374220229,0.0,-0.0948464804909264,-0.2387190492497038,,4.8335,0.1257266990793421
2004-06-30,-0.527603875550251,,,,-0.7101409007827872,-0.4056259824004397,,0.0079069681680951,-0.6819153365983359,,0.4850823556976275,-1.4952256271874749,,0.0447822428292551,-0.4839768193954446,,-0.7521850539268796,,-0.7031071723203445,,,-0.6816759149235345,-0.931492923860396,,-0.0111653751239516,,,-0.0089723719286239,,-0.8135132352602436,,,,,,0.2846660992392967,,-0.7360803698911873,-0.997707667374539,,,,-0.6331127174325525,,-0.7372721588876198,,,,-0.9484265734265734,,,,,-0.5296641363883207,-0.5270528078555871,,,,,,-0.4609600046172834,,,,,0.6927840607195951,,-0.0210049513029467,-0.2252188605730628,-0.2240731736631454,0.2096508624695973,,,,-0.7058278739253734,,,,0.7784214671138434,,0.0,,,,,0.5323626080057855,,0.132011717337039,0.0154662877107087,0.0,0.0,-0.1864095089040456,-0.1323822898957794,-0.275564231485747,,0.5017421956209765,,-0.6287282366959362,-0.3600351003874318,,,-0.0214980347936821,-0.2175983622941279,-0.5994885541176302,,,,0.0,0.0,0.0,-0.1934909835058536,-0.3160075377686054,-1.127243652173913,-0.5088398659616655,-0.0022146014629572,0.0,-0.0948464804909264,-0.3059607869143879,,4.2685,0.2747335129436569
