,totalAssets,intangibleAssets,earningAssets,otherCurrentAssets,totalLiab,totalStockholderEquity,deferredLongTermLiab,otherCurrentLiab,commonStock,capitalStock,retainedEarnings,otherLiab,goodWill,otherAssets,cash,cashAndEquivalents,totalCurrentLiabilities,currentDeferredRevenue,netDebt,shortTermDebt,shortLongTermDebt,shortLongTermDebtTotal,otherStockholderEquity,propertyPlantEquipment,totalCurrentAssets,longTermInvestments,netTangibleAssets,shortTermInvestments,netReceivables,longTermDebt,inventory,accountsPayable,totalPermanentEquity,noncontrollingInterestInConsolidatedEntity,temporaryEquityRedeemableNoncontrollingInterests,accumulatedOtherComprehensiveIncome,additionalPaidInCapital,commonStockTotalEquity,preferredStockTotalEquity,retainedEarningsTotalEquity,treasuryStock,accumulatedAmortization,nonCurrrentAssetsOther,deferredLongTermAssetCharges,nonCurrentAssetsTotal,capitalLeaseObligations,longTermDebtTotal,nonCurrentLiabilitiesOther,nonCurrentLiabilitiesTotal,negativeGoodwill,warrants,preferredStockRedeemable,capitalSurpluse,liabilitiesAndStockholdersEquity,cashAndShortTermInvestments,propertyPlantAndEquipmentGross,propertyPlantAndEquipmentNet,accumulatedDepreciation,netWorkingCapital,netInvestedCapital,commonStockSharesOutstanding,investments,changeToLiabilities,totalCashflowsFromInvestingActivities,netBorrowings,totalCashFromFinancingActivities,changeToOperatingActivities,changeInCash,beginPeriodCashFlow,endPeriodCashFlow,totalCashFromOperatingActivities,issuanceOfCapitalStock,depreciation,otherCashflowsFromInvestingActivities,dividendsPaid,changeToInventory,changeToAccountReceivables,salePurchaseOfStock,otherCashflowsFromFinancingActivities,changeToNetincome,capitalExpenditures,changeReceivables,cashFlowsOtherOperating,exchangeRateChanges,cashAndCashEquivalentsChanges,changeInWorkingCapital,stockBasedCompensation,otherNonCashItems,freeCashFlow,researchDevelopment,effectOfAccountingCharges,incomeBeforeTax,minorityInterest,sellingGeneralAdministrative,sellingAndMarketingExpenses,grossProfit,reconciledDepreciation,ebit,ebitda,depreciationAndAmortization,nonOperatingIncomeNetOther,operatingIncome,otherOperatingExpenses,interestExpense,taxProvision,interestIncome,netInterestIncome,extraordinaryItems,nonRecurring,otherItems,incomeTaxExpense,totalRevenue,totalOperatingExpenses,costOfRevenue,totalOtherIncomeExpenseNet,discontinuedOperations,netIncomeFromContinuingOps,netIncomeApplicableToCommonShares,preferredStockAndOtherAdjustments,adjusted_close,10%DDret
2023-09-30,1.058945992134363,0.426252169999357,,,1.7402080386029148,0.706302802764787,,0.233102714209686,0.7576601671309192,1.0,-1.685890467357163,,,0.7634385968107489,0.5042313832978026,0.0645675470217514,0.2843118934609012,0.6954243968086129,2.030917582710305,-0.789344862292982,,1.7326761319882664,0.8902863263576921,0.8541213305816062,0.8801403193548732,,,,16.654918414918416,2.0559234307831145,,0.9075077655145066,,,,0.878548644338118,,,,,,,0.9918385259736092,,1.0016898678502224,-0.5949192841947191,1.573891776866034,0.6048612650265438,2.0006832536728822,,,,0.8073952491277941,1.051424402744611,0.3577589681580008,,-0.0054523679627508,,0.2103222702332596,0.1199533951119059,0.6924729578217997,0.0828803596764386,,-1.3607957976089844,,-0.4486062138247622,,0.276452229940602,0.3896213286457189,0.4855470894154642,1.1244894242526733,,0.9958322701369396,-3.598507462686567,-5.005885500267523,,-0.4369295576878071,,0.0017606650118339,,0.0267486960010699,,,,,0.7951113386229843,1.9172932330827068,-0.3551601423487544,0.8160625495424083,,,0.6069286326355735,,1.540561322568243,,1.6507314025924449,0.9958322701369396,1.0256851278523105,1.5040458015267175,1.018350197221746,,0.8990399247433805,1.3699301010640663,1.5891117478510028,,1.0989636950106376,-1.2872377020983832,,,,3.600962590242835,1.6219209897496594,1.100542005420054,1.454246464442027,0.8045619491964748,,0.6205755029284441,0.7169437242641452,,18.697,-0.0726038678285582
2023-06-30,1.0607568985549154,0.4645406030990806,,,1.7246401541288543,0.7157404051693269,,0.2170185086630004,0.7576601671309192,1.0,-1.611209540506909,,,-1.2135013430103396,0.4071633581586791,-0.0214080776870448,0.0779858230245044,0.7867922714601557,2.047227007156684,-0.8328300850947021,,1.7306968124646682,0.8869146776230595,0.8628296243905026,0.8184618346327847,,0.7702189703318867,,16.56018648018648,2.05366482174089,,0.6428524221796312,,-0.9679488374694684,,0.8365231259968102,,0.7739251040221914,,-1.7357719525565634,,,0.9984417164363356,,1.0100341807864082,-0.4394944312351395,1.5717073034936018,0.7409260256044918,2.00873116329448,,,,0.8043017329704429,1.0532285132357566,0.2871019750100765,,-0.0047893897268955,,0.2335834636416628,0.163026788778699,0.6922383628069884,0.0,-0.3117906683480454,0.0531940586885641,,-0.4483733617191138,,-0.1201047015000503,0.4375778217241632,0.3876933954803837,0.8312303249473164,,0.9920047631198436,-1.732089552238806,-5.005885500267523,,0.3901240346360871,,-0.673180165098424,0.278839623556806,0.0317640765012705,0.3447485969533845,-0.3966297117516629,,-0.0116718741725361,-0.0230355771691835,1.918796992481203,-0.1177935943060498,0.6102904085897528,,,0.6390011017260374,,1.4363706266820453,,1.653299554043971,0.9920047631198436,1.0606581814012157,1.5238931297709923,1.0144915108900705,,0.9381069640040948,1.2884555451671786,1.613753581661891,-0.0606060606060606,1.1019147621988885,-1.3168214654282766,,,,3.599868737694159,1.5559525670515195,1.076074332171893,1.3010347357502468,0.705028512182478,,0.6428147016382311,0.7482080219612628,,18.6037,0.0739584061235131
2023-03-31,1.0688326466589764,0.4960457789493988,,,1.7359360479463648,0.7199019086578631,,-101.36822186742356,0.7576601671309192,1.0,-1.5384344945946071,,,-1.2133878639778677,0.4555035669130743,0.0214080776870448,0.1563204644267543,0.7835720465250409,2.0355419012271136,38.469347607283375,,1.7287056229589195,0.8835414301929625,0.8724993700670286,0.8545470101924043,,0.7747755454298331,,16.70097902097902,2.051392667816853,,0.7414909787852753,,-0.9453321648984768,,0.5686602870813398,,0.7739251040221914,,-1.65737067676667,,,1.0016889596621388,,1.014913181024801,-0.2915780252784382,1.5695097298310798,0.8118924737991958,2.011911284076096,,,,0.8012067499965163,1.0612739548516428,0.3222893994357114,,-0.0041318725967721,,0.2357115760059957,0.1786159432070666,0.6921543577480054,-0.0849072248530522,0.0250105086170659,-0.0163627581209998,1.808036368969057,0.7778923557980174,,1.9123124937078424,-0.2537903757415952,0.4364248699842771,1.1338553997450374,,0.9986391086161436,0.0,-5.005647702276916,,-0.4753100865902177,,6.4345090342319455,-0.285048995828078,0.3410458740136418,-0.5023479555606459,-0.2135698447893569,,1.6989037758830694,0.275275147171743,1.806015037593985,-0.6750889679715303,0.6532031418894574,,,1.2840004896560169,,1.586312956555171,,1.5625119297575871,0.9986391086161436,0.8257080610021786,1.883282442748092,1.5938947007374378,,0.7415543812079795,1.2799519166555362,1.24756446991404,0.8539944903581267,1.058060531192094,-0.8771929824561403,,,,1.93918179829359,1.4680988856383572,1.1123112659698025,1.234346143142662,-18.62726801451529,,1.0900602665308547,1.3815769406740888,,17.7117,-0.0109080438354308
2022-12-31,1.03519097729658,0.5654214620973446,,,1.632217227053856,0.7270825421282783,,-1.5982496599846254,0.7576601671309192,1.0,-1.5040916303146092,,,0.777039969486749,-0.2413964949195714,-0.5958540752184539,1.002528933238654,0.7963087570893012,2.029255385271084,0.6443407448073932,-0.4524236162886236,1.6114094268430743,0.880288084922703,0.8783295840685166,0.4282200190372295,,0.7826378710890347,,16.308438228438227,1.917545531966768,,0.7430110369440222,,-0.9143251356440996,,0.7647527910685805,,0.7739251040221914,,-1.620372769859464,,,1.007199327885412,,1.0232697192463225,-0.1454135902890752,1.4400559382386824,0.8743311275053035,1.7848789979785766,,,,0.7982217782657388,1.027758535199066,-0.1849926105065162,,-0.003480908793527,,-0.4473662296325768,-0.1410339782149244,0.6883716639864803,-0.1214645022203386,-0.9684741488020177,-0.0463108320251177,,-0.4475084824695629,,-0.6859458371086278,0.0,-0.2661159023881957,0.4164737102271249,,1.0164157523177682,-0.0328358208955223,-4.914333273883836,,0.2707699508542008,,3.1843214223864225,-0.1092461433976908,0.4045071552761803,0.2279234910090482,0.4619068736141907,,-0.4879097601016787,-0.7491681597133351,3.556390977443609,-0.2818505338078292,0.1222526482669164,,,0.2728608152772677,,1.5916955017301038,,1.3945409429280398,1.0164157523177682,0.5226464854947827,1.1798473282442747,1.030354999142514,,0.4490496084995711,1.319531632607631,0.5805157593123209,,0.9781758287008442,-0.0763673890608875,,,,3.168015751476701,1.3897585921972353,1.129578010065815,1.3017431123029828,-30.27475375842405,,0.3889313301078007,0.3892023791368004,,24.5098,-0.007877725561283
2022-09-30,1.0567179843498575,0.6179836687455796,,-0.215049166310389,1.6553256781037364,0.742869171757506,1.0212026863597767,-1.677369759328248,0.7465181058495822,0.0,-1.415107344580498,3.64297173886215,,0.7804968770500215,0.0144245411002519,-0.3692668612112443,1.1600702619875174,0.8664808228395655,1.9777130578394984,0.6406350077774727,-0.4525583037855709,1.6094746197525405,0.8763664849482822,0.8798709194385548,0.596785061122341,,0.7999232016545861,,16.66293706293706,1.91533771623134,-2.8516873889875667,0.9532747339898222,,-0.8564316745287416,,0.9186602870813396,,0.7628294036061026,,-1.5245091199043157,,,1.010332084971844,,1.0287544268036046,0.0,1.437920590954086,0.9868389112286146,1.7917272778795836,,,,0.7946236772064772,1.0492047561782494,0.0012226252855031,,-0.0028354060960138,,-0.3600396013953015,-0.064795245578858,0.6868815055385622,-0.1387112822686149,0.3754728877679697,-0.0604395604395604,-0.015984748496847,-0.4357328188410618,0.3765309028766733,0.1466827745897513,-0.0490917747015307,-0.0082242503744638,1.2830866092567057,,1.15412094922174,-0.5402985074626866,0.9302657392545032,,-0.6906154926281302,,3.192749523754546,0.0316289900067915,0.3902634746556105,-0.7130912839308212,0.4530376940133038,,0.2128687178944023,0.7198617865369848,1.7548872180451127,0.0,0.7300208978885926,,,0.7579875137715755,,1.3467896962706651,,1.7354804004928075,1.15412094922174,0.9732828804036234,1.5974809160305343,1.1624935688561138,,0.8839886008355698,1.368193758069543,0.5169054441260745,,0.9705579575869878,0.0,,,,3.1607963246554363,1.6141048259228656,1.205613627564847,1.3129759404963697,-30.20632452047693,,0.7253204312027841,0.8685374409028519,,23.8776,0.0406406003953495
2022-06-30,1.0552752921009738,0.7053944576609015,,0.1325352714835399,1.645449249036525,0.7452025304094011,1.0979337673365412,-99.19271480101708,0.7465181058495822,0.0,-1.355506931948023,3.6824632852030112,,0.7829051542947085,-0.0350600330389361,-0.413096610183346,0.1580147251186605,0.8316351052580986,1.9945836515068105,37.59758440845457,,1.615614368019894,0.8731674953238158,0.8819318906743876,0.5451813349589844,,0.8024780773039979,,16.263123543123545,1.9223438063488247,-3.092362344582593,0.7543123389068799,,-0.839632315924897,,0.6716905901116428,,0.7628294036061026,,-1.4603010066779627,,,1.0104858895833224,,1.0325753841656993,0.1436616193217369,1.444696716002905,1.0130977635647869,1.9069232174006128,,,,0.7916885772392606,1.0477674780328046,-0.0347977965873975,,-0.0021953645042326,,-0.0325601191742924,-0.0339691829693455,0.6866782353333778,-0.4345967459600892,-0.4253888188314418,-0.3028317836010143,,-0.4206972257334841,0.3765309028766733,-0.633746098862378,0.1857101003442466,-0.0581093527589382,0.8706194552124256,,1.099515182444501,-0.5791044776119403,0.9302657392545032,,0.3470629534285046,,-1.0135657795993769,0.3816823517997477,0.923699344656948,0.3025999312793494,0.4565853658536585,,-0.4439760631255626,-0.0884310212439211,1.7548872180451127,0.6448398576512455,0.1569863803415724,,,0.4175541681968417,,1.0530565167243369,,1.4513873223550642,1.099515182444501,0.6651760119252379,1.3432824427480916,1.107357228605728,,0.5866142821569875,1.1820488847335382,0.5702005730659025,0.1046831955922865,-0.0199711756228124,-0.0639834881320949,,,,0.0035003281557646,1.3073538935661806,1.0967479674796747,1.0321552356616996,-30.40124416796268,,0.4892623716153128,0.5345432362360836,,27.2529,-0.077103721071886
2022-03-31,1.059377655640698,0.7866006558220279,,-0.4839675074818298,1.6400786688031153,0.7525602491346477,,-98.87895452663946,0.7465181058495822,0.0,-1.2756357176890731,3.193631988152536,,0.7776451909932672,0.2016205690449163,-0.2034625665170798,0.2134270159833564,0.5880515235989618,1.947345989238337,37.58667307164425,,1.6141988726484453,0.8699685056993494,0.8744398460296336,0.6676720035079838,,0.8105342997758781,,16.007645687645688,1.9207285791926911,-2.665482534043813,0.8357015398850043,,-0.8082896724031846,,0.4807814992025518,,0.7628294036061026,,-1.3742549586364996,,,0.9982104313062926,,1.0242299598399376,0.2805656363408835,1.4431345064097263,0.8559668175917424,1.8937021013986235,,,,0.7887534772720439,1.0518544463137236,0.1374848851269649,,-0.0015618762393296,,0.052832702610176,0.0,0.6865963815594781,-1.9864752814578688,-0.0472887767969735,-1.574145634585195,-0.1525150315295498,-0.5290732486195197,0.3765309028766733,-3.3080640289942616,1.3933384604116312,0.1804869426070129,0.4668938782943518,,1.042102577188058,-0.8373134328358209,0.9300279412638964,,-0.2838754973086824,,-0.0921318478323616,-1.2110216357815078,0.6962016851678481,-0.314969648379338,-1.372949002217295,,-2.694804850924112,0.2475044791400051,0.9849624060150376,-2.601779359430605,0.0,,,0.4084955318888481,,0.8723567858515956,,1.373718093321071,1.042102577188058,0.6681573214080954,1.2951908396946563,1.0511061567484137,,0.5894917411393631,1.061350785806509,0.6383954154727793,0.0606060606060606,-0.0189417335803994,-0.1458548331613347,,,,0.0026252461168234,1.1874316085665155,1.008091366627952,0.873681281149594,-30.608605495075167,,0.4829810712163653,0.5255452188500839,,34.4304,-0.092636158743436
2021-12-31,1.0664434151552376,0.7594033305471614,,-0.4275331338178709,1.6470318706546738,0.7578103061014116,1.0082597843707382,-99.16273431494294,0.7465181058495822,0.0,-1.195246399874175,4.014068863383932,,0.7964350772095226,1.4189115608590124,0.8747231009424785,0.0965479438402411,0.7898683072190714,1.7137291115412618,37.59067618263336,,1.6147181843675302,0.8676120285846749,0.8123395945898878,1.33817820130266,,0.8162827699870545,,15.40009324009324,1.9213211677719848,-2.704558910597987,0.694732668032516,,-0.785691645069267,,0.1465709728867623,,0.7628294036061026,,-1.287650752516695,,,0.9338784723848446,,0.962103282544682,0.4154674008259291,1.443707644101144,1.154566275105806,1.916523403799772,,,,0.7865913896400212,1.0588936896028418,1.023565766492006,,-0.0009327568590122,,0.6763141093849755,0.0288932242273162,0.6846875095758421,-0.9412761880193842,-0.7864649012189996,-0.7179084651612124,,-0.3984764819373295,-0.0415835944175448,-1.7055270311084263,2.018018018018018,1.4076306902230038,0.4433748731690818,,1.047801309857957,0.044776119402985,0.7479935794542536,,0.5815586239176223,-0.0966925718416772,7.347976678404433,0.916852624429999,1.899023672595961,0.5321269041346924,0.0918847006651884,,-1.3460361171424031,-0.441259278218582,4.822556390977444,-0.2167259786476868,-0.6643727030337969,,,0.0368466152527849,0.0184872279097505,1.7039600153787005,,1.3461625223411824,1.047801309857957,0.3395252837977296,1.0938931297709924,1.0707425827473849,0.6802827965435978,0.298757712420109,1.190641556475669,0.8286532951289398,1.0413223140495869,1.0078923889918332,-0.3742690058479532,,,,0.022095821483264,1.1998034793094978,1.180758807588076,0.9418878235130416,-0.3566614826334888,,0.2252779899838723,0.161659295409486,,33.8081,-0.0751417559697232
2021-09-30,1.100917206939485,0.8122227223043785,,0.1603249251817015,1.713858204445073,0.7683572955435715,1.0,0.1765714623617763,0.7465181058495822,0.0,-1.1038843888922298,4.1042823645563375,,0.917403025336996,2.016916304438108,1.4043911490391296,0.7060083965566643,0.7242141689897145,1.596966844843814,-0.8030469393357124,,1.613305656491619,0.8625345717894198,0.8110543116754585,0.8180447267943658,,0.8278310360362929,,-0.0307692307692307,1.919709326836305,-2.603611604499704,1.4983808076135088,,-0.7392090690433128,,0.0968102073365231,,0.7628294036061026,,-1.1892255556663012,,,1.0258871663928828,,1.0529882765070582,0.5501188837442123,1.4421487095804877,1.1794741897012109,1.9168823481256176,,,,0.7819327801968028,1.0932381089067205,1.4588606744592234,,-0.0003101908055731,,0.0,0.0794631405914124,0.6840599639759443,-7.475926369515948,0.401744430432955,-6.071156865112909,,-0.3690705874525979,2.933067502136144,-9.871639987919057,5.613253497399839,2.0424051280619984,1.18271457189687,,1.0648975078676532,0.5074626865671642,0.7457344985434873,-59.52395514780836,0.3657851626491926,-0.0966925718416772,-6.528488137158691,0.1752207237799553,0.1222415407248896,0.3209254380941473,1.0064745011086476,,-8.219011809564158,1.6150499104171998,0.9774436090225564,-0.7736654804270463,0.8049290192404699,,,0.3327212633125229,0.2232382466951595,0.7512495194156094,,1.323743254264346,1.0648975078676532,0.5850246531361083,1.2726717557251908,1.087978048362202,-0.0455616653574234,0.5150098220955648,0.9495570099283202,0.670487106017192,-0.4683195592286501,0.9889506554114336,-0.1843825249398004,,,,-0.0078757383504703,1.045222090712164,1.0044521873790166,0.6243327345864852,0.031104199066874,,0.4304388422035481,0.452035992069544,,33.4305,-0.0376811594202899
2021-06-30,1.0951557993211962,0.5313444351572044,,2.0607097050021377,1.6758045843000944,0.7793713039421001,0.9782054910840644,0.1015906806220803,0.7465181058495822,0.0,-1.0302951802491522,3.492410218437616,,0.6561448720961713,5.640918445508827,4.61426224282106,0.4611378953794022,0.6920599826972988,0.8979240290529381,-0.7877436178973374,,1.611893128615708,0.8601621077201004,0.5664275693185145,2.9089742355696733,,0.8398906574052425,,-0.1872261072261072,1.9180974859006248,-3.919478981645944,1.2155178111162517,,-0.6998489735796991,,0.0867623604465709,,0.7628294036061026,,-1.1099471743247284,,,0.802842725533358,,0.8295511819905987,0.5506194468777375,1.4405897750598315,1.0236941814689338,1.903765137060057,,,,0.7797560243990269,1.087498322571018,4.096815800080613,-0.5391636068030766,0.0003101908055731,,1.899867686926913,0.1324626528658393,0.6838209089798627,-0.0546885076744486,0.1277847835224884,-0.3604033329308054,0.0036662267194603,-0.3198057348147162,-2.59698091711763,-0.6007751937984496,5.836061671427525,5.695739949947436,0.2104742825922939,,0.8068384792038785,-0.2895522388059701,0.5637001367338446,-283.9418960244648,0.8525626023870817,-0.0966925718416772,0.0005195404952952,-1.1741534879208304,0.3167045606526681,0.7973886152788913,-2.6958758314855875,,-0.4162262352380448,0.1721269516252879,0.9774436090225564,-1.5711743772241993,0.0269150392736182,,,0.1603623454523197,-10.48981214590995,0.7885428681276432,,1.0334033212445124,0.8068384792038785,0.4396284829721362,0.9442748091603054,0.8278168410221232,-0.1146897093479968,0.377113133940182,0.7166644405859045,0.7507163323782235,-0.2038567493112947,-0.0145494475327705,-0.2807017543859649,,,,-0.0026252461168234,0.7559347015342013,0.7770421989934185,0.3921876185898246,-0.0145152928978745,,0.3109243697478991,0.2842763458898886,,33.067,-0.027102549369462
2021-03-31,1.0991239831203967,0.5935189352536488,,-0.2706284737067123,1.6636276433961918,0.7901630877071149,1.0051977459280037,0.0957365028679557,0.7465181058495822,,-0.9575941491305576,0.0071578427742811,,-1.1872715752886098,5.865509381027529,,0.2328113515466357,0.8352398346630779,0.8531903180550869,-0.8558880043919846,,1.6106260080211403,0.8577896436507809,0.5963505621700697,3.033218896054588,,0.7990069441672227,,-0.2899766899766899,1.9166515697671465,-2.3052101835405567,0.9159672196153592,,-0.6611228161766077,,0.0741626794258373,,0.7628294036061026,,-1.0316256354031696,,,0.790206462453461,,0.8208801205190857,0.8044049555750219,1.439191319092772,1.2395487023609748,1.9185196380329848,,,,0.777579268601251,1.0914516146581643,4.260298266827892,-0.5383037646790428,0.0016110261909169,,2.092147265375612,0.1847486406907639,0.6837447220056945,0.4118221517937757,0.932324506094998,0.3905627339693274,11.703817764090532,7.474951766349545,0.4779265166619196,12.24876673713883,1.384640738299275,5.9221487249620886,0.641517288029763,,0.7945054010376796,0.2485074626865671,0.5635812377385411,0.1253822629969418,-0.9035806225134566,-0.0966925718416772,14.134907348611671,1.5086834190356069,-0.538050020061522,-0.9215439239491467,1.2235920177383592,,10.398538367844091,1.362554389557205,0.9774436090225564,-1.9412811387900355,0.7859407652950926,,,-1.033663851144571,-9.664049299274426,0.7497116493656286,,0.5748147634003713,0.7945054010376796,-0.2873523678477239,0.449236641221374,0.8153832961756131,-13.468970934799684,-0.3268682732479318,0.6515738390988826,0.2595988538681948,-0.721763085399449,-0.0163338137396197,0.3089095287237702,,,,-0.0129074600743819,0.40652984657987,0.7579945799457994,0.2691324917145242,-8.827371695178849,,-0.5170189287836346,-0.8876010370596309,,28.5575,0.1265271820012255
2020-12-31,0.8577699951216823,0.6564649906770398,,0.1205643437366395,0.9837964835616057,0.8141963345956444,1.0078223503074903,-1.8323576370409795,0.7465181058495822,,-0.8138389160533461,4.485499197827965,,0.6577945209941464,1.3784711647609291,,2.4041559218148523,0.885225415745458,0.8603931736250466,2.1333607832372588,-0.3983041846449187,0.8952429562784044,0.8554171795814616,0.5748045011260347,0.4429364391824686,,0.878021796282884,,-0.1208391608391608,0.7645781023281959,-2.576080521018354,0.5206199193708281,,-0.5842298584826506,,0.0573365231259968,,0.7628294036061026,,-0.8767567028804943,,,0.7988010178858573,,0.8321685044419462,0.951820798398198,0.3249330452361204,1.3692387254746752,0.8569512402471048,,,,0.7754025128034752,0.8510033745467056,0.9941287115410452,-0.5377500292389639,0.0024487598101938,,-1.1759578818805112,-1.8675825069094456,0.6819985081625003,0.2906893184205192,-1.9042664985287936,0.2913295495713078,0.0,-0.2641873461512873,-0.6636285958416406,-0.8696264975334743,1.7052479308576869,1.39879241210565,-0.6420896531987408,,0.7878710555413796,0.3522388059701492,0.2902324475358183,0.1478083588175331,1.1572665574537797,-0.0931080185553346,-0.0176066501183397,-2.5312894149607064,-0.3089474388123579,1.0956362386897265,-4.480354767184036,,-0.6425038394322936,-1.7848733043255696,2.5864661654135337,-2.906049822064057,-0.2263457519636809,,,-0.7821030725915045,-0.5488520027830236,0.6808919646289888,,0.3038400805150185,0.7878710555413796,-0.6182777204449031,0.2229770992366412,0.8086949065340422,2.342498036135114,-0.7304872312757658,0.6964516272650372,-0.1243553008595988,-3.6198347107438016,-0.0199711756228124,0.7698658410732714,,,,-0.0704441041347626,0.2886620960718193,0.7380952380952381,0.3971462544589774,1.607050285121825,,8.647568118156354,-0.637334146713436,,25.2236,0.1286850409933553
2020-09-30,0.8856512970188174,0.7457082234938597,,-0.9187687045746046,1.0224891347723315,0.8306843607244002,1.0611121117772688,-1.7547158654130448,0.7353760445682451,,-0.7019100442700985,0.1561150191287177,,-1.1857494151802022,1.7105955314377477,,2.713433244882959,0.8192348361049697,0.7956243007582888,2.131027541403605,-0.3983889878837373,0.8945248223582983,0.8524116321081997,0.5821220786564275,0.684527438209217,,0.896075110302574,,0.8264801864801865,0.7641040314647605,-2.0,0.9361575573326284,,-0.5268211735312215,,0.0,,0.7517337031900139,,-0.7561746237416526,,,0.7995862309023531,,0.8368541228941251,1.097985233387561,0.3244745350829862,1.4518147948791016,0.862669160385141,,,,0.7726448976418724,0.8787800441131439,1.2358860674459224,-0.5372006254972429,0.0032799401025923,,-1.0871045643383883,-1.783991762856988,0.6812345396061028,0.329826242376223,0.8164144598570828,0.3233908948194662,11.703817764090532,-0.2400372563369037,-0.8197094844773569,0.3374106513641397,1.5867758001904344,1.7245806469619582,0.5125790254182169,,0.744577698392447,0.1380597014925373,0.2845252957612508,-1.0927624872579,-1.7643341914345894,-0.1002771251280197,-0.4148530854932748,-2.029106432521587,-0.3991574160759663,-1.7640590997594778,1.7223946784922397,,0.3733940581475401,0.694522651650883,0.6270676691729323,-2.3740213523131675,0.6218202781581034,,,-0.4513404333455747,-0.3111022761156942,0.6016916570549788,,0.5254646098318555,0.744577698392447,-0.3122348354546497,0.3878625954198473,0.7650488766935346,-1.5506677140612726,-0.297983011924854,0.6572280842348961,-0.1432664756446991,-1.988980716253444,0.8893006657058541,0.8145854833161335,,,,-0.03806606869394,0.4238593983787043,0.6827332559039876,0.3803476104940926,-0.96215655780197,,-0.2452253628724217,-0.3109653805093793,,20.8623,-0.0701552561318742
2020-06-30,0.8879063487820328,0.8405452324310423,,0.450192389910218,0.9998157687033856,0.865431265530225,1.107814630882845,-1.6939861628525812,0.724233983286908,,-0.6098911519940048,0.3950388744909293,,-1.1844780297238011,1.5408603043642772,,2.588780506035804,0.8253869076228011,0.8269787430519792,2.128717174489889,-0.3984729597182537,0.893432784000451,0.8696008057425141,0.5990780228859434,0.631650998385044,,0.9341207064687398,,1.111048951048951,0.76319991060378,-2.140911782119597,0.7360055515167537,,-0.7041000876326142,,-0.0543859649122807,,0.7406380027739251,,-0.6570417621847902,,,0.8095314914942002,,0.844758325558237,-0.0282818170441746,0.3236000907195088,1.3222936389829971,0.8521684645369303,,,,0.7884161094597201,0.8810266331681724,1.1123337363966144,-0.5404046383826016,-0.0015673373450616,,-1.0833387307197646,-1.6065499738073303,0.6810590262255294,0.3015606861859925,-0.3014922236233712,0.3002354788069074,4.894412670479542,3.213591910052558,-0.6100825975505554,4.706181415483741,-0.1209074928587123,1.6041939955529505,-0.3337929599084215,,0.7087692438547248,0.5067164179104477,-0.1700255632839902,-0.5881753312945973,-3.530774631406506,-0.1002771251280197,2.8882987935115163,-2.8180847967400795,-0.3148321519325933,-3.4930706677356547,0.7513968957871396,,4.050352168617275,-1.102764269260302,0.6285714285714286,-2.901423487544484,-0.0096922966058946,,,-0.0429673154608887,-0.0184872279097505,0.6943483275663207,,0.6984330805670756,0.7087692438547248,0.0736154110767113,0.6125954198473282,0.7289487223460813,0.6268656716417911,-0.0022687657361038,0.4374248697742754,-0.126647564469914,-3.12396694214876,-0.0165397021481023,0.8214654282765738,,,,-0.0605994311966746,0.3226959065633444,0.6687959736740224,-0.1010448554152857,0.4748574390876101,,-0.002631355572532,0.0883025773982004,,23.8773,-0.0984198380888962
2020-03-31,0.7941916814801794,0.928663280396065,,-2.4279606669516887,0.7424901952919726,0.8711413969335605,1.1758227620101382,0.1972680503814085,0.724233983286908,,-0.5702007188686838,0.6869060841663581,,-1.1826266403236534,-0.1897154775418293,,0.1789687433817941,0.8656156877823705,0.8076113015219052,-0.8703449537926617,,0.5990186492257062,0.8675992390209589,0.6109970136627205,-0.4184233323707768,,0.9403729282030516,,0.193006993006993,0.7623025621837058,,0.7878197078844755,,-0.6809054127123226,,-0.0343700159489633,,0.7406380027739251,,-0.6142828665404166,,,0.8149435635372054,,0.8537450216693182,0.1311475409836065,0.3227321965010762,1.421671996538222,0.8587459618763342,,,,0.7865796551074187,0.7876636561889746,-0.1473733709525728,-0.5399245418146063,-0.0008410102827159,,-1.1020291088760792,-2.472931230694196,0.6810030403429967,-0.0196790182602126,0.23213535098781,0.0370728172925975,-2.4870704404360366,-2.0676934335706205,0.1275989746510965,-2.63716903251787,0.8426719402329158,-0.1310856196563305,0.7901240991752738,,0.7911882282895296,-1.6544776119402984,0.738838356815885,0.1162079510703364,1.658085654107185,-0.1002771251280197,0.0053974484789008,-2.291064325215873,0.0744282466229771,1.5858435459855686,-0.1550332594235033,,-2.130148811099932,1.1315587407217813,0.6255639097744361,-2.415658362989324,0.5588383656409887,,,0.6496511200881381,0.4629758473312792,0.748558246828143,,1.1817314199448197,0.7911882282895296,0.738562091503268,1.129236641221374,0.8120391013548276,0.4571877454831107,0.6454915197963644,0.8283691732336049,-0.0458452722063037,0.1487603305785124,0.0,0.890264877880977,,,,0.0043754101947057,0.9763058576564908,0.7547425474254743,0.6752346497330939,0.3628823224468636,,0.4854426619132501,0.7611712673478725,,21.3127,-0.1407986787220764
2019-12-31,0.8297108270568766,0.9706487494374076,,0.0051303976058144,0.8009465817616455,0.8879384541932964,1.1938862156807246,0.1954940571225829,0.724233983286908,,-0.5160959046689457,1.0101197087498457,,-1.1821348978496071,0.6765322037339535,,0.0593240398151262,0.9479477073920984,0.8211042247518247,-0.9095296916460792,,0.7495626653451419,0.8656008696903327,0.6133893468999296,0.1806932546175976,,0.9587646111703574,,0.8261072261072261,0.9340889119904372,,0.6301301962857709,,-0.625417187179535,,0.3704944178628389,,0.7406380027739251,,-0.5559952157878999,,,0.81297648350619,,0.8294389316434284,-5.2251282693029655,0.4888799006342996,0.3902310314620735,0.9415518989414292,,,,0.7847461343882678,0.8230495063048014,0.4831788257423082,-0.5554284121870889,-0.0242964594013208,,,,0.6778914950570815,-0.0649333898398776,-1.1872635561160152,0.0,-0.0088478271496309,-0.3746257734016366,-0.9700939903161492,-0.8244236383771267,1.1468358602504944,0.8480653474373645,0.0795067252907354,,0.7069830739134133,-0.8940298507462686,0.7389572558111884,0.5565749235474006,-0.885794523753803,-0.0539189107777577,-0.0370028286093632,1.0604443582031629,0.2246890464089875,-0.9041346924750888,-1.3466962305986696,,-0.6044590372292539,-1.7225492705400562,0.4270676691729323,0.703914590747331,-0.0141961519060315,,,0.7721875382543762,0.5520326011330882,0.5778546712802768,,1.1616720748234397,0.7069830739134133,0.8904942093796583,1.1548091603053434,0.727148002057966,1.406127258444619,0.7722103865202113,0.8755175637772138,0.1398280802292263,-0.9090909090909092,0.005833504907007,0.7258341933264534,,,,-0.0166265587398818,1.0747448580807968,0.6437088656600852,0.927517899157538,0.736132711249352,,9.598506069094304,0.8796705810584109,,38.8273,-0.0888884882543984
2019-09-30,0.8282806166443207,0.9918343727898156,,0.1530568619067977,0.7848294024991553,0.8937596979133888,1.1164861179013457,0.1682336940452959,0.713091922005571,,-0.4691797773079894,0.0271504381093422,,-1.1842419653167449,0.976743542180016,,0.0635098603480709,0.5533980582524272,0.7634245529292678,-0.7217494738768414,,0.7496368527335827,0.8636856325238605,0.6018694967157193,0.3320927048908568,,0.9651384936498794,,0.3682983682983683,0.9341735675017652,,0.6509153393695063,,-0.6030615479275819,,0.3291866028708134,,0.7295423023578363,,-0.5054520083723711,,,0.7934317335919101,,0.812177940139446,-5.028657239394319,0.4889617774473593,0.1318641885402484,0.9223609720464234,,,,0.7829888881310336,0.8216246631541261,0.7017063012226253,-0.5549151059316834,-0.0235198901662415,,,,0.6662491599494101,-0.0217058834368262,1.127469525010509,0.0354123898079942,2.648335533069365,1.8468165790699225,-1.5961264596980915,3.614970301016813,-0.1639017065846334,1.1571445849265491,1.1326066030127222,,0.7151484222165518,-3.8,0.5505023482551572,0.0316004077471967,0.3835712614088462,4.42165190674137,-0.0172891531489926,-1.085669933055205,-0.114150060184566,0.3383346695682052,-1.027760532150776,,3.1319387809140498,1.492961351420527,0.4451127819548872,-1.268327402135231,0.8976003458960871,,,0.7763496143958869,0.5635622701520724,0.6174548250672818,,1.202623679050478,0.7151484222165518,0.8872835683981195,1.16,0.7353798662322072,-0.2937941869599371,0.815482942755167,0.8320644672988736,0.1042979942693409,0.8319559228650137,-0.0120101571614851,0.5896112831097351,,,,0.0179391817982935,1.0486165390026574,0.6591173054587689,0.8086118349482632,-0.1327112493519958,,0.4525082760376878,0.8822632301357328,,39.2874,-0.0623100536049726
2019-06-30,0.7552618741269216,1.0699543496431556,,-0.1855493800769559,0.6110727768007249,0.880693583914756,1.0963126881609755,-1.2700609071018862,0.7019498607242339,,-0.433930231805082,0.0,,-1.207840000168117,-0.3298633221665421,,2.182307433568785,0.4914928386042487,0.8167746976612029,2.005009607466374,,0.5841425940955741,0.8444245495675529,0.607675862694381,-0.4276745703254511,,0.9508319503928312,,0.4695571095571095,0.4285803778683403,,0.3682836560703192,,-0.5802397777487741,,0.3861244019138756,,0.7184466019417476,,-0.4674773248280673,,,0.7907777367246672,,0.8131103959936629,-4.834188462019772,-3.6025797746258844e-05,0.1475688397766731,0.4534128048665294,,,,0.7653166820315703,0.7488799437523737,-0.2493886873572484,-0.5544068533243619,-0.0227509664791869,,,,0.1970249721172465,-18.58163660149988,-0.6345102984447247,-15.169061707523246,0.33426211076893,16.510544873927216,-0.0911421247507832,-0.4833383670592973,0.016186918625943,-0.1747746239080075,0.1645289694825298,,0.3761163562133197,6.156716417910448,0.1819154628143392,-0.0316004077471967,-0.3428504563538497,0.9575878064943673,0.0017029382901345,1.2773843019307267,0.5007355891400295,-0.3726949948459512,-0.2454988913525499,,-0.3173860085791453,-0.5053749680061428,0.4466165413533834,1.122775800711744,-0.1040570728543633,,,0.2159383033419023,0.3122950004969685,0.4113802383698577,,0.4794461122004546,0.3761163562133197,0.2203875702327714,0.4117557251908397,0.3935860058309038,1.9497250589159465,0.1628531112525247,0.4602199367793063,-0.2424068767908309,0.1487603305785124,-0.0107061972410953,1.0189198486412108,,,,0.0043754101947057,0.4122021483284575,0.3089818041037553,0.4210286639512232,1.347848626231208,,0.194974959680842,0.2804636266585328,,38.6461,-0.0348547804809038
2019-03-31,0.2334066987935265,-0.2764739921558541,,-0.1534843950406156,0.5699545268212896,0.0083004372877309,0.760903687311839,-0.9686003193187864,0.022284122562674,,-0.3908536218676708,-0.8800444279896334,,-1.1939220069817624,-0.1497180615926982,,1.973041322519964,0.2307026819186773,0.7569640034806698,1.8425519260682588,,0.5631327256891637,0.0291282313632076,0.0151780113698586,-0.3328306649126747,,-0.0043816877767069,,0.2892307692307692,0.4286548747183087,,0.336263300508889,,-0.2837059273208658,,0.6212918660287081,,0.0416088765603328,,-0.4210704674573906,,,0.2479619443447027,,0.2456593290874547,-4.646477286947817,3.6025797746258844e-05,-0.1371412890901223,0.4322476841793714,,,,0.0172754322158391,0.228983174933952,-0.1182587666263603,-0.5539050982645772,-0.0219918727824497,,,,0.054950379822499,0.0351568977907169,0.3845102984447247,0.0819949281487743,0.1858043701422496,0.1513206040848912,-1.6923953289661064,0.3662539011376221,-0.1127774115578993,0.0082242503744638,0.3462809272315737,,0.2060899889427575,-0.244776119402985,0.1590868557160692,-1.2038735983690112,0.1762227942897261,0.6262425447316103,-0.0100155862148588,0.3273503444261181,0.1012438143640497,0.1353796815943191,-2.437960088691796,,0.3976698617804374,0.6649603276170976,0.3969924812030075,-1.5658362989323844,0.2370469121568062,,,0.6201493450850777,0.7583739190935295,0.461361014994233,,0.6505405264710475,0.2060899889427575,0.6968237587432634,0.5763358778625954,0.222174584119362,-0.6017282010997643,0.6425033893146668,0.3209563242954454,-0.1163323782234957,0.4793388429752066,-0.0209319881957312,0.7650498796009632,,,,0.0109385254867643,0.4660666830433909,0.1642663569492837,0.2936220811091153,-0.3359253499222395,,0.341312282488753,0.6127802348635046,,38.4324,-0.0297071427254506
2018-12-31,0.2138539021860896,-0.259017552883688,,-0.3505771697306541,0.5266200627202193,0.0008802178843086,0.7601832076782544,-0.8984093193779197,0.0167130919220055,,-0.371767056940506,-0.4879674194742688,,-1.193941620641696,-0.2712053674428048,,1.2279901832542264,0.2344516004998558,0.7659107456802401,1.2912434806478177,,0.5510757913197788,0.0161292385413502,0.0063667945150802,-0.4065304114394498,,-0.0125063444177677,,0.3175757575757575,0.4965079601577301,,0.1027361046857445,,-0.2573788525721104,,0.7644338118022329,,0.0360610263522884,,-0.4005083225356324,,,0.2416282010584764,,0.2324260134066924,,0.0656619290013403,-0.3934395085963968,0.4762246613643662,,,,0.0053487466419068,0.2095037556274828,-0.2066908504635227,,,,,,0.0530253994359225,,-1.4416771752837327,-0.0724852071005917,0.968079386029232,0.4322400372563369,0.0643691256052406,-0.4345615624685392,0.0495678605434703,-0.1228241554792672,-0.6546816869162526,,0.2466615633239772,-2.71044776119403,0.1594435527019796,0.1834862385321101,-0.6676807863327873,-0.0895837098620398,1.400075044738209,0.0413311341806539,0.2224822789888993,-0.6906425380826938,-0.2238580931263858,,-0.2763332097653974,-1.5692347069362682,0.037593984962406,-0.1362989323843416,-0.5214023203862507,0.0,0.0,-0.1184967560288897,0.1162906271742371,0.681276432141484,,0.25622516441375,0.2466615633239772,-0.051026258456599,0.1148854961832061,0.2630766592351226,0.05184603299293,-0.1023158011233157,0.4997551311161569,-0.3959885386819484,,,,0.0,0.0,0.0,-0.0297527893239991,0.3448491480381428,0.2454897406116918,0.5938725428188327,0.095386210471747,0.0,0.0129870129870129,-0.0616135427787097,,33.1545,0.1111432837171424
2018-09-30,0.2123207166238297,-0.5337233974152896,,-0.0932022231722958,0.4872068020098207,0.0172727568658514,0.6037876643594164,-0.7257406421855597,0.011142061281337,,-0.3117688147918565,-0.6814759965444896,,-1.1981991858229664,-0.1186725361536402,,0.3749050092810604,0.0894934153609535,0.6652270426737227,0.328163601427395,,0.4914766109420463,0.0155904781698134,0.0009871826291001,-0.3218040448765253,,0.0054424173990073,-0.0663956639566395,0.1415384615384615,0.5710657620943096,,0.3657392108915471,,-0.1906661943206608,,1.0271929824561403,,0.0305131761442441,,-0.3358716236419815,,,0.2406440828301436,,0.2219833969511249,,0.1377724757992609,-0.4893983049953034,0.5383944483277603,,,,0.0048544294560237,0.2079763237699588,-0.0956603520085986,,,,,,0.052604272263282,,0.4574401008827238,0.3553314817051081,-0.0133450652588356,-0.1957953562637216,-0.2170321845628026,0.2849088895600523,-0.04980590346444,0.0421446314438025,0.3340531258943205,,0.1468061580335119,-0.6664179104477612,0.0790678318768206,0.1223241590214067,-0.6124502691317576,,0.0010679443514402,-0.9816629475114,-0.5419954527216798,-0.6365822929790402,-0.3778270509977827,,0.3292061642747445,0.703097005374968,-0.162406015037594,-1.0291814946619218,0.5751603372486849,0.0,0.0,0.5011629330395397,0.6593777954477686,0.1164936562860438,,0.432594700584775,0.1468061580335119,0.5314757481940144,0.4130534351145038,0.1624078202709655,-0.2749410840534171,0.4714052513626428,0.2645919593962869,-0.3856733524355301,,,,0.0,0.0,0.0,-0.0032815576460293,0.3404720962951383,0.0408439798683701,0.3268145824373213,-0.1202695697252462,0.0,0.2185722773958068,0.5058715876162879,,30.2111,0.2227182358583561
2018-06-30,0.2011536337225932,-0.5401208770012216,,-0.321077383497221,0.4521824610445982,0.0196651439360236,0.5835113089571057,-0.8150316362131157,0.011142061281337,,-0.2906283393393254,-0.4318153770208565,0.0,-1.1987511702525224,-0.2090035715274509,,0.0,0.1603383639334807,0.6826303919305287,0.3258303595937414,0.5757217057007522,0.491494415915272,0.0144298252625857,-0.0009871826291001,-0.3929690591544475,,0.0080619253193119,-0.3071364046973803,-0.0872727272727272,0.5714314739032456,0.0,-0.1269248562553697,1.0038341976545466,-0.1763839427218317,0.0,1.0127591706539074,1.0514534122573025,0.0305131761442441,0.0,-0.313096780623941,0.0,,0.2361536820303596,,0.2174467047021226,,0.1381261836316788,-0.4024739047377809,0.5452175391532692,,,,0.0037895206223409,0.1968511484494856,-0.1614134085718124,,,,,,0.0523503156827213,,-0.6181168558217739,0.3957251539669122,-0.6469668084274331,-0.6291663894617789,0.3759612645969809,-0.2154938085170643,0.0328499230938255,-0.0588350219096262,0.425059187761792,,1.2509994046100197,-0.4873134328358209,0.0790678318768206,0.1151885830784913,0.7271238006084718,-0.0984999096331104,0.0017895283726837,0.9385854273794508,-0.6154206232446168,0.6746077196197457,-0.0056762749445676,,-0.0919557273738283,-0.1063475812643972,-0.1609022556390977,0.7320284697508896,0.6777401455646033,0.0,0.0,-0.7055943199902068,-0.4065202266176324,0.2010765090349865,,0.6530392684238838,1.2509994046100197,-0.6208003669303979,0.6369465648854962,1.275595952666781,-0.3472113118617439,-0.6381872008411034,0.8229820577890566,-0.4951289398280802,,,,0.0,0.0,0.0,-0.0032815576460293,0.4528462002277853,1.0630662020905923,0.2600247931793457,-0.1679626749611197,0.0,-0.3974195738901621,-0.6107976208631997,,31.1413,0.1780465342355363
2018-03-31,0.2297848859524213,-0.5350736192374461,,-0.1056006840530141,0.4952232427835377,0.0357121930576503,0.5653191982090935,-0.6958784223286618,0.011142061281337,,-0.2031243494793521,-0.556954214488461,0.0,-1.1992464151658422,-0.1349889716400417,,0.4163396494375304,0.0620974718831106,0.7145637619648026,0.6208710769512307,0.5865307930329151,0.5300748253999813,0.0147415708781634,0.0253560964803142,-0.3267344734280917,,0.0256323982564494,-0.079494128274616,0.2258275058275058,0.5717802546099159,0.0,0.0,1.0181961714498988,-0.1306098857046967,0.0,0.9800637958532696,1.0516763720890878,0.0305131761442441,0.0,-0.2188278680354829,0.0,,0.2606421515993077,,0.2411559785257306,,0.1384635161014846,-0.444057457070787,0.5424404435796195,,,,0.0040755498545284,0.22537495395166,-0.1075372833534865,,,,,,-0.8499668597156442,,0.5591635140815469,0.4162540755947349,-2.035831255804859,-1.577938926219147,1.2970663628595842,-1.33373603141045,0.5222844796015528,0.0251565305571836,0.7178499882925307,,1.2859573020328314,-0.0373134328358208,0.0790678318768206,2.2395514780835883,0.2281769248771355,-0.1019940960298813,0.9405992033712406,1.1578538857087417,-0.6205697472248228,0.1862329630053831,-0.1717073170731707,,-1.0331197373298735,1.1311748144356284,-0.1609022556390977,0.9633451957295374,0.8832600706204511,0.0,0.0,-1.3303953972334437,-0.9197892853593084,0.2668204536716647,,0.3929618768328445,1.2859573020328314,-1.0762527233115469,0.3651145038167939,1.3108386211627507,0.7745483110761979,-1.1172841214066347,0.8246738791683362,0.1535816618911174,,,,0.0,0.0,0.0,-0.0549113979435572,0.2611938631948011,1.108130081300813,0.2049738153667113,0.5723172628304821,0.0,-0.7653849418555301,-1.1483910324843678,,27.555,0.3916417030889356
2017-12-31,0.2779418908109761,-0.5219893268179773,,-0.3386062419837537,0.5808452477503048,0.0542366996169663,0.5544862722898387,0.092247649458932,0.011142061281337,,-0.0803523104180448,-1.115142539800074,0.0,0.2697452640891749,0.3684210526315789,,-0.5947851652527064,-0.0620974718831106,0.7644687538846762,-0.4288132491536279,0.6208968898620014,0.6527065784924826,0.0135793192754712,0.0526244278435707,-0.0294007550721382,,0.045915525621943,-0.3256549232158988,0.4257342657342657,0.8235660626213749,0.0,-0.1796973101579538,1.0363800656098376,-0.0533999589804784,0.0,0.8307017543859649,1.0508451321008418,0.0305131761442441,0.0,-0.0865643376856374,0.0,,0.2815618916116931,,0.2617133515119622,,0.3819848085761049,-0.5406072887312795,0.7693593788373982,,,,0.0030091742042703,0.2733512362716362,0.2589009807873169,,,,,,0.0508394314394888,-9.388070977133276,-1.2672341319882303,0.3899589421567443,-0.0722002248619054,-0.271139644734216,0.0353175733409285,-0.1016812644719621,0.5635391489050026,0.5225003953966526,-0.5251190259385488,,0.1495279408012248,1.2537313432835822,0.0763331549848403,-0.200815494393476,-0.6630002340276152,-0.1027772757395023,-0.0594007966287594,0.7445425439022024,-0.4466363514778654,-0.6860611613789944,-0.3799556541019955,,-0.4177090504686755,-1.411824929613514,2.9834586466165414,-0.1644128113879003,-0.0711609137421633,0.0,0.0,-0.0545966458562859,0.1775171454129808,0.5144175317185697,,0.2649013517499869,0.1495279408012248,0.1385162252035317,0.1538931297709923,0.1651517749957125,-0.0989787902592301,0.0859364192236394,0.3857797960910021,0.2521489971346705,,,,0.0,0.0,0.0,0.0131262305841172,0.3064829495969092,0.1234610917537746,0.4942950388342146,-0.0041472265422498,0.0,-0.0915881504116798,0.0,,30.7939,-0.0907409905537769
2017-09-30,0.2943284616032711,-0.4742493409631582,,-0.0051303976058144,0.6117009307419491,0.0590110569776147,0.0,0.1020637454911004,0.0,,-0.0286807325614207,-0.9361964704430458,0.0,0.2732168818973974,0.5824727521064629,,-0.3405463990731397,-0.0668076516389503,0.7225018202482641,-0.4265715069997255,0.6210041410169779,0.6520566969697419,0.0108103787309555,0.0590746904385431,0.08992417193399,,0.0511431357676888,0.0266485998193315,0.1982284382284382,0.8228244803421437,0.0,0.1520058158746943,1.041790667295264,-0.0225048011485466,0.0,0.742902711323764,1.048864791441087,0.0194174757281553,0.0,-0.0308980364796172,0.0,,0.2851606882351614,,0.2668224093925755,,0.3812675676937021,-0.4831080011398537,0.7729582679991688,,,,0.0004686478958149,0.2896763119049013,0.4147118097541314,,,,,,0.0502801497882086,0.894510880580789,0.9626944094157208,-1.1039427605361671,4.8642029623111895,3.1454327722706408,-1.1688977499287951,3.174267592872244,-0.5868856661539589,0.5644217440248588,0.6094648385670057,,0.2578889172407927,-0.4395522388059701,0.0001188989953034,-0.7675840978593272,-1.1947109758951555,0.8092354961142237,4.121457022455695,0.4519258756185117,-0.3707369265748295,-1.2065055549192532,-0.9422616407982262,,2.7610231425091354,0.9554645508062451,-0.2932330827067669,0.3473309608540925,0.6735965986884773,0.0,0.0,0.2849798016893132,0.4784812642878441,0.0326797385620915,,0.4527234552048448,0.2578889172407927,0.4429537897030157,0.4538167938931298,0.2743954724747042,-0.1932443047918303,0.3830893949035774,0.2926405770001336,0.1839541547277937,,,,0.0,0.0,0.0,0.0052504922336469,0.3329685790214163,0.1250871080139372,0.2804665165583019,-0.0663556246759979,0.0,0.120363296833885,0.3076101875857862,,31.6382,-0.0868909657320872
2017-06-30,0.1856927991246072,-0.5401851732784672,,-0.3954681487815306,0.3173278712039685,0.0635336754956108,0.0,0.1046064691620838,0.0,,0.0,-1.0941626558064914,0.0,0.2467062185459063,-0.577156990319038,,-0.5194403956597028,-0.1418340863212535,0.5911313952868888,-0.3908637569768506,0.538149713882602,0.3558561298813447,0.0097888123291394,0.0140370717514835,-0.6149452947027304,,0.0560951082875679,-0.3857271906052394,-0.2056876456876457,0.4848288858149532,0.0,-0.0866763597911572,1.046470770228063,0.0,0.0,0.7543859649122807,1.048134169223082,0.0194174757281553,0.0,0.0,0.0,,0.2429684983870753,,0.2239939006940072,,0.0543662038716269,-0.5362589578781835,0.4547131908891114,,,,-0.0004686478958149,0.1814483349282941,-0.4293967486228671,,,,,,0.0500710553721891,1.0094157100477237,-0.1688734762505254,-6.586855452240068,3.1975362956445226,2.011243430244162,1.6063799487325547,-7.978304641095339,2.3196183988866914,-0.604594043930894,0.3053308010510706,,0.5122054945989624,-1.0955223880597016,0.0002377979906069,1.3720693170234457,0.401825415399017,0.8092354961142237,6.667407492928477,0.0440477345493354,-0.7214123311488565,0.3562020387126332,0.5924611973392461,,-6.625493830429487,0.5572050166368058,-0.2932330827067669,-0.0238434163701067,0.6519420624054191,0.0,0.0,-0.3169298567756151,-0.0554616837292515,0.09919261822376,,0.2260320324836454,0.5122054945989624,-0.2608645797500287,0.2135114503816794,0.5307837420682558,0.7211311861743912,-0.3284176742384417,0.345888428832198,-0.5157593123209169,,,,0.0,0.0,0.0,-0.0579741850798512,0.0992429487036334,0.3699961285327139,0.0814127052394565,0.5370658372213583,0.0,-0.1643323996265172,-0.2376086624980936,,31.1573,-0.0592638001367255
2017-03-31,0.1276158548445647,-0.5614029447694978,,-0.1282599401453612,0.1400824078146701,0.0562697077876279,0.0,0.0700727337236118,-0.0389972144846796,,0.0617468416499747,-0.9651980747871158,0.0,0.0947732047984819,2.3526029698127484,,-0.5772196683733851,-0.1224646736518312,-0.2016835076628012,-0.400082349711776,-0.4755882029549356,0.1644793751641396,-0.008421927706991,-0.265412804568277,1.1008652313878995,,0.0481415370694587,-0.1034327009936766,-0.0052214452214452,0.266448142573426,0.0,-0.1440089881699821,1.0579451254247942,0.2522700576137826,0.0,0.7974481658692185,1.0351098848955576,-0.0194174757281553,0.0,0.0665204824080534,0.0,,-0.0063626539274817,,-0.0163607659474679,,-0.1568464981696438,-0.467487783512227,0.2567837328950434,,,,-0.0171771555052926,0.1235893405152336,1.703211070804783,,,,,,0.04868211226392,0.677746862965488,0.3876628835645229,0.3586825262649438,4.766974629711101,4.079735213891292,-0.5075477072059242,7.326185442464512,-0.3411338167435728,2.348879399369226,0.9189062621952806,,-0.0147996937994386,0.117910447761194,0.0,0.4036697247706422,0.7659723847413995,7.433881559130068,-0.0503377013219419,0.2353740176579024,-0.4791360171191654,0.7126331462604513,3.3380044345898003,,6.255467881162951,0.9596877399539288,-0.2932330827067669,0.6629893238434164,0.9462780139799668,0.0,0.0,0.0160362345452319,0.283669615346387,0.0803537101114955,,0.0203022783667944,-0.0147996937994386,0.1288843022589152,0.0,-0.00051449151089,1.091908876669285,0.0346955150374899,0.052268376296692,-0.126647564469914,,,,0.0,0.0,0.0,-0.0763509078976154,-0.0487728622791933,-0.113550135501355,0.0459938776026513,0.7817522032141005,0.0,0.0,0.0472777184688119,,32.8857,-0.0434991500865117
2016-12-31,-0.0059481150866915,-0.5267793994727705,,-0.0795211628901239,-0.1461219312062663,0.012302216820929,0.4745902272083987,-0.5702796996038082,-0.0779944289693593,,0.1045366442617718,-0.908058743675182,0.0,0.1053631801868411,-0.3294387995237963,,-0.2490563217102066,-0.1634624627511295,-0.0370833407327165,0.3227879952420167,0.402708964637673,-0.1291988207172733,-0.0575130693354222,-0.2550916313208635,-0.4330541919337761,,0.0,-0.0519421860885275,0.3252214452214452,-0.136393573630824,0.0,-0.3669949111096424,1.0295133773351406,0.2926742863535509,0.0,0.8583732057416268,1.0,-0.058252427184466,0.0,0.112618359413934,0.0,,0.0097556067852118,,0.0003267485353274,,-0.5464655007954332,-0.4445218419191759,-0.1160807057978954,,,,-0.0622186920836642,-0.0094733935152538,-0.2490796721751981,,,,,,0.012324449890169,-9.388070977133276,-1.2423287095418245,0.2665740852554039,-0.1605807303123625,-0.2950901470294724,0.7325548276844204,-0.8519581193999799,-0.026953783051344,-0.3548708215877268,-0.5328199391211593,,0.0,-0.817910447761194,-0.0216396171452351,0.9225280326197758,-0.4083781886262579,0.6262425447316103,-0.0194827685735727,-0.597458038226448,-0.3589675003343587,-0.4368342686977436,-0.0315742793791574,,-0.6276333209765398,-1.227156385973893,-0.4135338345864661,-0.2537366548042705,-0.1237299128053613,0.0,0.0,0.2731056432855919,0.5321538614451844,-0.1660899653979238,,0.1115063596453174,0.0,0.3074188739823414,0.1321374045801526,0.0144057623049219,0.3880597014925373,0.2318014553302161,0.0963002537732068,-0.4378223495702005,,,,0.0,0.0,0.0,-0.0575366440603806,0.0749458451506286,-0.1497096399535424,0.193336200571761,0.317262830482115,0.0,-0.5902724726254138,0.2720756443495501,,32.9468,-0.0535747597470196
2016-09-30,-0.0035609638890073,-0.4864013373625667,,0.0470286447199658,-0.0745123819067191,-0.0174758840699226,0.0,0.0643368221867423,-0.0835654596100278,,0.1319961327270288,0.8040232012834753,0.0,0.0953714214264524,-0.0127449080354753,,-0.4934783421160817,-0.1819186773046236,-0.0896982827511498,-0.3717860737487419,-0.4756688491722435,-0.1222430111770719,-0.057094211123723,-0.2526139472651181,-0.2541470144704335,,-0.0326050797163023,0.0817524841915085,0.1898368298368298,-0.0607318638265307,0.0,-0.0297402683233097,1.0,0.1642645386236086,0.0,-0.7669059011164274,1.0002995665432193,-0.0638002773925104,0.0,0.1422007375660321,0.0,,-0.0083875552410077,,-0.0157139372142686,,-0.4732872803552144,0.1380700587869001,-0.0022764626981278,,,,-0.0618343861409302,-0.0070952007655811,-0.0185543463657127,,,,,,0.007235348909057,0.8571797092369774,0.6203236654056327,0.3281306605482429,-0.0233660849586938,0.1689508349411216,-0.4933067502136143,0.9214738749622472,-0.3578883761810591,-0.0356136090876106,0.468402841012566,,-0.0142893595304924,0.4656716417910447,-0.0998751560549313,-0.563710499490316,-0.8806459162181137,0.1944394240616904,-0.0027708826415747,0.8788202192684583,-0.3802995853952119,-0.8990951781010194,-0.2291796008869179,,0.8649684901763491,0.8407985666751984,-0.3518796992481203,1.0843416370106762,0.5810693954024645,0.0,0.0,0.20577794099645,0.4749030911440214,-0.1384083044982699,,0.1308022002811084,-0.0142893595304924,0.2742804724228873,0.0972519083969465,0.0,-1.6952081696779262,0.2731925960766953,0.0535595031387738,-0.2882521489971347,,,,0.0,0.0,0.0,0.0907897615401443,0.0487728622791933,-0.1571428571428571,0.1059022946340476,-1.0575427682737168,0.0,0.0013581190051778,0.2130547506481622,,33.6642,-0.1134172206676529
2016-06-30,-0.0215712135569384,-0.4289847617822928,,-0.2932877297990594,-0.0981728470261601,-0.0330819561844204,0.0,0.0627993613624268,-0.0947075208913649,,0.1587802361997104,0.960138220412193,0.0,0.097346096689039,-0.3463274177025942,,-0.7282829415355483,-0.2094588099586657,-0.027525705457193,-0.3586787446243938,-0.4756904656840992,-0.1239285486424449,-0.0733753257342008,-0.2513587881689959,-0.4758130929080972,,-0.0496927115708873,-0.2777777777777778,-0.1564568764568764,-0.0626552370438972,0.0,-0.3402947591038265,0.9894243424283498,0.1712565025264296,0.0,-0.9023125996810208,0.9886553464052588,-0.0748959778085991,0.0,0.1710555167945779,0.0,,-0.0065083635594087,,-0.0119229873707245,,-0.4751475215479303,0.1925719532659975,0.0,,,,-0.0767724461439959,-0.0250378619684493,-0.2613731022437189,,,,,,0.0,0.8794752261797276,-0.4262295081967213,0.306152638570221,0.0759153346042919,-0.0830949371299314,-0.0279122757049273,0.0056377730796335,-0.3556727459166484,-0.3718961362769451,-0.0461534458984832,,-0.0379348473249978,0.6582089552238806,-0.1066523987872302,-0.5494393476044852,0.0592089866604259,-0.0966925718416772,1.4324308722507648,0.220238672746677,-0.3143640497525745,0.0208452640018325,0.2135698447893569,,0.0941587671450511,-0.0170207320194522,-0.2962406015037594,0.4661921708185053,0.1892339842905527,0.0,0.0,0.057901823968662,0.3421131100288241,-0.184159938485198,,-0.0203022783667944,-0.0379348473249978,0.1476894851507854,-0.0082442748091603,-0.0238381066712399,0.4289080911233307,0.0761973272832913,-0.052268376296692,-0.2286532951289398,,,,0.0,0.0,0.0,-0.0505359877488514,-0.1368945264521315,-0.1878823073945025,-0.094467073139879,0.3442198030067392,0.0,0.2244291656056362,0.0796095775507091,,32.744,-0.0313859027608111
2016-03-31,-0.0154207887064344,-0.363595447823571,,-0.3595553655408294,-0.1215314719400779,-0.0153560694017947,0.0,-0.4858967535923363,-0.0947075208913649,,0.1930953449320682,-0.2558311736393928,0.0,0.1010937067120396,-0.3440940594516274,,-0.1353415305652103,-0.2344035374411227,-0.0369767896148177,0.3227879952420167,,-0.1314659873080216,-0.074393694745088,-0.2482459936106126,-0.4672035593202212,,-0.0302840208115912,-0.3477868112014453,0.0,-0.1389806460570002,0.0,-0.2145595135813892,0.0,0.2513005052859247,0.0,-0.3330940988835725,0.0,-0.0748959778085991,0.0,0.2080235223761586,0.0,,-0.0029535111106485,,-0.0062460094168038,,-0.5489676562025371,-0.223179136455266,-0.101977972153477,,,,-0.0777068083024751,-0.0189105182957632,-0.2597474136772806,,,,,,-7.44554520280217e-05,,0.273224043715847,0.2191160487863784,0.179938407391113,-0.0127403366376155,,0.2172052753448102,-0.4304182231011499,-0.3696447012196824,0.2125035772823061,,-0.0601343880241558,0.3111940298507463,-0.1065334997919267,2.714576962283384,-0.036274280365083,-0.0966925718416772,3.1332044103215377,-0.6094886970020374,-0.1526681824261067,-0.0726148207536364,0.5094456762749445,,0.272223693269078,0.9154082416176094,-0.324812030075188,-0.2832740213523131,0.2812207249405491,0.0,0.0,0.0665932182641694,0.3496670311102276,-0.1245674740484429,,-0.031893664648007,-0.0601343880241558,0.132094943240454,-0.0385496183206106,-0.0462184873949579,0.1932443047918303,0.069446365824641,-0.0979920751524865,-0.3472779369627507,,,,0.0,0.0,0.0,-0.0216582804637934,-0.1854887335581411,-0.1960898180410375,-0.1876691881498722,0.1886988076723691,0.0,0.085816144639674,0.0875400335519292,,30.6138,0.036013170530937
2015-12-31,-0.0148039779612376,-0.3070790201247347,,0.635741769987174,-0.1431035291510336,-0.005048665892642,0.5007590767568124,-0.5662586482171368,-0.0947075208913649,,0.2269386093545447,-0.4677280019745773,0.0,0.1029331878186563,-0.4194375997858929,,-0.0182880492332224,-0.1743247140248005,-0.0261121272930688,0.5515371946198189,0.3983041846449187,-0.1345017352430156,-0.0753625041965756,-0.250929523758122,-0.486689981925327,,-0.018998085744212,0.7037037037037037,-0.0126806526806526,-0.1763069541116335,0.0,-0.3861608618068865,0.0,0.299573024071001,0.0,-0.103030303030303,0.0,-0.0748959778085991,0.0,0.244483205422107,0.0,,-0.0021937394584574,,-0.0035620035908997,,-0.5850687806168108,-0.2910637579288436,-0.1417483737303131,,,,-0.0785956991471195,-0.0182960223042356,-0.3145908907698508,,,,,,-0.0008102998912394,-9.388070977133276,-1.505149222362337,0.5127400072455017,0.1996382656303466,-0.0281085756104051,0.0279122757049273,0.0,-0.4261517615176152,-0.4455980723250253,-0.4940552072222077,,-0.0784213659947265,8.974626865671642,-0.1065334997919267,1.8114169215086648,0.2323894219517903,0.0539189107777577,-0.0393118974773422,0.5780537498787232,-0.0267486960010699,0.1903562020387126,0.3292239467849224,,0.0894137584070327,-1.241873560276427,-0.1413533834586466,0.7366548042704626,-0.275888160265187,0.0,0.0,0.1284122903660178,0.3234270947221946,-0.3690888119953864,,-0.0736087733606344,-0.0784213659947265,0.1973397546152964,-0.0115267175572519,-0.0646544332018521,1.1956009426551453,0.0971142406551752,-0.0735497083834201,-0.3106017191977077,,,,0.0,0.0,0.0,-0.0800700065631152,-0.1498023627146653,-0.2619821912504839,-0.0459938776026513,0.8501814411612234,0.0,-1.942110177404295,0.1730974531035534,,29.2156,-0.0975232410082284
2015-09-30,0.0035609638890073,-0.2650292548061467,,6.44377939290295,-0.1048432436401113,-0.0008802178843086,0.0,-0.4717048075217314,-0.0947075208913649,,0.2555268234238318,-0.4246575342465753,0.0,0.1056741967943574,-0.4151370008398165,,0.3257963648141919,-0.259588580217245,-0.0457423949139599,0.4371625949309177,,-0.1502116566192213,-0.075229812473022,-0.2481254983373848,-0.3321354851819766,,-0.01443390684969,6.839656729900632,0.1053613053613053,-0.1773025029248479,0.0,0.2411935761020421,0.0,0.3216676300039155,0.0,-0.1645933014354067,0.0,-0.0748959778085991,0.0,0.2752815708163061,0.0,,0.0,,0.0,,-0.5860316519383926,-0.2676756482918025,-0.1409297287766295,,,,-0.0784739533713679,0.0,-0.3114604326212549,,,,,,-0.0124360543626592,,0.8129466162253047,-0.0009660669001328,-0.2741359925697805,0.330117756636285,,0.2739353669586227,-0.5215337288508021,-0.4412626643221971,0.1141608346124827,,-0.2040486518669728,-0.0611940298507462,-0.2392247785506212,-1.3435270132517838,-1.2195179031125674,0.0539189107777577,-0.0177221035617387,-3.466188027554089,0.3014578039320583,-1.2307868514488605,-0.7957427937915743,,0.3199703436953874,0.7783465574609675,-0.6330827067669172,-0.3209964412811388,-0.0315630179433595,0.0,0.0,1.0832415228302117,1.3058344100983998,0.5705497885428681,,-0.0330736261257353,-0.2040486518669728,0.0743034055727554,-0.2061832061068702,-0.1913050934659578,21.402985074626866,0.0547270564147967,-0.0672276390187436,-1.3146131805157593,,,,0.0,0.0,0.0,0.0371909866549989,-0.1605663368989928,-0.1871080139372822,-0.1294811141751208,14.185588387765682,0.0,0.5132841015193956,0.9890193686136952,,30.9288,-0.0413595095833009
2015-06-30,-0.0190748462913863,-0.2113097151674918,,0.5023514322359983,-0.1035679007897472,-0.0377521457481092,0.0,-0.5110874578676601,-0.1225626740947075,,0.2273271870215059,-0.2444773540663951,0.0,0.1060104309646453,-0.5112821506686231,,0.3115695581218622,-0.2218590791117946,-0.0106053879348617,0.5515371946198189,,-0.136311907520969,-0.1054067880609422,-0.2523704464004704,-0.5624645725714164,,-0.0548062647679986,0.5627822944896116,-0.3477855477855477,-0.1783725485880307,0.0,0.0531689908135615,0.0,0.3031529095892454,0.0,-0.1094896331738437,0.0,-0.102635228848821,0.0,0.2449018239808631,0.0,,-0.0021937394584574,,-0.0002511740441632,,-0.587066574855467,-0.2104296615267707,-0.1376551489618952,,,,-0.1061615830471207,-0.0225508630145432,-0.3814456536342872,,,,,,-0.0599558430372031,,-0.5440311055065153,-0.7122630117135612,-1.2315099965781884,0.5253476149291464,,-0.9794120608074096,-0.1609902585512341,-0.538186013192293,-0.260842417462341,,-0.2444501148252105,-0.3462686567164179,-0.2614588906723738,-0.7594291539245668,-0.0208284577580154,3.969817458883065,-0.0532529007677654,-0.2687493936159891,1.8514778654540591,-0.0574962776314282,-0.04470066518847,,-0.7349044113753112,-0.2755310980291784,0.0,-0.0708185053380782,-1.1263961951430423,0.0,0.0,0.2579263067694944,0.5520326011330882,-0.0326797385620915,,-0.1753630984400215,-0.2444501148252105,0.1107671138630891,-0.2181679389312977,-0.2320356714114217,0.0455616653574234,0.0540630274188639,-0.2681982102310671,-1.349570200573066,,,,0.0,0.0,0.0,-0.0330343469700284,-0.3624466825967529,-0.3453735965931088,-0.3794368406405748,0.0912389839294971,0.0,1.018674136321195,0.2487418026536526,,29.5001,-0.0339219189087494
2015-03-31,-0.0275666556063728,-0.1610300263614736,,0.049593843522873,-0.0095786677833847,-0.1128102518473507,0.0,-0.5371651587723967,-0.1838440111420612,,0.2422689235010847,-0.0027150438109342,0.0,0.0875840979450138,-0.1478538534658582,,0.3091527450760549,-0.2019129097375757,0.0,0.3227879952420167,,-0.0690209787097032,-0.1766414605681763,-0.2860526407449118,-0.3626592228960118,,-0.1369899991065539,0.0844625112917795,-0.3382750582750582,0.0,0.0,0.3812702399048311,0.0,0.312568754311711,0.0,-0.1317384370015949,0.0,-0.1636615811373093,0.0,0.2609987042758895,0.0,,-0.0350477921810592,,-0.0300875385999492,,-0.4800503051139438,-0.1266293047947735,-0.0285203307325612,,,,-0.1715199960102589,-0.0310108044560803,-0.1169017869138788,,,,,,-0.0951477187772977,,0.201660361496427,-0.6042748460330878,0.8972967688321846,0.6600026611669217,,-0.2257626094835397,-0.0745989892331355,-0.1718161266013564,0.1214454822176548,,-0.2596750871821043,0.0992537313432835,-0.282147315855181,1.4067278287461773,0.3671893283407442,3.5179830110247607,-0.1784910234947757,-0.0405549626467449,1.652200080246088,0.3222998511052571,-0.1933481152993348,,-0.1005984218609331,0.7302277962631175,0.0842105263157894,0.1128113879003558,-0.7543056856669309,0.0,0.0,0.1471416330028155,0.4617831229500049,0.0549788542868127,,-0.1900085026635895,-0.2596750871821043,0.0755647288155028,-0.2552671755725191,-0.2473846681529754,-0.1021209740769835,0.0252884375951083,-0.2893014558568185,-1.0068767908309455,,,,0.0,0.0,0.0,-0.0223145919929993,-0.3952299068759909,-0.3415795586527294,-0.4323626887950009,-0.0062208398133748,0.0,1.0467702232408114,0.1514412078694525,,32.3691,-0.0942720063270218
2014-12-31,-0.0529328674834641,-0.0956407124027518,,0.3668234288157332,-0.0732343197752242,-0.1166106403064269,0.658338265187968,0.030217018508663,-0.1894150417827298,,0.2618643401349845,-0.0307293594964827,0.0,0.0664167559496811,-0.0607713391843628,,-0.3022012931195575,-0.208016918196674,-0.0842322104029408,-0.3593649922225272,0.4040907585878348,-0.1253974589335711,-0.1846605170181132,-0.325563793931745,-0.2940503310125025,,-0.1411511767825675,0.4196025293586269,-0.1601864801864801,-0.0643314161681868,0.0,0.2430110369440222,0.0,0.3351481364085544,0.0,-0.0751196172248803,0.0,-0.1692094313453536,0.0,0.2821090401674474,0.0,,-0.0730201848315116,,-0.0643205603181686,,-0.4767686824465119,-0.1213099874405006,-0.0249686710873494,,,,-0.1788775479520673,-0.0562818225764583,-0.0535133682654843,,,,,,-0.1069022355315059,0.7489451088058079,-0.8180958385876419,-0.8674375075473977,0.4318326245295009,0.1924023684385603,0.8385075477072059,-1.7897412664854526,0.5807148612026661,-0.0840287662694093,-0.3102219215859718,,-0.2121289444586204,-2.1731343283582087,-0.2853575887283752,3.022426095820592,0.1799672361338637,4.42165190674137,-0.0166541592102984,0.6808964781216649,2.03149658954126,0.1390447829572786,11.236541019955654,,-1.416914685166552,-0.4706936268236498,0.3924812030075188,0.702491103202847,-1.2575844923254305,0.0,0.0,-0.0160362345452319,0.3019580558592585,-0.1038062283737024,,-0.2297107359142098,-0.2121289444586204,0.0114665749340671,-0.2552671755725191,-0.1994512090550506,0.2686567164179104,-0.054173698918186,-0.237611860558301,-0.563323782234957,,,,0.0,0.0,0.0,-0.0481295121417632,-0.3754438464458786,-0.3302748741773132,-0.3296480886482657,0.3234836702954899,0.0,-2.6999405822935234,-0.0080829647704743,,29.6045,0.0075360164839804
2014-09-30,-0.0561594221741902,-0.1082427827428791,,0.7263787943565626,-0.0936207704131335,-0.1115411408543929,0.0,0.0157294068949204,-0.1949860724233983,,0.289823428457763,-0.0628162408984326,0.0,0.0387565920285182,0.5997858929280065,,-0.2492556464974897,-0.2351244833221186,-0.2455115341585125,-0.3464635373776192,,-0.1539477335010957,-0.1856724912471423,-0.3724577929219695,0.1065229248885038,,-0.1356004052823574,0.7994579945799458,-0.0063403263403263,-0.0969102431475596,0.0,0.3213270768620712,0.0,0.3626498610929838,0.0,-0.0326953748006379,0.0,-0.174757281553398,0.0,0.3122296421808033,0.0,,-0.1194668646467379,,-0.1093940759601433,,-0.5082781551843989,-0.1213522042448996,-0.0552648316425166,,,,-0.1798060428442453,-0.0594962687243819,0.4273142550047024,,,,,,-0.1411732038448606,,0.4265447667087011,-0.3001750996256491,-0.0127095859607958,1.0717517131262058,,0.8315211919863083,0.2825020142093313,0.58187501744397,0.0461534458984832,,-0.1537807263757761,-0.2261194029850746,-0.3790499970275251,-0.7420998980632009,-1.246665106482565,0.9346647388396891,-1.0110258038445996,-0.3110507422140293,0.9494449645579778,-1.2573588363303172,0.4902882483370288,,0.7892601811152888,0.5573329920655234,0.3172932330827068,-0.1804270462633452,-0.4277941918282049,0.0,0.0,-0.1330640225241767,0.1711559487128516,-0.073433294886582,,-0.1412136250845928,-0.1537807263757761,-0.0114665749340671,-0.2181679389312977,-0.1406276796432858,-1.833464257659073,0.0022687657361038,-0.2218066871466096,-0.1300859598853868,,,,0.0,0.0,0.0,0.1047910741632028,-0.3368096652448692,-0.2710414246999613,-0.3711387153085232,-1.148781752203214,0.0,0.958407605466429,-0.1006557877077932,,24.3759,0.2236512292879441
2014-06-30,-0.1042529776980789,-0.0435607278338584,,0.2693458743052586,-0.1288599345876924,-0.1704271964756562,0.0,0.0185086630004139,-0.2506963788300835,,0.3183468795825566,0.1506849315068493,0.0,0.0209557946631931,0.2991869468516109,,-0.6055237881675823,-0.2548784004614053,-0.1888867184031539,-0.3370619452831915,,-0.1549655844705023,-0.2420648750619494,-0.407618564681643,-0.1070255933091624,,-0.2000767983454138,0.3166214995483288,-0.4934265734265734,-0.0980717167629764,0.0,-0.1527328002114863,0.0,0.374582812820465,0.0,-0.1696172248803827,0.0,-0.2302357836338419,0.0,0.3429582378152098,0.0,,-0.1521728948861123,,-0.1385902801201856,,-0.5094015050595777,-0.0503013224413977,-0.0510456614966089,,,,-0.2315465307221064,-0.1074093398209464,0.2085046352277307,,,,,,-0.179090390492873,,-0.6218999579655318,-0.2145272310107475,-0.0124162878232389,0.7049098529705276,,-0.0198328802979965,0.2939830073976415,0.2788430228771851,-0.4076800999037386,,0.0041677298630603,-0.0902985074626865,-0.4054455739848998,0.6666666666666666,0.5932600046805523,0.5956081691668172,-0.9291404491138948,-0.0316289900067915,0.771900494850876,0.5435803458939411,-0.0471840354767184,,0.0727214955250754,-0.2033529562324033,0.2601503759398496,0.0896797153024911,-0.6463933126756504,0.0,0.0,-0.5907699840861794,-0.2399363880329987,-0.0915032679738562,,-0.3851186034808863,0.0041677298630603,-0.427129916294003,-0.3531297709923664,0.0186074429771908,3.505106048703849,-0.5869462966549539,-0.2144160990160723,-0.064756446991404,,,,0.0,0.0,0.0,-0.1026033690658499,-0.5671855110654548,-0.1308943089430894,-0.537506008551117,2.374287195438051,0.0,0.8200492318139377,-0.5130394997712369,,25.3847,0.175022749924167
2014-03-31,-0.1182586382108535,0.0208319938275573,,0.1846943138093202,-0.1240957540464602,-0.2014188522010872,0.0,0.0125362190290343,-0.2896935933147632,,0.3698519241533402,0.2417623102554609,0.0,0.0106957490544289,0.3107598032429838,,-0.5740803029736766,-0.2364702489666442,-0.1923531814387952,-0.3458230396193613,,-0.1560012404131347,-0.2804063883870761,-0.4290780197480456,-0.0881380947797349,,-0.2340106415133075,0.2271906052393857,-0.2441025641025641,-0.0992535077011118,0.0,-0.1076928160729627,0.0,0.4236943672738799,0.0,-0.1240031897926634,0.0,-0.2690707350901525,0.0,0.3984451310674773,0.0,,-0.1721027345419137,,-0.1555178547513849,,-0.5105445053698908,-0.0148814235506443,-0.049502830622359,,,,-0.2667251926480219,-0.1213624402019235,0.2169286577992744,,,,,,-0.2435850252928161,,0.2605086170659941,-0.1946021011955077,0.2328298381971941,1.5303373029073248,,1.546964663243733,-0.2644839961913132,0.290509549992092,-0.1135884694435049,,-0.1547163392021774,-0.0910447761194029,-0.4260151001724035,-1.018348623853211,0.43646150245729,2.915537080547021,-0.1791837441551694,-0.469389735131464,0.727698274709108,0.3901042263200092,-0.3026164079822616,,1.3914102631997034,0.7362426414128488,-0.4736842105263157,-0.1384341637010676,-0.4189306045975355,0.0,0.0,-0.4307748806463459,-0.0642083291919292,-0.1003460207612456,,-0.3329920699647747,-0.1547163392021774,-0.2551312922829951,-0.3812213740458015,-0.1415709140799176,-0.0832678711704634,-0.2945521954458678,-0.253327990739504,0.0458452722063037,,,,0.0,0.0,0.0,-0.0161890177204112,-0.4882199245181893,-0.2773132017034456,-0.4345890151036001,0.0062208398133748,0.0,0.908666496901791,-0.3774592039042245,,24.6306,0.2109977020454231
2013-12-31,-0.1666413562763353,0.129010480293191,,-0.4326635314236853,-0.1529663618125912,-0.2672928308683905,0.0,-0.5025131571166697,-0.3676880222841225,,0.4117535492406545,0.2284339133654202,0.0,-0.0019256411127529,-0.2521756785440719,,1.6622441479488237,-0.2642506969143516,-0.110042442861963,1.9926571506999728,,-0.1777351777307265,-0.3491167207558632,-0.4492772950819415,-0.4188832205003155,,-0.3061383548805919,-0.4250225835591689,-0.0542657342657342,-0.4389726884389354,0.0,-0.2129403211948979,0.0,0.4618238770905972,0.0,-0.0824561403508772,0.0,-0.3467406380027739,0.0,0.4435861656533439,0.0,,-0.1940227827417348,,-0.172844418240348,,-0.839112881105861,-0.0169500469661948,-0.365540714991908,,,,-0.3297675022387288,-0.1695635886773155,-0.1928389090420529,,,,,,-0.280529831083194,,-0.9594367381252628,0.0626132109648593,-0.0429192941291489,0.0,,-0.8306654585724353,0.0419504870724382,-0.2769823327472159,-0.6208601087493821,,-0.1700263672705622,0.2014925373134328,-0.4599013138338981,1.0509683995922527,0.4139948513924643,2.704681004879812,0.0039254170755642,-0.1767730668477733,0.1841647719673665,0.3681136181422517,2.5440354767184035,,-0.6097124397606313,-0.6126183772715639,-0.162406015037594,0.1209964412811387,-0.477336600129711,0.0,0.0,-0.4002937936099889,1.108239737600636,-0.1291810841983852,,-0.3470127887001336,-0.1700263672705622,-0.210067652792111,-0.3649618320610687,-0.1570056594066197,0.9850746268656716,-0.2886866059817945,-0.2248786785984595,0.1283667621776504,,,,0.0,0.0,0.0,-0.0879457449135856,-0.4573125795573818,-0.2970576848625629,-0.3441192096541604,0.7112493519958528,0.0,-0.0778371954842543,-0.3652585023638859,,22.7903,0.3087848777769491
2013-09-30,-0.157900950387821,0.1989326817977239,,-0.0303548525010688,-0.1428044082266412,-0.2616052691543962,0.0,0.0,-0.3676880222841225,,0.4495288495788095,0.2968036529680365,0.0,-0.0057236862612966,0.0567106878189687,,-0.5542474866390104,-0.3051523598961838,-0.1732343591838184,-0.3131347790282734,,-0.1808718205139999,-0.3504068679957155,-0.4631430376168043,-0.2267997133720495,,-0.2999108454851507,0.0,-0.0013053613053613,-0.1276334213186281,0.0,-0.0743837155508558,0.0,0.4877407566237204,0.0,-0.0824561403508772,0.0,-0.3467406380027739,0.0,0.4842818698295624,0.0,,-0.2075899684700546,,-0.1834659684176424,,-0.5379928881800177,0.0148814235506443,-0.0736717485626483,,,,-0.3309512232150126,-0.1608559835899519,0.0320032245062474,,,,,,-0.2810911590788218,,0.3344892812105927,0.3650827194783239,-0.0416972185559955,-0.0490652651187545,,0.1316319339575153,-0.0016663004467882,0.0344041605031306,-0.0707131149673491,,-0.1286042357744322,0.3104477611940298,-0.5300517210629571,-0.745158002038736,-0.0166159606833606,-0.1006687149828303,0.0,0.1825943533520908,-0.4760599170790424,-0.0533730385980987,1.751840354767184,,0.2002012392098713,0.6426926030202201,-0.162406015037594,0.3743772241992882,0.2593500036030842,0.0,0.0,-0.4797404823111764,-0.0972070370738495,-0.3237216455209535,,-0.2765621475298894,-0.1286042357744322,-0.1711959637656232,-0.3019083969465649,-0.1152460984393757,-1.1987431264728987,-0.1742522756827048,-0.2409509817016161,0.6945558739255014,,,,0.0,0.0,0.0,0.0627871362940275,-0.4272538466691976,-0.2985288424312814,-0.3787284640878386,-0.7299118714359772,0.0,-0.1329258976317799,-0.4352600274515785,,21.9692,0.3577007810935309
2013-06-30,-0.1621520558104508,0.3187487944448016,,-0.3976058144506199,-0.1682759145792218,-0.2559506939094391,0.0,0.0049080480160842,-0.3676880222841225,,0.4878222534729129,0.3439466864124398,0.0,-0.0056242169859198,0.0127449080354753,,-0.8006129237208954,-0.381043929635682,-0.1641277903073999,-0.2770152804465184,,-0.1803317363261515,-0.3518169173954053,-0.4679553175913371,-0.2640399567919059,,-0.2937194541234438,-0.3879855465221319,-0.0462470862470862,-0.127017129196162,0.0,-0.4038728438305465,0.0,0.5254600712248056,0.0,-0.0824561403508772,0.0,-0.3467406380027739,0.0,0.5255357320841224,0.0,,-0.212599604386785,,-0.1841383591110884,,-0.5373968249809432,0.0291929202419022,-0.0720313100208439,,,,-0.3322449554344454,-0.1650911355585411,0.0,,,,,,-0.2993419271400669,,-0.5800756620428752,0.3852191764279676,-0.0376888106760522,0.7870401170913446,,0.98666062619551,-0.3563136307038746,-0.0099174783927358,-0.5294377813044723,,-0.1026622437696691,0.0641791044776119,-0.5299328220676536,-0.2110091743119266,0.0166159606833606,0.6540153021266342,0.7212953876349362,0.351411661977297,-0.5427310418617093,-0.0208452640018325,1.4240354767184036,,0.919832653709686,-0.3634502175582288,-0.1759398496240601,0.5323843416370106,-0.0223751531310802,0.0,0.0,-0.6871098053617334,-0.3154755988470331,-0.1718569780853517,,-0.3715143417376668,-0.1026622437696691,-0.3677330581355349,-0.4094656488549618,-0.0890927799691305,-0.0864100549882168,-0.4031209362808842,-0.2559102444236676,0.6830945558739255,,,,0.0,0.0,0.0,-0.0207831984248523,-0.5346256057526966,-0.2443283004258614,-0.4835681938927821,0.0041472265422498,0.0,-0.2767167473049826,-0.5897514107061156,,22.2428,0.0066511519664882
2013-03-31,-0.1749344963631049,0.4622580852568636,,-0.5699016673792219,-0.1544646857156842,-0.2923503944270229,0.0,0.0033705871917686,-0.4122562674094707,,0.5367090247163152,0.4176231025546094,0.0,0.0,-0.3447400721688493,,-0.6937748377371653,-0.4210323945015861,-0.0947417023316936,-0.2579833470582853,,-0.1798331970758299,-0.3937698837748397,-0.4646919039414192,-0.4739842354627223,,-0.3335747538746096,-0.5700090334236676,-0.0199533799533799,-0.1264482441600395,0.0,-0.2613178243341484,0.8338195140157543,0.5925456342177391,679156000.0,54.07671451355662,0.7765359359796569,-0.391123439667129,679156000.0,0.5782019336190571,-679156000.0,,-0.2092725677911171,,-0.1759796482340853,,-0.5368466127971822,0.0554939893824736,-0.0695407401809835,,,,-0.3707371560040103,-0.1778256064521043,-0.2602176541717049,,,,,,-0.3189337853340704,,0.3919714165615805,0.4658555729984301,-0.0399863127535806,-0.0850575477346816,,0.086882110137924,-0.3836519446275543,-0.3702959427651716,-0.2343575200978224,,-0.0975589010802075,1.0126865671641792,-0.5480054693537839,-0.2089704383282365,-0.6026211092908963,-0.0966925718416772,-0.0384459966518501,-0.5862035509847676,-0.6363514778654541,-0.6269614019012714,1.4595121951219512,,0.1625377323518508,0.6252879447146148,-0.237593984962406,-0.3320284697508897,0.2323989334870649,0.0,0.0,-0.6502631901089485,-0.2594175529271444,-0.2583621683967704,,-0.3477762931857224,-0.0975589010802075,-0.334135993578718,-0.3825190839694656,-0.0839478648602298,-0.7588373919874313,-0.3470104861245607,-0.3111615689417212,0.6785100286532951,,,,0.0,0.0,0.0,3.1220739444322905,-0.5674088300319347,-0.2571041424699961,-0.5924557897133604,-0.4396060134784862,0.0,-0.2511671335200747,-0.5854811651669971,,22.7366,-0.015477326501
2012-12-31,-0.1716923393769691,0.0033755545553912,,-1.1607524583155195,-0.1638625213038681,-0.2849145498540565,0.0,-0.0091064987286381,-0.4122562674094707,,0.5825889449653749,0.75564605701592,0.0,0.0030870499759557,-0.3722971289349096,,-0.8507680233210001,-0.370229741420744,-0.0886753920193212,-0.282162137432519,,-0.1791951855352397,-0.3948506019088423,-0.4601394418997837,-0.515844750323526,,-0.3254329886912535,-1.194218608852755,-0.2137062937062937,-0.1257202067626208,0.0,-0.4625603066552111,0.8418893767065433,0.6352432271176328,685729000.0,54.60087719298246,0.7840513973864535,-0.391123439667129,685729000.0,0.627628824877903,-685729000.0,,-0.1305708637401002,,-0.1681654681256248,,-0.5361424722048689,0.16652418495182,-0.0605828752070227,,,,-0.371728724008927,-0.1745956165607187,-0.2802767701195754,,,,,,-0.3190399328883007,,-0.7222572509457755,2.590659340659341,-4.12631373124114,-2.054054953096933,,0.3923789388905668,-0.522119680656266,-0.3980760464056118,-0.5008195228555818,,0.243089223441354,66.82089552238806,-0.548243267344391,-21.25993883792049,-0.2206880411888603,-0.0966925718416772,3.1935865612191883,0.5726205491413603,17.349939815434,-0.2531210628793952,2.606119733924612,,0.4196578933432188,-0.0972613258254415,-0.1654135338345864,-0.401779359430605,10.452547380557755,0.0,0.0,-0.6555269922879178,-0.2868502136964516,-0.3114186851211072,,-0.3622134689132207,0.243089223441354,-0.2913656690746474,-0.3874045801526717,-0.1214199965700565,-1.2678711704634722,-0.3063940458733364,-0.285650683406794,0.9169054441260746,,,,25758000.0,0.0,0.0,-0.2918398599868738,-0.5254248643337278,-0.3016260162601626,-0.4762820350646393,-0.4271643338517366,37865000.0,-0.32832526950174,3.27893853896599,,19.7076,0.1464866345978201
2012-09-30,-0.1370032359160679,0.1019095994341927,,12.615220179563917,0.0095786677833847,-0.3327397215681594,0.0,,-0.4345403899721448,,0.3940455098462805,0.6266814759965444,0.0,0.0324430949935082,-0.5118727908672259,,2.78857868968868,,0.1526557866136279,3.090653307713423,,0.0,0.0218909369954117,-0.422091804219029,-0.2559972620613683,,-0.3777984347584749,0.084010840108401,-0.2815850815850816,-0.3986969823696432,0.0,-0.1346573260194303,0.0,0.5814517181585964,0.0,-21.441307814992022,0.0,-0.4133148404993065,0.0,0.4245091199043158,0.0,,-2.084283770664604,,-0.1581029469050301,,-0.800159168524588,0.095979904801106,-0.3196682598756919,,,,-0.3822369979545242,-0.1400366935970657,-0.381875587800618,0.6672887466808362,1.825524225191972,,,,-0.3190399328883007,1.7557074680768734,0.2186843211433375,-5.622720685907499,7.964022095126363,4.643104251214157,,-3.1930937279774487,0.6436863692961254,-0.5387814340338831,-0.5267840882483024,,-0.3374160074849026,1.026865671641791,-0.5480054693537839,0.0856269113149847,-0.6400655277322724,-0.0966925718416772,4.735322981007909,-0.5039293683904142,14.339440952253575,-0.663612415530867,0.2093126385809312,,-2.598040565588095,0.0,-0.1684210526315789,0.2690391459074733,-8.03912949484759,0.0,0.0,-0.6951891296364304,-0.3631845740980022,-0.3514033064206074,,-0.0203022783667944,-0.3374160074849026,-0.3970874899667469,-0.4687786259541984,-0.1337677928314183,0.3315003927729772,-0.4311208256093849,-0.2481189617559325,0.6521489971346704,,,,0.0,0.0,0.0,3.525924305403632,-0.5381093816297818,0.1670538133952768,-1.0035165836010829,0.2799377916018662,-213000.0,-0.2823189882013411,-0.6496873570230288,,18.8829,0.2077518053870291
2012-06-30,-0.2904143657614908,-0.1534752137851218,,11.99828986746473,-0.4108085986388638,-0.3258524940591803,0.0,,-0.4345403899721448,,0.4431265699231634,-0.2905096877699617,0.0,-0.1307152366265485,0.6632612567715976,,-0.9049345342651768,,-0.5725915007724957,-0.0232180437368469,,-0.4170221479029451,0.0,-0.6979305878192458,0.6577041956770516,,-0.3702573695045936,6.423667570009034,-0.4827972027972028,-0.3971054587566814,0.0,-0.373934307051748,0.0,0.6399791173344769,0.0,-20.456060606060607,0.0,-0.4133148404993065,0.0,0.4773846307186285,0.0,,-2.0994988629444795,,-0.4169689183234243,,-0.7986198844390661,-0.1921075684176086,-0.3396746830899439,,,,-0.3841995985323033,-0.2928721055606706,0.7998253392449282,0.5086301870282961,1.5854933371779518,,,,-0.3189969596570033,0.9250612666064748,-0.4486128625472887,0.5889989131747374,-0.0503006305909957,-0.0454726897744661,,-0.0923688714386388,0.6815535047242365,0.6458641510136109,-0.6938106511954627,,-0.4544526664965552,-0.0574626865671641,-0.5481243683490874,0.0856269113149847,0.0657617598876667,-0.0966925718416772,-0.1609132367372857,-0.2481808479674008,-0.8905978333556239,0.0272591913870117,1.172150776053215,,0.0116718741725361,-0.0325057588942922,-0.1909774436090225,0.296085409252669,0.0512358578943575,0.0,0.0,-0.9245929734361612,-0.5770798131398469,-0.338715878508266,,-0.294816845685332,-0.4544526664965552,-0.586515307877537,-0.7293129770992366,-0.2847710512776539,-0.3534956794972506,-0.6380765293417813,-0.3886737010818752,0.529512893982808,,,,0.0,0.0,0.0,3.363596587180048,-0.762634270528596,0.005613627564847,-1.1119993928200975,-0.1721099015033696,0.0,-0.4413886766827943,-0.8217172487418026,,16.3624,0.3915097244632761
2012-03-31,-0.2810290649960422,-1.4734777856362116,,10.737922188969645,-0.4101532518863313,-0.3159791230373593,0.0,,-0.4345403899721448,,0.5026159603650779,-0.1384672343576453,0.0,-0.1254279542987713,0.7014313796063014,,-0.9415106327316216,,-0.5785015361119497,-0.0248879128923048,,-0.4158232797057431,-0.0168038880273696,-0.6957516316283775,0.6734794280275077,,-0.3594466717231914,7.344625112917796,-0.4238694638694639,-0.3957374256936249,0.0,-0.4224439891613244,0.0,0.6976861260790931,0.0,-19.67711323763956,0.0,-0.4133148404993065,0.0,0.5414731386424798,0.0,,-2.0937167346934054,,-0.4085801498042009,,-0.7972967551400216,-0.1370146386769253,-0.3342936668366929,,,,-0.3852894432477666,-0.2835220257435479,0.8550047024049442,0.5098834917531683,1.5873894330880751,,,,-0.3191011133372539,0.9214497613826904,-0.1725514922236233,-0.3851889868373385,0.957080705870851,0.640043909254208,,-0.5958924796134099,0.90258551234161,0.6843432229013742,-0.6075396102713532,,-0.3687165093136004,0.4261194029850746,-0.5481243683490874,-0.1478083588175331,0.6569155160308916,-0.0966925718416772,0.5969808924551174,-0.0521975356553798,1.3040658017921627,0.6058870690642538,0.0056762749445676,,-0.4121167187417253,0.0129255183004863,-0.2030075187969924,0.3270462633451957,-1.0715212221661743,0.0,0.0,-0.8943567144081283,-0.5027333267070868,-0.4259900038446751,,-0.2991202346041056,-0.3687165093136004,-0.5820433436532507,-0.6819083969465649,-0.2348653747213171,-0.2152395915161037,-0.6288907948980439,-0.4266951605004229,0.4607449856733524,,,,0.0,0.0,0.0,3.345219864362284,-0.7970700551597847,-0.005613627564847,-1.183747817947226,-0.0808709175738724,0.0,-0.4204227145403616,-0.7962482842763459,,15.5524,0.4375286303252406
2011-12-31,-0.2947486834263056,0.0,,9.565626336041044,-0.4692513887028825,-0.3063210321292549,0.0,-1.230500857430075,-0.4345403899721448,,0.5605510401391478,-0.1167468838701715,0.0,-0.1458485762409229,0.9242319370229888,,-0.9528970612051676,-0.6564933192348361,-0.6976043756992417,0.2154817458138896,,-0.4795146364298654,-0.0357020671132356,-0.7306274822732312,0.8100768975732879,,-0.3488716916356337,8.206865401987352,-0.1378088578088578,-0.4684158752787282,0.0,-0.4375454365210495,0.0,0.7532489325601776,0.0,-18.79019138755981,0.0,-0.4133148404993065,0.0,0.6038871723313067,0.0,,-2.0906683966794395,,-0.4374340459748526,,-0.8675896366880174,-0.129120096254314,-0.4012840131235083,,,,-0.3863147480339157,-0.29719015749439,1.042832191320704,0.4898233966579503,1.5570409763146382,,,,-0.3191011133372539,,0.0315258511979823,-6.235237290182345,,-0.0451400439092542,,-0.5167623074599819,1.0948326375155644,0.908947128489957,-0.8655722350859849,,-0.0678744577698392,18.62686567164179,1.3226324237560192,-7.81651376146789,-0.1841797332085186,0.0662690523525513,0.4560988281475495,,-0.6743346261869734,,,,,-0.5514461223445098,-0.1819548872180451,-0.3665480427046263,-0.1842256971968004,0.0,0.0,-1.1631778675480475,-0.7329291322930126,-0.6701268742791234,,-0.5396241475645942,-0.0678744577698392,-0.8935901846118565,-0.7283206106870229,-0.0540216086434573,,-0.9178540796281438,-0.3768309514269177,0.6555873925501433,,,,3455000.0,0.0,0.0,-2.6727193174360098,-0.863663770964068,-0.0717382888114595,-0.9839856300756444,1.4847071021254536,0.0,-0.6641201935319583,-1.0227238066188806,,13.9905,0.6079320234274369
2011-09-30,-0.2786471145634945,0.170642319809683,,9.156049593843523,-0.4563755925483539,-0.294062218557059,0.0,,-0.4345403899721448,,0.6324749159238203,0.1326669134888313,0.0,-0.1401816294958623,1.1180172946833151,,-0.8989049594498636,,-0.7333984479053826,-0.0280217769237807,,-0.4782653208085238,-0.0543812249204649,-0.7255265157065902,0.9232307675853734,,-0.3354490897305024,8.821589882565492,-0.1978554778554778,-0.4669902764679688,0.0,-0.3659374793470359,0.0,0.8219379859414913,0.0,-17.915311004784687,0.0,-0.4133148404993065,0.0,0.6813714741353534,0.0,,-2.08970162483586,,-0.4319882370527282,,-0.8662108311560924,-0.0384806172096803,-0.3931983198886642,,,,-0.3873605882521194,-0.2811490142416958,1.2021765417170496,0.4927574003456695,1.5614797630535444,,,,-0.3192105665246608,,0.3639134089953762,-5.909702934428209,,-0.0437429312753642,,1.556428068055975,0.5329231670695085,1.1043009852354235,-0.367354372089393,,-0.3333333333333333,22.002238805970148,-0.548243267344391,0.0856269113149847,-0.8619237069974257,17.872492318814388,0.6019165271604225,,5.488230573759529,,,,,0.7170463271051958,-0.1834586466165413,0.4106761565836299,-3.1596526626792536,0.0,0.0,-1.2078589790672052,-0.9476195209223736,-0.4382929642445213,,-0.4163528778913394,-0.3333333333333333,-0.6619653709436991,-0.8123664122137405,-0.3216429428914423,-0.2215239591516103,-0.8698226489223363,-0.362940207470727,0.6796561604584527,,,,0.0,0.0,0.0,2.930649748413914,-0.8303445811652783,0.0321718931475029,-1.0882181799782429,-0.0850181441161223,4308000.0,-0.6378066378066378,-0.6138477962482842,,12.1116,0.8655256118101656
2011-06-30,-0.2807232600060121,-0.007811997685334,,8.382214621633176,-0.4802454423148696,-0.2865048448876398,0.0,,-0.4345403899721448,,0.6793355321894964,-0.0394915463408614,0.0,-0.1197694134079679,0.5516118017294683,,-1.10131928093583,,-0.6230612136172329,-0.0363024979412572,,-0.4771406399997626,-0.0283752457994276,-0.793507187511669,0.5785392669597117,,-0.3271742581070728,9.65672990063234,-0.4926806526806527,-0.4657068989162401,0.0,-0.6343929680787787,0.0,0.8672272667946973,0.0,-19.269298245614035,0.0,-0.4133148404993065,0.0,0.7318548788996312,0.0,,-1.992106238511634,,-0.3983875960032208,,-0.8649695786701077,-0.082090576153838,-0.3952575268106222,,,,-0.3884049616537476,-0.2832173683716944,0.8147252451968292,0.4536558812190554,1.502323973544219,,,,-0.3192105665246608,,,-6.537223765245743,,2.7524782116958284,,-0.383972616530756,0.6768658902805245,0.5333110050517738,-0.8709836875926842,,-0.4045249638513226,0.8783582089552239,4.203198382973664,0.0856269113149847,-0.0947811841797332,17.872492318814388,3.581192634070311,,-1.199478400427979,,,,,-0.2490401842846173,-0.2030075187969924,0.2434163701067615,0.0949773005692873,0.0,0.0,-1.1901089484637042,-0.7599642182685618,-0.4029219530949635,,-0.5828662652483992,-0.4045249638513226,-0.877651645453503,-1.0198473282442748,-0.3934145086606071,1.7831893165750197,-0.9990869601305924,-0.4896487244557232,0.292836676217765,,,,0.0,0.0,0.0,3.2784948588930214,-1.0096250474552804,-0.0631436314363143,-1.251650770359501,1.2379471228615864,0.0,-0.6254986843222138,-1.045905139545524,,14.9771,-0.0895300158241581
2011-03-31,-0.3538283352246782,0.1353758117405002,,7.168020521590424,-0.7011679992277241,-0.2740047092524875,,,-0.4345403899721448,,0.8140054493391866,0.2655806491422929,,-0.1744046641283321,0.6967062580174792,,-1.093296458247686,,-0.949864147324679,,,-0.7268613244822834,-0.0564835094562836,,0.6468059165142619,,,10.285907859078591,-0.4984615384615384,-0.7506641224863663,,-0.62375256096755,,,,-18.45382775119617,,-0.4133148404993065,,,,,-2.09104770429271,,-0.4835933892325244,,,,-0.6520758946844754,,,,,-0.3560480964872694,0.9390568319226118,0.4600754581853938,1.5120360039778695,,,,-1.6901094301004451,,,,,6.806666223138846,,2.9535890466123025,-0.3932835274298689,0.6795798561686529,-0.7756068371621094,,-0.4701879731223952,,-0.8250401284109149,-1.3955147808358817,-0.6957641001638193,,-2.3428101368123304,,7.408853818376354,,,,,-0.1772459687739954,-0.5157894736842106,3.6569395017793593,-4.477192476760107,0.0,0.0,0.4185334802301383,4.829142232382467,-0.4855824682814302,,-0.7055128494334449,-0.4701879731223952,-0.7710124985666781,-1.0077862595419846,-0.4596124163951294,,-0.7995462468527792,-0.770580116646632,-0.2710601719197708,,,,0.0,0.0,0.0,6.000875082038941,-1.210924763840193,-0.3395663956639566,-1.5289295924304906,22.708138932089167,0.0,-0.6641201935319583,-1.0793045600122009,,14.0515,-0.0295555634629754
