,totalAssets,intangibleAssets,earningAssets,otherCurrentAssets,totalLiab,totalStockholderEquity,deferredLongTermLiab,otherCurrentLiab,commonStock,capitalStock,retainedEarnings,otherLiab,goodWill,otherAssets,cash,cashAndEquivalents,totalCurrentLiabilities,currentDeferredRevenue,netDebt,shortTermDebt,shortLongTermDebt,shortLongTermDebtTotal,otherStockholderEquity,propertyPlantEquipment,totalCurrentAssets,longTermInvestments,netTangibleAssets,shortTermInvestments,netReceivables,longTermDebt,inventory,accountsPayable,totalPermanentEquity,noncontrollingInterestInConsolidatedEntity,temporaryEquityRedeemableNoncontrollingInterests,accumulatedOtherComprehensiveIncome,additionalPaidInCapital,commonStockTotalEquity,preferredStockTotalEquity,retainedEarningsTotalEquity,treasuryStock,accumulatedAmortization,nonCurrrentAssetsOther,deferredLongTermAssetCharges,nonCurrentAssetsTotal,capitalLeaseObligations,longTermDebtTotal,nonCurrentLiabilitiesOther,nonCurrentLiabilitiesTotal,negativeGoodwill,warrants,preferredStockRedeemable,capitalSurpluse,liabilitiesAndStockholdersEquity,cashAndShortTermInvestments,propertyPlantAndEquipmentGross,propertyPlantAndEquipmentNet,accumulatedDepreciation,netWorkingCapital,netInvestedCapital,commonStockSharesOutstanding,investments,changeToLiabilities,totalCashflowsFromInvestingActivities,netBorrowings,totalCashFromFinancingActivities,changeToOperatingActivities,changeInCash,beginPeriodCashFlow,endPeriodCashFlow,totalCashFromOperatingActivities,issuanceOfCapitalStock,depreciation,otherCashflowsFromInvestingActivities,dividendsPaid,changeToInventory,changeToAccountReceivables,salePurchaseOfStock,otherCashflowsFromFinancingActivities,changeToNetincome,capitalExpenditures,changeReceivables,cashFlowsOtherOperating,exchangeRateChanges,cashAndCashEquivalentsChanges,changeInWorkingCapital,stockBasedCompensation,otherNonCashItems,freeCashFlow,researchDevelopment,effectOfAccountingCharges,incomeBeforeTax,minorityInterest,sellingGeneralAdministrative,sellingAndMarketingExpenses,grossProfit,reconciledDepreciation,ebit,ebitda,depreciationAndAmortization,nonOperatingIncomeNetOther,operatingIncome,otherOperatingExpenses,interestExpense,taxProvision,interestIncome,netInterestIncome,extraordinaryItems,nonRecurring,otherItems,incomeTaxExpense,totalRevenue,totalOperatingExpenses,costOfRevenue,totalOtherIncomeExpenseNet,discontinuedOperations,netIncomeFromContinuingOps,netIncomeApplicableToCommonShares,preferredStockAndOtherAdjustments,adjusted_close,10%DDret
2023-10-31,1.2599089421920886,1.3550671499507636,,0.3444326366749321,2.916813102409295,0.6382579635222058,,1.917534259280729,0.0,,0.4686754699624827,,50.62012072434608,,0.0419244223114434,,1.2320481479513206,-1.0698472347030472,3.631403310645138,0.7917885394867937,,0.7222680603402134,-0.3148275088991505,,0.5495151688198647,,,,3.6340926458280265,,1.3928370476525027,0.7623633300786489,,,,-0.6280067918120932,,,,,,,0.6947078351812875,,2.129832876211373,,,,10.274762946754194,,,,,1.2599089421920886,-0.2047639388165504,,2.154290739806103,,,,0.0512534987747186,,,,,,,,-0.8267604017815234,-0.7783085803544326,,,,,,,,,,,-0.8092975603508996,,,,,,,,,,,1.073963323172207,,,,1.0117026001364882,,0.8029346614557614,0.8508626198083067,0.8317088238322408,,1.0259906936336294,0.8283195695305764,-2871000.0,,,,,,,0.7306220002720402,0.919302644634612,0.9015146899851378,0.8434543790051877,1.6814873627100702,,,,,17.47,-0.0480824270177447
2023-07-31,1.1973461182174745,1.4140389839859764,,0.5291848703113315,2.8630501026759565,0.5686357936223576,,1.4610336911911332,0.0,0.0,0.4161038850323575,,50.64808853118712,-0.0817888058592559,-0.184240001378526,,1.0493543072753362,-1.1467608855485665,4.0631640705809735,0.8502834918513599,,0.7608849705992642,-0.3311532363553079,2.9036164701770977,0.3584165913015915,,,-0.7126408414496203,4.215567119100469,-0.3059603336679242,0.9814289222619784,0.4331162351527376,,,,-0.1257192717668144,,,,,,,0.6984833033176384,,2.222058877308466,-1.175091387816662,-0.9198054681849708,-0.6309822974255878,10.82382689034768,,,,-7.602859980139026,1.1973461182174745,-0.3622460488488507,,2.266201384547009,,-0.4761912188792069,0.1864557521668945,-0.0173471049651353,-0.4634688350756347,,-0.9344656733442648,,-0.6727916365745948,,0.7283994815134868,-0.4211648048286101,-0.1958736766054873,0.9317134444906712,,0.8878994051223595,,-12.193016699197573,-0.0315773259396179,,0.0308922827252441,-7.765714285714286,,0.3715182173272716,,,,,0.7673715611534637,0.784557078005914,-0.0931116389548693,1.1009515570934256,,,0.2258866792471089,,1.0942311351725722,,0.6839106399419383,0.939288501560874,0.1042030559984198,0.3133722595571224,0.8632837972337578,,0.2352654683787572,0.855475708186606,951000.0,0.1514108390422573,-1.047814910025707,1.2147598050591784,,,,0.0467520354429395,0.7757680831324395,1.0473533657967105,0.8203803228280271,0.4362842397776895,,0.8249345130149658,0.0943188012710568,,13.9689,0.0604986792088138
2023-04-30,1.1565101827632132,1.4723403660946874,,0.6585980241665683,2.8538651059009617,0.5110708740680077,,1.2959630857699354,0.0,0.0,0.396725817462811,,50.63440643863179,-0.1540422166645258,-0.3823135112780659,,0.9270207790827444,,4.444939582930609,0.8979509361032975,,0.795377702266608,-0.3482273472870292,2.952773123927188,0.2678652963010947,,,-0.712687849808294,3.992522106182453,0.628586757121595,0.9437489702595412,0.2917949763409478,,,,-0.4844354306197528,,,,,,,0.737192700761603,,2.242504296946425,-1.0314322963265932,-0.8434519428790793,-0.6748012881368552,11.334512521274007,,,,-7.922256206554121,1.1565101827632132,-0.5001679809173678,,2.302227478512403,,-0.5571399829374691,0.0477385126312217,0.0146806504028088,-0.3718497452643463,,0.0,,0.5166049039224275,,-0.6275908894512684,-0.2390906024984441,-0.3881132184335759,-0.3829967676896982,,0.9081323691803512,,-12.15802790428685,-0.3324347915383036,,-0.5621468107920132,8.65360544217687,,0.3652430044182621,,,,,-1.6475174013921114,1.4850693432176918,1.110185832052536,-0.6732482698961938,,,-0.3036144578313253,,0.9603288755247968,,0.5400672330806977,0.91860691987513,-0.1217997375735429,0.1312944805552495,0.8414558808387961,,0.0,0.6913172738321544,690000.0,-0.218934409550295,-1.0925449871465296,1.2632165235553492,,,,-0.377630530672522,0.6038965644466255,0.941643844544155,0.623615971078224,-5.945877993912928,,0.2732501694418494,-0.4395782643957826,,13.3007,-0.1062177760677183
2023-01-31,1.1896375989345618,1.5320385230502769,,0.3283478306503457,3.0063747980098414,0.4899005732712289,,1.0429661233102232,0.0,0.0,0.4015507404104828,,50.64426559356137,0.0675335665550929,-0.201836885909741,,1.0665515225593878,-0.3661465566538681,4.364557580197173,0.961283455839692,,0.8133230124532915,-0.3821271832555649,3.0867577679333134,0.2310611444506357,,,0.2846532399042205,3.688894145045668,-0.1091516389186944,0.8201241594986368,0.409940020815674,,,,-0.6224648618054901,,,,,,,0.7056219758283246,,2.3541473761199487,-0.775904292032005,-0.9037259813372188,-0.6165000651514305,11.509615852176028,,,,-15.130009930486594,1.1896375989345618,-0.3744990569071353,,2.4004225956866616,,-0.812207663790159,-0.1638974285156129,0.0065903848557501,-0.590372207018271,,-3.838222713338561,,-7.668138711625208,,1.106178630948707,-0.5453151565091319,-0.2129522704144134,3.627100201619355,,1.054358280198055,0.6932849364791288,12.245066146172196,2.8711234339700145,,0.035181267568899,-93.45333333333332,,0.753460972017673,,,,,4.584050381173351,0.5261755028945067,2.7341064691910018,4.58255839100346,,,0.2903114465895711,,1.228195110410906,,0.8803958880218958,1.0325832466181062,0.4802347729164609,0.6322793874628181,0.9617496653739231,,0.7020975523071759,1.2954320795288106,7064000.0,0.1165468357864749,0.0,0.0798329078672545,,,,0.0068010026621067,1.1987505776071126,1.1828834789557126,1.411766295054428,-7.879978827577081,,0.9352274184389368,0.2010202137041912,,15.7972,-0.0563770794824399
2022-10-31,1.366685766093496,1.587741903943794,,0.9029794938402802,3.891033574240073,0.3442037330876457,,1.088819069260556,0.0,0.0,0.3628619809409356,,51.9046277665996,-0.1540422166645258,-0.5053745282856306,1.0349158975142323,0.8446298559812935,-0.3661465566538681,6.245025723461764,0.9408848466903276,,1.1053033380931243,-0.4978040428836635,2.952773123927188,0.4535262679256722,,,-0.712687849808294,3.843419089552782,0.628586757121595,1.4811724586005477,0.1637356623998111,,,,-0.8261484765588152,,,,,,,0.6756569097576323,,2.463354909489852,-1.0314322963265932,-0.8434519428790793,-0.6748012881368552,17.243508388037927,,,,-7.922256206554121,1.366685766093496,-0.5858574465940669,,2.532489397443334,,-0.5571399829374691,0.0477385126312217,-0.0272554077137803,-0.3718497452643463,,0.0,,1.369948971739105,,-0.179630886982285,-0.4894043856629778,-0.5075496515963518,-0.168488174864787,,0.7112528051864782,0.6932849364791288,-0.8083568278753704,-1.2066517765454918,,0.0244588054597617,10.365714285714288,,1.022193763206762,,,,,-1.533417301955585,0.1916621548456957,2.7341064691910018,-0.6606833910034602,,,0.8245737971968194,,0.9603288755247968,,0.780524793552557,-0.9259853017689906,0.669780041480311,0.6931100583893357,0.6222843806843532,,0.9231467891719704,0.8346104064736618,3878000.0,-0.218934409550295,-1.0925449871465296,1.2632165235553492,,,,0.5790567980879466,0.8326569210764806,0.9028351380874188,0.852178066875467,-1.3660182612147678,,0.2732501694418494,-0.4395782643957826,,11.1187,0.2834593972316907
2022-07-31,1.336234616045208,1.6469930929483825,,1.2305007806247623,3.996670153774624,0.248648931088021,,1.3931064066594012,0.0,0.0,0.3072901161955297,-0.6773696300197716,51.94426559356137,0.0299662256609419,-0.4499543363258835,0.0,0.931336025933996,,6.220146710211723,0.9256319047371347,,1.1107778283457774,-0.5139781581702024,3.2669594309853944,0.3281003347089818,,-0.3472254815528931,-0.7159784349154584,3.29620465048579,13.83982901249524,1.1370914844738451,0.2184411849912552,,,,-0.7966701254598623,,,,,,,0.7547030616008853,,2.5459381971109893,-0.451703775658887,0.2359210815618255,-0.6105433629306974,17.41027230731826,,,,-5.8462284011916585,1.336234616045208,-0.5472674304199043,,2.6221553886599724,,0.0,1.2054822689931008,-0.4995511720658584,-0.7385118864729294,-0.6828707387311544,-0.4572788194196906,0.2083190784487798,-1.0378272142831773,0.0,-1.59287698290229,-0.035467058852162,-0.4537617810437978,-0.2936601913783723,,0.6045310440636911,0.072595281306715,3.456806188100918,0.1586824810022591,,-11.637812617729736,46.802721088435376,-0.2036025955150837,0.969891784593712,,,,,-0.8616241299303944,0.4677023031110741,6.132178286991756,-0.8077746539792388,,,-1.2466444089611457,,0.9517984094520856,,0.3842179189520016,0.7780306971904266,-0.4988247245227648,-0.2223113363446072,0.6108899337611972,,-0.4396896122786118,0.936119750277873,63487000.0,0.6159363765854982,-0.5461868037703513,0.6713390577860292,,,,-0.8504750986145386,0.7718206534393145,0.8675740733132055,1.0174590417082907,-16.44819372766971,,1.4239709842281694,0.6740412783251123,,11.7354,0.0421330053588686
2022-04-30,1.3871280187183768,1.7036462807377766,,0.8089502892903531,4.138474652371803,0.2594009656890345,,1.3025714749460895,0.0,0.0,0.461354897214291,-0.6645635766501857,51.94265593561368,0.0957015164451563,0.0,,0.9829329861295636,,5.88614867041751,0.8836022871410337,,1.1308578454234326,-0.8586716515887827,3.3893063078804824,0.4578456615502271,,-0.9302707605269334,-0.7159901870051268,3.472071613114516,12.614914679311896,1.121716099389772,0.4208628847949012,,,,-0.8036977643618527,,,,,,,0.5830928461388244,,2.500812579996343,-0.2260640609422531,0.1358442331525592,-0.5673200424415034,17.930573790420617,,,,-6.1248222442899705,1.3871280187183768,-0.2339566225276808,,2.563926072119984,,-0.4128290268898624,0.5628784996761225,0.6989292518398158,-0.7106445919584992,-1.250673743756641,-0.4225244171954088,0.9954658640625338,-0.4367829700578952,-0.7217646453207042,-2.524103450404296,0.6807408411822585,-0.0170601973604441,-1.1833215988734918,,0.5774231467958537,-0.2613430127041742,2.3050675919901686,-1.4339058328198808,,-0.4379401280899527,0.0443537414965986,0.5735085113087544,0.6863546135621438,,,,,-2.7863175339741466,1.4006080546416226,,-1.890462802768166,,,-0.0932178513249786,,0.9293819355037792,,0.4492448013518832,0.6806061394380853,-0.18404842191402,0.0393698358488487,0.6727700175035178,,-0.0725949229625047,0.651951759169809,4588000.0,-0.6315709150105134,9.669580119965724,-10.395544209793457,,,,-0.2603035190330917,0.5668021879220114,0.8115882072083432,0.621808360078076,-0.1708349874288739,,-0.8426663735780623,-1.5195156865612771,,14.3286,-0.0733170193368839
2022-01-31,1.4470483642537568,1.7601318555455454,,0.5835268495558966,4.239803627959768,0.3027652659057173,,2.144944002596981,0.0,,0.4473703207425624,,51.94627766599598,,0.7099236641221374,,1.262977626614232,-0.0522833101870762,4.956546510799784,0.8562374209243795,,1.0882175447865887,-0.7594189060375515,,0.6042383892711998,,,,4.4948509879553145,,0.7218130892835494,0.3962166976040515,,,,-0.8161965852278087,,,,,,,0.5733504024996203,,2.455085756079722,,,,17.18983710187211,,,,,1.4470483642537568,0.2603752213748518,,2.4998192104014283,,,,0.2033929119274603,-0.5524869773989096,-0.3803970083210562,-0.2252798174948314,0.9954658640625338,-0.247871849212081,-2.355786059919695,-3.757397691500525,1.7442936662737858,0.6719536944667664,1.0426280922968605,,0.5630677163110462,-0.2722323049001814,2.293501048218029,2.617362394742247,,0.0324571826006317,-0.0040816326530612,0.0658267898828931,1.4815905743740796,,,,,0.5906264501160092,0.4751988671858731,1.2426435657398351,0.7822123702422146,,,0.2388542120288382,,,,0.8127042358285159,,0.336639530454167,0.4044684367081635,0.511257164430106,,0.428290300712786,1.3215959778532622,8595000.0,,,,,,,0.0136020053242135,1.2157281073471624,1.0987034956454966,1.4869098632073183,-4.316660050284504,,,,,21.7813,-0.0674569470141819
2021-10-31,1.4212655458541104,0.3701173989258801,,-0.143569357526141,4.217802939654799,0.2740004009486274,,0.3159621582767176,0.0,0.0,0.4347346326754122,-0.662136934323477,0.6329979879275653,0.0760665613894576,1.7641445384522598,,1.333926768347771,4.562985050240993,3.760200361518922,0.810974755820886,,1.0588794103451276,-0.7761801152575069,3.309853943324665,1.0804609701151795,,-0.8791313337603938,0.2652975482202929,3.435537280302755,13.62855214426638,1.3011100990726896,0.8403148102447451,,,,-0.7738420903688331,,,,,-0.5239012021036814,,0.2205828107709332,,1.8476855000914243,-0.2117947800301643,0.2186595290260047,-0.5591295768879954,16.747896912229518,,,,-0.3408619662363455,1.4212655458541104,0.9944470308172992,,2.296850871179878,,-0.1516444131128825,0.7652659393989245,0.2526314194704209,,,,,-0.39918070634479,,-0.3925189803098574,1.8601622285036803,1.6951240213298455,-0.2227413831727845,,0.3436041748299077,,2.2940793754066364,-2.8273259396179915,-1.7720991276152245,-0.3383081693569421,-0.0016326530612244,,0.6813856694627649,,,,,-2.2523301292674844,0.3330973303902378,,-0.5901275951557093,,,2.002838663892518,,0.8671383337819143,,1.086543634702669,0.6558597814776275,1.7450964346685105,1.459980169659579,0.3388646737824758,,2.1359887849729167,0.7371414918923411,8612000.0,-0.1165468357864749,-0.4245072836332476,0.5395219308424228,,,,1.3704991935953987,0.8806493557665787,0.8609661656425638,0.7262936790716837,0.6956464205372502,,0.5166419373156748,-0.2040338771223059,,22.9383,0.0765087010497409
2021-07-31,1.2417734028984202,0.4067687709079735,,0.5403366526285407,3.912790392903621,0.144794705771954,,0.3449811023256892,0.0,0.0,0.3474590778745863,-0.6671997926323829,0.6281690140845071,0.0566129450669568,1.8789964330639464,-0.9650841024857676,1.0672689589201254,4.619843150069439,3.4944907365015414,0.7663242890696585,,1.0306943932330417,-0.7703349822500859,2.945436885220627,0.8616649413410246,,1.1278580806383074,-0.1295961688187681,2.1055274553327754,11.220951161261292,0.5665328910759971,0.3408995804676016,,,,-0.7230214130742383,,0.0,,,-0.5250760345026874,,0.1705036127324408,,1.7291321996708722,-0.4440144175464608,0.0219558803879607,-0.5762178663837233,16.340979820082666,,,,1.3883138033763651,1.2417734028984202,1.194406715397131,2.2486999728972807,2.1671475167795347,,0.9803406579524028,0.4780585858378145,0.3714098499740551,1.000364418466727,1.434979235859081,0.6709738361730947,0.9954658640625338,-0.3793140191563169,-0.800730979100175,0.726436639713598,1.660888188888773,1.806593119895508,0.6545108330399718,,0.3236918035122715,0.0653357531760435,2.283380322417408,-0.2502695625385089,-3.5544661468385703,-0.3449734836410004,0.247891156462585,-0.3732114032887671,0.4559646539027982,,,,,-0.5373947630096122,0.5141810003748282,-0.0921056308509152,0.6906574394463668,,,1.4381122885114757,,0.9709233852372878,,0.8621938493646799,0.4424102497398543,1.2545790594974393,1.0720370166354525,0.319679445378728,,1.587202759001968,0.6735998836569126,8921000.0,1.306603133690565,0.2651242502142245,-0.2075655604548619,,,,0.8631832578745895,0.7661352084221386,0.7451180965145554,0.6826040159172919,0.228000529310573,,2.723672400212489,1.931838024454992,,32.307,-0.1128326416015625
2021-04-30,1.17535526341723,0.463924797642244,,0.141837551330998,3.925581013722796,0.0381935558171674,,0.4213717624689869,0.0,0.0,0.2739288471679187,-0.6570409854373885,0.0305835010060362,-0.0960843426596851,1.6814708872538038,,1.0015438167614392,2.544359120986848,3.8206004741120574,0.8024439918533605,,1.055011271377587,-0.7575931084204431,2.8046067981622143,0.7285825873343907,,-0.2769888435753835,0.1642060728923361,1.9908118336305085,10.994894603855872,0.4521065769717393,0.3970214272685329,,,,-0.7446231487595509,,0.0,,,-0.53378659047564,,0.1468309935556664,,1.7458767599195466,-0.6508397453922646,0.0090351671611971,-0.5616611753318069,16.70989545344031,,,,2.3748798411122145,1.17535526341723,1.1168595247579876,2.274116903062607,2.193638842645253,,0.7507825525483841,-0.1683340359246959,0.2995670798913722,-0.7860006145095714,-0.9888967028905532,-1.1792792471661795,,-0.0524726803452399,-1.0819520230618758,-1.6328374791679523,2.1260799877615875,1.6148854026689905,-0.3138461292284059,,0.2443272895664873,-0.6896551724137931,0.1450155425431938,-0.546801191209694,0.877943333590674,-0.598661141217724,3.1825850340136053,-0.3800024437456189,0.1334187103797144,,,,,-1.6068014584023864,1.1249010870017908,-24.42140561687858,-0.4819204152249134,,,1.0038354220093224,,0.6321870805268455,,0.6231553329698463,0.424232570239334,0.8490088463112152,0.726671807866035,0.208000137282493,,1.1321648819592074,0.4658892455358534,8506000.0,0.6058298853693278,0.2469580119965724,-0.2649338593641216,,,,0.5674756621261877,0.5375396265344647,0.5658545155216408,0.45335915400858,0.3595342066957787,,2.161070506127384,0.925611264010211,,32.3573,-0.0517781149848721
2021-01-31,1.199386753538556,0.4852675173025484,,0.5652379265556736,4.206003751489998,-0.056603069389705,,1.633060495745125,0.0,0.0,0.2169462184030453,,0.0048289738430583,,2.142580945324212,,1.304458734123399,0.6835225880238542,3.533738939928849,0.926736262549066,,1.0858186600926876,-0.7625559876323179,,0.7623717169023634,,,0.1642060728923361,1.9370656089661948,10.994894603855872,0.261692411473407,0.525670876296956,,,,-0.8139090651825299,,0.0,,,,,0.114891401045848,,1.7565214847321264,-0.4422147805414249,,-0.5419295992256287,16.819778750303914,,,,,1.199386753538556,1.2579586958921467,2.312174541512332,2.233305210506889,,0.4979077344421379,-0.6923472377877625,-0.0027422061123925,-1.3174370663598882,,,,-0.0010892343392964,,1.9708783408431576,1.5763214530333531,2.0624141324862046,1.3860370595577176,,0.3579239838991201,,0.1253524181305573,2.2365347093859107,-1.2922875009650274,0.0323992233459877,-0.0965986394557823,,0.0969968623935454,,,,,1.5838117335101094,0.371079921702553,10.587564622048344,1.830871539792388,,,-0.6516346510540153,,0.6321870805268455,,0.6364250199496655,0.3517819979188345,1.7004557190626015,1.4207072821416769,0.3216700415279541,,-0.5769815518069752,0.9393790187707106,7993000.0,0.6058298853693278,,-0.1878858203759573,,,,-0.8461224569107902,0.90674967492809,0.7408507256089009,1.0771937084822023,-26.53208945348684,,1.6839222582476965,,,21.3343,0.2109005534127116
2020-10-31,1.244020987782937,-0.0548932514823273,,0.7002400913134176,4.392614168598251,-0.0762964716520789,,1.5391981821132934,0.0,,0.2147166337465478,-0.7575260381479204,-0.0217303822937625,-0.2413769654474155,1.5976461668361104,,1.3997289684859435,-0.2309043378808921,4.278556094781715,0.9975472052945156,,1.124319131794049,-0.7807817058949714,2.8587305095024207,0.7436841132098729,,-0.8448565647852753,3.10818679946528,1.5451220843491866,10.841628880966391,0.7420286431051688,0.7866178821661176,,,,-0.906471087633242,,0.0,,,-0.5503669883835173,,0.2032026384880769,,1.8710082281952825,-0.1679746414785654,-0.0090351671611971,-0.8810893319186166,17.379260880136155,,,,2.860568023833168,1.244020987782937,0.8785114011048345,2.518037763122233,2.447870449186824,,0.2261050484192204,-1.172128029282637,-0.3720461629946103,-0.2264110497395479,-1.4739306082430303,0.1813823340700078,,-4.272640090927388,0.1391176773396479,-2.529485834207765,2.2940452473584845,1.5335296178639548,-0.1090424680769353,,0.2618530260392548,-0.9727767695099818,0.1253524181305573,-1.5384832614499897,-1.5306878715355516,0.027414727446605,-0.0685714285714285,0.4271024250959813,-0.0104501504770442,,,,,-1.1803380841895923,0.5273416350839198,-0.0926645242420008,-0.1443879757785467,,,0.5273140755794261,,0.6925654999562848,,0.5458372901674328,0.455482570239334,0.5785007830466865,0.5216437148837721,0.2321275354360435,,0.6335963774935994,0.512300165165633,7924000.0,-0.627772502204436,0.1590402742073693,-0.0926433047110698,,,,0.5839535200046635,0.5332454534708366,0.6197378655494806,0.4985887249035869,-1.3850734418420008,,0.0,-0.7040360930512899,,12.5337,0.9714256739890162
2020-08-31,1.335361063636287,-0.0384392437860979,,1.018157725561197,4.848577465077639,-0.1512578696831652,,0.952129756301157,0.0,,0.1750591771505729,-0.713658962996462,-0.0259557344064386,-0.2285119897644359,2.309072424310306,,1.2564489557315193,-0.0932113389428968,4.442667372069441,1.0079505759866196,,1.2838412078559718,-0.7957751817329917,-0.0433262069461717,0.8374944498181804,,-0.838514083479739,5.088813479646849,1.2300498526254504,10.69594337336887,0.3106567645787934,0.7369606970031868,,,,-0.9847184227903027,,0.0,,0.3342587303906592,-0.553503185863723,,0.203810185084731,,1.9517249954287803,0.1679746414785654,-0.0209378333838821,43.75597997058878,20.466788232433743,,,,2.611845084409136,1.335361063636287,1.3738895261498294,2.5851332550365886,2.517802125784363,,0.0679225978717066,-1.2887084999845773,-0.9199419743126492,0.7139172126989117,0.7504863788262228,0.2618521422969986,-1.1503338169167587,-2.710086073191812,0.5670750540512715,0.5499413616443429,2.14447932855618,2.224001846334466,1.070670784395302,,0.2653083033519752,0.1887477313974591,0.1253524181305573,0.2715778393920723,-1.834710105767004,-0.1837308372214333,-35.542857142857144,0.009672087923395,-0.1051418326183005,,-0.6688881115149503,,-1.7417836580349042,1.9855352999668543,0.9474824038982134,-0.0925527455637837,1.4899870242214532,,,,,,,,,,,,,,,,,,,,,,,,,,,,,,,11.6128,0.1149851887572334
2020-07-31,1.335361063636287,-0.0384392437860979,,1.018157725561197,4.848577465077639,-0.1512578696831652,,0.952129756301157,0.0,,0.1750591771505729,-0.713658962996462,-0.0259557344064386,-0.2285119897644359,2.309072424310306,,1.2564489557315193,-0.0932113389428968,4.442667372069441,1.0079505759866196,,1.2838412078559718,-0.7957751817329917,3.24691903670432,0.8374944498181804,,-1.2879740211965724,-0.7172006522409766,1.2300498526254504,17.475632549929042,0.3106567645787934,0.7369606970031868,,,,-0.9847184227903027,,,,,,,0.203810185084731,,1.9517249954287803,0.4693627137708019,,-0.7330280523445207,20.466788232433743,,,,,1.335361063636287,1.3738895261498294,,2.517802125784363,,,,-0.9199419743126492,0.3184445762384869,1.949991530078488,0.8608932772510159,-0.7461446852738021,-2.710086073191812,0.5670750540512715,0.5499413616443429,2.14447932855618,2.224001846334466,1.070670784395302,,0.2653083033519752,0.0362976406533575,-6.48319236608111,0.2715778393920723,-1.834710105767004,-0.1837308372214333,-35.542857142857144,-0.2420851581039106,-0.1051418326183005,,,,,1.9855352999668543,0.9474824038982134,,1.4899870242214532,,,-0.8801470944017032,,0.3525400251319599,,0.0057411706933095,0.3677809573361082,-0.4652905738109683,-0.2853541919136279,0.2634279438514603,0.509217978069647,-0.7852361803092031,0.4325635991565126,,-0.6420843790273351,0.1472150814053127,-0.0798329078672545,,,,-0.8625225890445563,0.3210342122513603,0.3395195099040691,0.5022014909106761,-5.850337435490274,,0.999651957282336,0.263403046459167,,9.2092,0.0739912261651392
2020-05-31,1.3368639116564691,-0.0192475573899865,,0.8816074310229465,4.855533447746941,-0.1522357151387964,,0.4327567417163262,0.0,,0.1879334300884615,-0.6581881254463781,-0.0553319919517102,-0.2704415346294015,2.160818844450571,,0.7829755008768666,0.1248264030716444,5.116438936876626,0.9257039280726956,,1.381283378270687,-0.8160718577168175,0.0,0.8080247138747627,,-1.2972213589400443,-0.365155054133063,1.2210982133110149,21.83750995119588,0.3123136752641576,0.1029839375958969,,,,-1.1511885671163098,,0.0,,0.196265646516035,-0.5646455816910363,,0.2135743268166728,,1.9891197659535564,0.620879879342519,0.88934041158792,47.975112153534,22.670034038414784,,,,2.308655412115193,1.3368639116564691,1.3425442869690003,2.6378661125666274,2.572764046975164,,0.468761063741186,-0.6431384242075283,-0.9058218853803296,0.6437202123630751,-3.9582150538738334,0.658783061239039,4.2548758922835965,17.39175733753241,-1.4947750437557912,6.115289179680267,0.4274891436240304,2.080114860734704,-1.996575671264441,,0.3911587646493071,0.0,0.1253524181305573,0.453198808790306,-2.924341851308577,-1.2064218854145536,200.26013605442176,1.6874449353372047,0.0592431324838317,,-0.4384230903776258,,4.5570855002559885,-1.905919787868744,-0.2939486068885094,17.078664244795306,-2.724837802768166,,,-5.294772664957017,,0.1090103047893012,,-0.8496318790237843,0.3709352237252861,-1.1875220452332915,-0.8181645918254931,0.384682705837938,-2.0703699240872395,-5.339735025240392,0.2217781794384368,,-3.990419181984671,,,,201.7096565132858,,-4.6994151137710585,-0.1544025303669103,0.1587484645540441,0.2690663357625152,-42.146222045785365,,-4.775475811031122,-5.325524399594042,,8.7855,-0.1106753537014779
2020-04-30,1.3368639116564691,-0.0192475573899865,,0.8816074310229465,4.855533447746941,-0.1522357151387964,,0.4327567417163262,0.0,,0.1879334300884615,-0.6581881254463781,-0.0553319919517102,-0.2704415346294015,2.160818844450571,,0.7829755008768666,0.1248264030716444,5.116438936876626,0.9257039280726956,,1.381283378270687,-0.8160718577168175,3.3219131265995827,0.8080247138747627,,-1.2972213589400443,-0.365155054133063,1.2210982133110149,21.83750995119588,0.3123136752641576,0.1029839375958969,,,,-1.1511885671163098,,,,,,,0.2135743268166728,,1.9891197659535564,0.620879879342519,,-0.5458014556691052,22.670034038414784,,,,,1.3368639116564691,1.3425442869690003,,2.572764046975164,,,,-0.9058218853803296,0.156385540446877,-2.72242783883536,0.658783061239039,4.2548758922835965,17.39175733753241,-1.4947750437557912,6.115289179680267,0.4274891436240304,2.080114860734704,-1.996575671264441,,0.3911587646493071,0.0,-6.48319236608111,0.453198808790306,-2.924341851308577,-1.2064218854145536,200.26013605442176,1.6874449353372047,0.0592431324838317,,,,,-1.905919787868744,-0.2939486068885094,17.078664244795306,-2.724837802768166,,,-5.294772664957017,,0.6925654999562848,,-0.8496318790237843,,-1.1875220452332915,-0.8181645918254931,0.384682705837938,,-5.339735025240392,0.2217781794384368,,-3.990419181984671,,,,,,-4.6994151137710585,-0.1544025303669103,0.1587484645540441,0.2690663357625152,-42.146222045785365,,-4.775475811031122,-5.325524399594042,,7.3213,0.1521997459467582
2020-02-29,1.1246828885090905,0.0042741310314483,,-0.1558363180750711,3.596751291711396,0.1152801948439712,,0.4517819463445173,0.0,,0.3817271684137361,-0.6283845455974366,-0.0173038229376257,-0.1240004331980848,0.4588940775076249,,1.0208694265823457,0.4708357160362715,4.506336755215063,0.8088460661254246,,0.9595141256872848,-0.9013795094539864,0.1743789250804288,0.1652627169916694,,0.2873778279538521,-0.0708357204765472,1.4451257232269568,21.83750995119588,0.3886279349545982,0.6857262416978723,,,,-0.6351523441184794,,0.0,,1.1947345350211866,-0.5505557201063399,,0.5916418946774579,0.2551485466820476,2.2956855000914245,0.620879879342519,,48.0175908862456,14.86756625334306,,,,0.1320834160873882,1.1246828885090905,0.2175640847199758,2.9884108772246814,2.9381266431138,,0.9514965586403628,0.0,-0.8603406547206472,0.2143638039571558,-1.823117239113584,-0.3525700434875597,4.2548758922835965,-0.0750624533819542,0.1762586224647379,1.83872600456762,-0.0850500140811281,0.4283178203887838,1.5806477421832497,,0.4483311366793716,-0.4246823956442831,0.1562929227210294,2.8077890737317723,0.4171234463058751,0.0294433013591445,-0.0152380952380952,0.4874886655219648,0.7401421527822245,,-0.563397150463361,,1.4377498136221964,1.7649585681140203,-0.4620382324767815,7.313120022355735,1.8223724048442904,,,-0.6106030547894389,,0.7841171499054551,,0.5204533719448126,0.4858220603537981,1.069052019696093,0.9525173515478682,0.4183855578817311,0.0084347511748403,-0.6178927069416016,1.0255742881776726,,-3.990419181984671,,,,98.79844458846404,,-0.7702621300740338,0.9387546611550708,0.726150114547456,1.210934818554292,-19.992192669048563,,0.0224762323459911,-0.6822668067133785,,11.9443,-0.117555808711249
2020-01-31,1.1246828885090905,0.0042741310314483,,-0.1558363180750711,3.596751291711396,0.1152801948439712,,0.4517819463445173,0.0,,0.3817271684137361,-0.6283845455974366,-0.0173038229376257,-0.1240004331980848,0.4588940775076249,,1.0208694265823457,0.4708357160362715,4.506336755215063,0.8088460661254246,,0.9595141256872848,-0.9013795094539864,3.82044073963676,0.1652627169916694,,0.2873778279538521,-0.0708357204765472,1.4451257232269568,,0.3886279349545982,0.6857262416978723,,,,-0.6351523441184794,,,,,,,0.5916418946774579,,2.2956855000914245,0.4635854699762264,,-0.4452076469164758,14.86756625334306,,,,,1.1246828885090905,0.2175640847199758,,2.9381266431138,,,,-0.8603406547206472,-0.6545527299230434,-2.136802065634192,-0.3525700434875597,4.2548758922835965,-0.0750624533819542,0.1762586224647379,1.83872600456762,-0.0850500140811281,0.4283178203887838,1.5806477421832497,,0.4483311366793716,-0.4246823956442831,0.1562929227210294,2.8077890737317723,0.4171234463058751,0.0294433013591445,-0.0152380952380952,0.5427944874243564,0.7401421527822245,,,,,1.7649585681140203,-0.4620382324767815,7.313120022355735,1.8223724048442904,,,-0.6106030547894389,,0.7841171499054551,,0.5204533719448126,,1.069052019696093,0.9525173515478682,0.4183855578817311,,-0.6178927069416016,1.0255742881776726,,-0.5615715932985146,,,,,,-0.7702621300740338,0.9387546611550708,0.726150114547456,1.210934818554292,-19.992192669048563,,0.0224762323459911,-0.6822668067133785,,13.2612,-0.0666681748258076
2019-11-30,1.2116671687891902,0.0246391082989377,,-0.3031841618451608,3.8498310006176513,0.1286437272866868,,0.5547105061794235,0.0,,0.3948035483602618,-0.6221966076643292,0.3313883299798792,-0.1842451901160316,-0.0491478986094118,,1.1760376255513632,-0.5324728371865044,5.15968555314769,0.78144118694457,,0.9878318577145866,-0.9075004475784796,0.2494886474596828,0.2038077077403181,,0.3512466147006031,-0.1295961688187681,1.322131654597722,,1.013625214885462,1.1199047200077257,,,,-0.6986605037260636,,0.0,,1.2621069829842062,-0.5508537175634283,,0.5897107644238071,-0.1904725883621097,2.431621137319437,0.4635854699762264,,49.977532063811175,15.507549234135668,,,,0.021974180734856,1.2116671687891902,-0.1481927653018617,3.162675941819496,3.119758043253912,,-0.9217541030395948,-2.015762037446406,-0.8478870998897815,-0.6545527299230434,0.1863382732653344,-0.2176694945462322,4.2548758922835965,-0.8397286385754709,-0.1369298877792649,-0.6310968458737115,0.0980116056310605,-0.0647605158698635,0.1676080903766761,,0.467709186763082,0.1125226860254083,0.1551362683438155,-1.222543130006161,-0.5828765536941249,-1.844553279044832,-0.0054421768707482,-0.2527347442748828,0.6781328039956458,,-0.3201489395763048,,-0.3706717684783487,-0.8283725555187272,-0.0362333930281954,-0.0925527455637837,-0.0611916089965397,,,0.7315559426460864,,0.594341708938989,,0.5179799745077578,0.5380137877211238,0.5067257361344301,0.5237148837721715,0.4584377252290901,0.6798409446921316,0.7329915294953896,0.5691404115636719,,-0.5615715932985146,,,,,,0.3187532790548549,0.5831005591595055,0.5726381051286374,0.6029929961213727,0.549292047108641,,1.4146104669267827,0.6649825606388966,,13.6845,-0.084554336812053
2019-10-31,1.2116671687891902,0.0246391082989377,,-0.3031841618451608,3.8498310006176513,0.1286437272866868,,0.5547105061794235,0.0,,0.3948035483602618,-0.6221966076643292,0.3313883299798792,-0.1842451901160316,-0.0491478986094118,,1.1760376255513632,-0.5324728371865044,5.15968555314769,0.78144118694457,,0.9878318577145866,-0.9075004475784796,4.068271988159234,0.2038077077403181,,0.3512466147006031,-0.1295961688187681,1.322131654597722,,1.013625214885462,1.1199047200077257,,,,-0.6986605037260636,,,,,,,0.5897107644238071,,2.431621137319437,0.6948541629387254,,-0.4243219597550306,15.507549234135668,,,,,1.2116671687891902,-0.1481927653018617,,3.119758043253912,,,,-0.8478870998897815,-0.5463847544462626,0.5436970950735857,-0.2176694945462322,4.2548758922835965,-0.8397286385754709,-0.1369298877792649,-0.6310968458737115,0.0980116056310605,-0.0647605158698635,0.1676080903766761,,0.467709186763082,0.1125226860254083,0.1551362683438155,-1.222543130006161,-0.5828765536941249,-1.844553279044832,-0.0054421768707482,-0.2527347442748828,0.6781328039956458,,,,,-0.8283725555187272,-0.0362333930281954,,-0.0611916089965397,,,0.7315559426460864,,0.594341708938989,,0.5179799745077578,,0.5067257361344301,0.5237148837721715,0.4584377252290901,,0.7329915294953896,0.5691404115636719,,0.3887777250220444,,,,,,0.3187532790548549,0.5831005591595055,0.5726381051286374,0.6029929961213727,0.549292047108641,,1.4146104669267827,0.6649825606388966,,14.0312,-0.060465248873938
2019-08-31,1.1461380677386748,0.0490826681193125,,-0.1048923525012791,3.710152954127437,0.0947251795738001,,0.716430542351659,0.0,,0.3554540948250673,-0.6177183495523121,0.3283702213279678,-0.199800023674779,0.1323074802267675,,1.052463198171866,-0.4372600277755085,4.88518213296164,0.7290041973599446,,0.9701219286982858,-0.8652490391175527,0.2229728340750943,0.1302233028393032,,0.1440504354113416,-0.1295961688187681,1.0728685273461664,,0.6636937606276987,0.853372890267063,,,,-0.7167955853221394,,0.0,,1.0593697558988528,-0.5217998685199099,,0.5578145680994641,-0.1960702736436014,2.38102029621503,0.6948541629387254,,49.42731892555984,15.32788718696815,,,,-0.1679920556107249,1.1461380677386748,-0.0218423187125942,3.101409341403921,3.055901650458377,,,,-0.7543187852481431,0.2143638039571558,2.5380196810176225,-0.270852641334569,4.2548758922835965,-1.568189621491067,-0.4321785236281272,-0.4441083883710882,0.2284098060281136,0.111350357852733,0.5618459372099721,,0.4630427813201296,-2.9292196007259528,0.2349454203715752,-0.7897027110289587,-2.4283949664170463,-3.698264120323413,0.4013605442176871,-0.1588820506884288,0.6050329768841647,,-1.391707528207804,,-0.2312072790637097,-0.0608949287371561,0.5649910457706885,-0.0923291882073494,0.5024870242214533,,,0.4765019919033564,,0.5537328503516932,,0.4295478918348998,0.5514438085327783,0.3292464410175374,0.3789798391539055,0.4344819301918523,1.3608868538378118,0.454195433693785,0.5573714772455775,,0.3887777250220444,,,,3.5359688917692806,,0.1638070069758856,0.5465162679237308,0.5384141304948422,0.6004338511999676,0.2012703453751488,,1.1255518308878754,0.3852436857103603,,15.2896,-0.1117984401807256
2019-07-31,1.1461380677386748,0.0490826681193125,,-0.1048923525012791,3.710152954127437,0.0947251795738001,,0.716430542351659,0.0,,0.3554540948250673,-0.6177183495523121,0.3283702213279678,-0.199800023674779,0.1323074802267675,,1.052463198171866,-0.4372600277755085,4.88518213296164,0.7290041973599446,,0.9701219286982858,-0.8652490391175527,3.9811416266663926,0.1302233028393032,,0.1440504354113416,-0.1295961688187681,1.0728685273461664,,0.6636937606276987,0.853372890267063,,,,-0.7167955853221394,,,,,,,0.5578145680994641,,2.38102029621503,0.5502185638692195,,-0.4092068278699205,15.32788718696815,,,,,1.1461380677386748,-0.0218423187125942,,3.055901650458377,,,,-0.7543187852481431,-0.5890288605134728,1.2754572474295072,-0.270852641334569,4.2548758922835965,-1.568189621491067,-0.4321785236281272,-0.4441083883710882,0.2284098060281136,0.111350357852733,0.5618459372099721,,0.4630427813201296,-2.9292196007259528,0.2349454203715752,-0.7897027110289587,-2.4283949664170463,-3.698264120323413,0.4013605442176871,-0.1588820506884288,0.6050329768841647,,,,,-0.0608949287371561,0.5649910457706885,,0.5024870242214533,,,0.4765019919033564,,0.5537328503516932,,0.4295478918348998,,0.3292464410175374,0.3789798391539055,0.4344819301918523,,0.454195433693785,0.5573714772455775,,0.2535610120056976,,,,,,0.1638070069758856,0.5465162679237308,0.5384141304948422,0.6004338511999676,0.2012703453751488,,1.1255518308878754,0.3852436857103603,,15.9854,-0.1040136624670012
2019-04-30,1.0730679780042178,0.0755934547130675,,-0.0865903097571535,3.443537340544581,0.1087733104707307,,0.443875066663575,0.0,,0.3269569366345578,-0.5422718335764571,0.3175050301810865,-0.27587162225127,0.2615615253390312,,0.7499468565658712,-0.1397761620782615,4.6821617881960345,0.679436137308488,0.0,0.9561248872392732,-0.7792042941727702,0.1989187077941433,0.0428417434048746,,0.2219297633620225,-0.1883566171609889,0.6222299042975147,45.57123325603129,0.4193476186183292,0.3960986705865942,,,,-0.6867040845203283,,0.0,,0.9125459931192964,-0.4754585548748772,,0.3030138650812594,0.1210310331133342,2.330793929420369,0.5502185638692195,,49.31075370897787,15.289824945295404,,,,-0.1034836146971201,1.0730679780042178,0.0561608201308331,3.051395790044268,3.003773982870185,,,,-0.6848697641475489,0.9594209319109104,-2.5602160086649866,1.0048121480002852,,-0.6329398671607687,-1.1969010604344692,-0.3349052527621752,0.3280520410682187,0.2367974124559007,-0.2555045284347297,,0.4599437181633598,-0.043557168784029,0.3503216944986626,-0.1912995481618402,0.3730409943642399,-1.326281624018315,0.121360544217687,-0.1669978585071286,0.1274764679515912,,0.0842172667927593,,-0.1511501531441711,-1.0845740802121313,-0.1373537128815959,0.4710353500069861,-0.4005622837370242,,,0.0392961403848325,,0.4007467586457542,,0.2213853192127013,0.5486147242455776,-0.0821253721235379,0.0570673129888729,0.4317706009541133,1.453428123870346,0.0056470030736019,0.3590430781056852,,0.2535610120056976,,,,2.0,,-0.2114140256106328,0.3250174625406116,0.4115321023318943,0.362352325733467,0.5657006748709805,,0.6817240937150812,-0.0442742610984803,,21.3116,-0.1404540250380073
2019-02-28,0.1213991479872395,0.0998414660548792,,0.3328610225528398,0.2577816067590636,0.1576165310265991,-0.5765603328710125,0.345259350291001,0.0,,0.3448506769536022,,0.3331991951710261,,0.360329467716644,,0.4652255938778764,0.3492361735152356,-0.8258842122041463,0.2011651775175156,,,-0.7481479928322927,0.1924407190798737,0.1631533334423454,,0.5064407897657721,0.365578129361127,0.9795858957097632,,0.3206293151953942,0.443904977521218,,,,-0.6743939251014055,,0.0,,1.0047385642619626,-0.4621218141362769,,0.4128930067047106,-0.4000832088352654,0.2132221612726275,,,-0.502317529457754,-0.399781181619256,,,,0.0390705064548162,0.1213991479872395,0.2380457580018909,0.437345740355949,0.2792257685441164,,,,-0.6187841118698891,0.0960349841728058,,-0.2221786554502031,-0.0063342211058903,-1.9525472692184744,,0.6788222949200666,0.1421881030112753,0.3326562882823821,1.38734918552181,,0.2266234460157446,0.2395644283121597,0.9804091664859396,2.384935304990758,-0.4736354512468154,-4.292810154461414,-0.012517006802721,1.4297069434530123,0.3485688672600371,,,,0.5742771684945165,1.2807424593967518,0.6342926158843863,0.0836104513064133,1.726438148788927,,,0.7057499072595603,,0.7931550552783116,,0.6029962411580555,0.3356204474505723,0.4875149907586382,0.4705783849289413,0.3099323883721728,0.536209181829136,0.7105878016835704,0.8674590461944384,,,,,,,,0.4195247070710996,0.8378380121001974,0.7157168743916659,0.9818103003127092,0.4704247717348154,,1.3304757194409336,0.5835604660541839,,18.1685,0.0082450394914274
2019-01-31,0.1213991479872395,0.0998414660548792,,0.3328610225528398,0.2577816067590636,0.1576165310265991,-0.5765603328710125,0.345259350291001,0.0,,0.3448506769536022,-0.1227274356732967,0.3331991951710261,-0.294257354922717,0.360329467716644,,0.4652255938778764,0.3492361735152356,-0.8258842122041463,0.2011651775175156,,,-0.7481479928322927,0.1924407190798737,0.1631533334423454,,0.5064407897657721,0.365578129361127,0.9795858957097632,,0.3206293151953942,0.443904977521218,,,,-0.6743939251014055,,0.0,,1.0047385642619626,-0.4621218141362769,,0.4128930067047106,-0.4000832088352654,0.2132221612726275,,,-0.6343701718136296,-0.399781181619256,,,,0.0390705064548162,0.1213991479872395,0.2380457580018909,,0.2792257685441164,,,,-0.6187841118698891,-0.5500003572730066,-2.1252624392347297,-4.220592428887146,-0.0063342211058903,-1.9525472692184744,0.5235509111500052,0.6788222949200666,0.1421881030112753,0.3326562882823821,1.38734918552181,,0.2266234460157446,-337.3684210526316,0.9804091664859396,2.384935304990758,-0.4736354512468154,-4.292810154461414,-0.012517006802721,-0.1661361166309751,0.3485688672600371,,,,0.5742771684945165,1.2807424593967518,0.6342926158843863,0.0836104513064133,1.726438148788927,0.0,0.0,0.7057499072595603,0.0,0.7931550552783116,,0.6029962411580555,,0.4875149907586382,0.4705783849289413,0.3099323883721728,0.536209181829136,0.7105878016835704,0.8674590461944384,0.0,0.4767177643627484,,,0.0,0.0,0.0,0.4195247070710996,0.8378380121001974,0.7157168743916659,0.9818103003127092,0.4704247717348154,0.0,1.3304757194409336,0.5835604660541839,,18.8097,-0.0261248185776487
2018-10-31,0.17637734085297,0.124871671310943,,0.1372194014772831,0.4178854450848872,0.1659948644452406,-0.5297919556171984,0.0904537760567625,0.0,,0.309123009409906,-0.059358980369015,0.3329979879275654,-0.2294892040488909,0.1760963589681732,,0.6366184832863899,-0.6149415897394004,-0.6445889163589008,0.2307587658401322,,,-0.6447130094531801,0.1759052738691143,0.2602767984161385,,0.5505971446149163,0.221274220322301,0.8085040573487137,-0.4175867917344502,0.8406039486077909,0.99481754096074,0.0,0.0,0.0,-0.7759409489670785,0.0,0.0,0.0,0.8206615924799313,-0.3955302187481939,,0.5798598303209148,-0.4958490137861911,0.2145225818248308,,,-0.3198190651700452,-0.3299416484318016,,,,-0.2664071499503476,0.17637734085297,0.0802948785018022,0.4257186737736019,0.267107215764853,,,,-0.5621825536605043,-0.283760512758219,1.221783611471867,-0.6511549155200684,0.0023500710939811,-0.6947894344269088,0.1485380417996499,-0.5174989198197643,0.29325600881722,0.1538494986549687,0.4123435849841584,,0.4816371602607487,0.2613430127041742,0.0808212246078218,-1.4168463750256726,-0.5898247510229291,-1.4817283449734835,-22.476190476190474,-0.2573521373127801,0.2843567906768265,,,,-0.2594019742574079,-0.4339542591978786,0.0393986089708883,-0.4277770015369568,0.4358131487889273,0.0,0.0,0.8255415235238142,0.0,0.5221001815466956,,0.4906281707330283,0.5684183142559833,0.569155015026031,0.5446821637104771,0.350259120705632,1.524762019520424,0.8057970632951382,0.4557291699128465,0.0,,,,0.0,0.0,0.0,0.4187474496240017,0.4932553399553675,0.4983643161651467,0.4675940906347453,1.0132327643244674,0.0,1.5009067428697038,0.7484964921844185,,20.3934,-0.1218580521148998
2018-07-31,0.084353064402141,0.150013618554757,,0.2093517534537725,0.1993189883284445,0.1288484670113118,-0.4549514563106796,0.0741183017599183,0.0,,0.2670812791202112,-0.0237424891283666,0.3386317907444668,-0.2487211841419278,0.3258387469198559,,0.3732210235425413,-0.5008577730577567,-0.7919434863853874,0.1451390250441143,,,-0.6127389706178841,0.1672611032880739,0.1013019814620782,,0.3237709856850197,-0.2471170655032097,0.6279975255631164,-0.4175867917344502,0.4502849078129711,0.5703870213199712,0.0,0.0,0.0,-0.6228421846995567,0.0,0.004,0.0,0.6040531505563451,-0.3731433855400797,,0.6303946883068978,-0.8164299627451351,0.2081667580910587,,,-0.2498278140764319,-0.2906880622416727,,,,-0.4242462760675273,0.084353064402141,0.0889194987449425,0.419730779654892,0.2607720469149008,,,,-0.5505774161903788,0.0,0.538358477878105,-0.508857916874599,-0.0028524204433088,0.0782827983850917,0.9320498301245752,0.4339485216961916,0.1763583073440906,0.2991814416627714,0.6780890965532691,,0.385958037972429,0.279491833030853,0.5686402081977879,-0.5737317724378722,0.0767389793870145,-0.2011765728692729,3.563809523809524,0.4931864513598158,0.5884356790676827,,,,0.4075341542938751,0.3261252900232018,0.0249052517596101,0.0214615062176889,0.6665981833910034,0.0,0.0,0.3647489556620054,0.0,0.4230946597156625,,0.3231376400538731,0.4787005723204995,0.2052344201927282,0.2680709485512834,0.3796718948416103,-0.1477286420050608,0.3813898998940364,0.4447397342806984,0.0,,,,0.0,-2.032404406999352,0.0,0.0078503002156889,0.4375844022796227,0.4182080159133831,0.4860926314677813,0.0948789202064311,0.0,1.0404095913245772,0.3028465823727281,,22.1239,0.0127102364411338
2018-04-30,0.0,0.1752114367924462,,0.1350808832211595,0.0474383431450978,0.0721227670573783,-0.2296532593619972,0.1390080460036636,0.0,,0.2414056489686366,0.0488030862478318,0.3458752515090543,-0.2297612121486877,0.2099667430599831,,0.1786735398841473,-0.225839392206519,-0.6779191974686892,0.0288093342242886,,,-0.6346098325330684,0.1668216998489068,-0.0527622610277238,,-0.0195728973088851,-0.4821588588720932,0.6033805174484189,-0.4175867917344502,0.2580210953018966,0.267417032371592,0.0,0.0,0.0,-0.6768465239128384,0.0,0.004,0.0,0.4717665342773269,-0.3896181298040802,,0.6593616421116584,-0.775052478299514,0.2120416895227646,,,-0.1561586716554047,-0.2107342572331631,,,,-0.2754001986097318,0.0,-0.0397586834135642,0.4193694100641431,0.2604500154424449,,,,-0.5576071600365122,0.0,-1.4050213801352107,-0.3777892635631282,-0.0144699709128178,-1.524265062808567,-0.4522804488829404,-1.5108079748163694,0.6071817230433316,0.1867222796878959,-0.0933209588120459,,0.3574252840807894,-0.4464609800362976,0.5217957059206246,0.1215598685561717,0.5944568825754651,-3.3912539484742226,0.6282993197278911,-0.4844789998649509,0.400076839341743,,,-0.1768707482993197,-1.0075988251461832,-0.6655087835598277,-0.0249052517596101,-0.0304038004750593,-0.2964532871972318,0.0,0.0,0.0287156658763568,0.0,0.2598912091284215,,0.1474433736418881,0.4550273152965661,-0.0492797381379008,0.0575432411589732,0.3337509009163606,-0.3202795517532232,0.0432936902309479,0.2489924896381938,0.0,,,,0.0,2.032404406999352,0.0,-0.2112974369935682,0.2342781612571596,0.2791302610718582,0.2571105608321887,-0.4148471615720524,0.0,0.6666483486288949,-0.05886393752853,,18.0661,0.2401735847803345
2018-01-31,0.0601132168972206,0.194766284648746,,0.0113354587318455,0.1522544266898229,0.1141477282421388,-0.5432732316227462,0.1853943005541772,0.0,,0.2272443832410584,-3.860567337945792e-05,0.3676056338028169,0.3780559984082489,0.637009977082005,,0.3126401658075144,0.2818397189772077,-1.0981527264834654,0.0490478915168514,,,-0.5445022040215934,0.1464189904513264,0.0653908900290433,,0.225259566047429,1.9799039266669605,0.7035224336814526,-0.4175867917344502,0.239210651479873,0.4226171954634706,0.0,0.0,0.0,-0.5791906423922272,0.0,0.004,0.0,0.3988045109785741,-0.3651191267410276,,0.6237333738364398,-0.7569734677282097,0.1995567745474492,,,-0.1105526702779173,-0.2645635788961828,,,,0.6377914597815293,0.0601132168972206,0.2096041889641337,0.4049146264341856,0.245497209060572,,,,-0.4995511720658584,-1.0451807444140366,-0.8345080002258646,0.1681578384544093,0.0352164216270056,0.1416951801380486,0.3321836713682693,1.945756434787976,0.0644985206123378,0.6011875743697335,1.333504016385573,,0.4155238129163253,-6.696914700544465,-0.0744596255331453,1.980386116245636,0.1215934532540724,0.023299620366882,0.8394557823129252,1.1143480022379566,0.1277582122046487,,2.000913084982124,0.282312925170068,1.5073697825442591,0.6483791846204839,-0.1718379076256715,-0.1610730753108844,1.746885813148789,0.0,0.0,0.915952968500508,0.0,0.6274418373417038,,0.5831837860673703,0.5080645161290323,0.6913272288612667,0.6500121185413683,0.3889384631224903,1.3459452946138089,0.9029149856192288,0.8145894231668173,0.0,,,,0.0,2.23201555411536,0.0,0.3613081242834658,0.815663630274135,0.5920537926754801,0.9572773841707554,0.4590445944157734,0.0,1.6563536114011468,0.8989314790439596,,15.6239,0.434027355525829
2017-10-31,0.0498832917087839,0.2035100951902058,,-0.2096928667952401,0.309650628249221,0.0250091706334988,,-0.0356273332251257,0.0,,0.1785888372265699,,0.3478873239436619,,0.0990884496751848,,0.492315459424988,-0.6523976799281105,-0.5688089884592037,0.1112360404771145,,,-0.5587247158481491,,0.0171932997827724,,,0.1289498038870036,0.6818529165605327,,0.6613840333496019,0.9269841951093896,,,,-0.673592113951514,,0.004,,,,,0.6662616356022306,,0.2343492411775461,,,,-0.2470581084366642,,,,,0.0498832917087839,-0.1649596605825578,0.4085283223416749,0.2491299500568733,,,,-0.5315789274338026,,,,,-0.0948817825556752,,0.8209246342818345,-0.1613871128124359,0.0791097456858237,0.7618811405894966,,0.4002066042104513,,-0.0828453697679462,-1.0894049086054631,0.4469234926271906,0.0202857391253948,-13.311292517006803,,0.442517769097778,,,,,0.4609081869406695,-0.6009745533297238,-0.0530948721531367,0.8414467993079585,,,0.6283447041176755,,0.3072064952230418,,0.4018963917283812,0.4940816857440167,0.6784147184559166,0.6410752451250413,0.3934001441466177,,0.8359407393756705,0.3738585392709859,,,,,,,,0.6696461535472087,0.4312513208844821,0.3251815970338088,0.4216670176690291,-4.615455868730978,,,,,11.2211,0.3444136492857207
2017-07-31,-0.0313880543643832,0.2186231990334318,,0.4324267590296637,0.1351653185461722,-0.0164719506577263,-0.4066851595006935,-0.0224453358684814,0.0,,0.1506843099253298,0.0158448713741689,0.3674044265593561,0.5982415180066843,-0.1248151913566419,,0.2774618695860126,-0.5258557307409525,-0.3484757534752956,-0.0082266654396024,,,-0.5635456602629342,0.1513757695984212,-0.1249756295132569,,-0.3062847647256559,-0.3669883801213403,0.7466249408682363,-0.4175867917344502,0.3487750362934939,0.6306451785963368,0.0,0.0,0.0,-0.5632959154796717,0.0,0.004,0.0,0.1481202042072358,-0.3687546957175056,,0.7581964545316466,0.731783883961497,0.2307946608155055,,,-0.1486011057128497,-0.1947726720155604,,,,0.4855134061569017,-0.0313880543643832,-0.3208675494463829,0.3956997018700876,0.2358701629366257,,,,-0.542002340722897,0.0,1.2259723726560134,-0.0508661866400513,-0.0042670824040592,-0.1759823828185122,1.908756305981674,-0.3840380223442997,-0.0479071271369415,-0.1381991382100088,0.0228661951547348,,0.2980087628682364,-0.9655172413793104,-0.0837128605508566,-0.6197884575888273,0.0707944105612599,-0.0008114295650157,0.0489795918367346,0.5841452356606794,0.3828648267913171,,,2.057142857142857,0.6889511645244447,-0.2003712296983758,-0.1441839157053017,-0.597233477714126,-0.1321583044982699,0.0,0.0,-0.2169448879856776,0.0,0.2153188381697213,,0.1048576081344083,0.4006568678459937,0.0021106988162591,0.0877029855679189,0.2949342760064523,-6.945174117363538,-0.112071291768407,0.2909109040481162,0.0,,,,0.0,4.789371354504213,0.0,-0.2247439908283621,0.2652214250149551,0.2328352372627054,0.3391161740046627,-4.494243747518857,0.0,1.1026909197486765,0.3631198507350236,,10.1102,-0.103034559158078
2017-04-30,-0.0687867968994168,0.2449384371486238,,0.2260925466734889,0.028719638799432,-0.0233243333162716,,0.0755211352516984,0.0,,0.1521156991497603,,0.307645875251509,,-0.0123309151689555,,0.1409071584205771,-0.2329466546850747,-0.459166336009116,-0.009787171043418,,,-0.5731552911840749,,-0.1922859705239749,,,,0.7240457043047924,,0.1337061641429606,0.2732271805491475,,,,-0.6234317517215358,,,,,,,0.8388699633302232,,0.2313549094898518,,,,-0.1377947969851689,,,,,-0.0687867968994168,-0.2425428471325657,,0.2196235809899737,,,,-0.4544335488464933,,,,,-2.455063163752176,,-1.8750200604900933,0.4854929611743313,-0.029027923300189,-0.2315902326623355,,0.3011790688561963,,-0.0868936600881949,0.149530191004313,0.7386705782444222,-5.707421682557162,-10.936326530612243,,0.218966510853557,,,,,-0.8757706330792178,-0.1778351588855108,-0.1861114992315216,-0.4068663494809688,,,-0.1500685472814954,,,,0.0513202887195022,,-0.1169688333309818,-0.0084345047923322,0.2826474928784707,,-0.1377921402668176,0.1638160532685136,,,,,,,,-0.1787692128325204,0.1466968037282076,0.1842393468032263,0.1723689712274256,-1.4679105465131663,,,,,11.7571,-0.0873173251570545
2017-01-31,0.0364245309847138,0.2703876748587511,,0.0,0.1717845104032054,0.0691241831738069,-0.0676005547850208,0.218760869061145,0.0,,0.153119459124625,0.1149842406126168,0.3307847082494969,0.7354645671671112,0.5163889511140213,,0.3353908699580167,0.3071236010129891,-0.9794551441836488,0.0312981405975536,,,-0.4295640504965298,0.1111151082833972,-0.0192624327217336,,-0.6019014758953998,0.6143111071937479,0.8550816928059386,-0.4175867917344502,0.1155889493694102,0.4735887724117211,0.0,0.0,0.0,-0.7128336949344402,0.0,0.004,0.0,0.0117246478842058,-0.3709950947812518,,0.7899407642068262,1.063333270296337,0.2487767416346681,,,-0.0415293832951732,-0.2644784828592268,,,,0.2800397219463754,0.0364245309847138,0.1256137302802401,0.3752823199927726,0.2145332238551875,,,,-0.3521386556372409,,-1.93648072194531,0.1046909531617594,-0.0092617052450757,-0.0389046091187857,-0.0594821373417069,1.092228874760817,0.1831972157611284,0.4841192658479132,0.9847985406599034,,0.2694047661454066,0.4210526315789473,0.0909419504084435,1.927410659272952,-0.7351192773874778,0.0278784014837569,0.6579591836734694,-0.5177782493778095,0.5787026957802395,,,-0.1653061224489796,-1.272596624540792,0.6707590321511435,0.0412311024113947,2.204275534441805,1.0852292387543252,0.0,0.0,0.4938436476831019,0.0,0.4786386912180429,,0.4509635417606979,0.3746748178980228,0.7900785868476374,0.690633469207888,0.2468510828156639,-0.3679961441137486,0.5062163104930268,0.6138427498519742,0.0,,,,0.0,7.061568373298769,0.0,0.6186192021452306,0.6272802495979138,0.4451383566088286,0.7243043245742382,-5.368664814079661,0.0,0.3975014196479273,-0.3193330940130031,,12.6505,-0.0734595470534761
2016-10-31,0.0644964649635796,0.2877076829600452,,0.0030437805854029,0.3369982154212221,0.03435148692225,-0.7021081830790569,-0.0056693022932269,0.0,,0.1314299935855612,3.860567337945792e-05,0.8193158953722334,0.882681395401552,0.2167456447193838,,0.5189908061858958,-0.6256433297933175,-0.684590001593939,0.2048863831881529,,,-0.4398269040633674,0.1041694504116516,0.025541527938326,,-0.0585411024501005,0.2476459095382897,0.6399876278155817,-0.4175867917344502,0.5326330580105259,0.8379006212513009,0.0,0.0,0.0,-0.5877983209131215,0.0,0.004,0.0,0.0168962448361515,-0.3099065191007339,,0.7930652895610476,2.2616917869097373,0.2550082281952825,,,-0.0037043241935183,-0.2232312180889861,,,,0.9593803376365442,0.0644964649635796,-0.0830329674548971,0.3765471135603939,0.2158345323199072,,,,-0.3654406278288469,-1.0451807444140366,-0.2470958435785161,-0.1456298567049262,0.0115886798172487,0.2365296046789718,-1.2840265623391331,0.5587679772853528,0.0311453693949287,0.1933015186268221,0.4947194930713348,,0.2704734086132583,-0.4428312159709618,0.0900744596255331,-0.6938154651879236,-0.5989346097429167,0.0339061639667313,0.0617687074829932,1.0596981331069653,0.4011269770122302,,0.2276190419722635,0.0625850340136054,0.8863499591316142,-0.0941465031488233,0.0683853233934446,0.0709794606678776,0.4978481833910034,0.0,0.0,0.901772552055612,0.0,0.3264069011744819,,0.4123785417426439,0.3756503642039542,0.6779067962808809,0.6085799272887518,0.2684044342245255,0.103867935895891,0.9326242768479456,0.3348437159151111,0.0,,,,0.0,27.434867141931303,0.0,1.0257855158074731,0.4028470209801231,0.3209482290835778,0.3658496600598402,0.0268625115786687,0.0,0.9357769595720906,0.2015874915240716,,14.1631,-0.0281717985469283
2016-07-31,-0.0265557116671687,0.3091621446080999,,0.1747025098070085,0.2052880966544276,-0.0419599136680827,-0.5599167822468794,0.0387692165001043,0.0,,0.0964661461323272,0.0374640484666653,0.8362173038229376,0.9186368364450556,0.0660279496148742,,0.3480071212201732,-0.5683767666040356,-0.5362756768305711,0.0361797222300025,,,-0.4761347928961634,0.1059450514436073,-0.113612379075217,,-0.2846949583616102,0.152453983223892,0.4665951020705214,-0.4175867917344502,0.3136255257505059,0.690796038584105,0.0,0.0,0.0,-0.5452551646071125,0.0,0.004,0.0,-0.0948527556021943,-0.3102605039588511,,0.6607286219541302,2.2902097240870667,0.227621868714573,,,0.0271960685765343,-0.1434962314612205,,,,0.7696365441906653,-0.0265557116671687,-0.1879802454441175,0.3617309603396874,0.2003581893921703,,,,-0.4018619731006245,,1.4291888895162903,-0.022064589719826,-0.005335296537687,-0.1081893847009933,0.2782353546792958,0.1294734892907845,0.0,0.0470229947244002,0.2547684577719461,,0.2359562569016492,0.0362976406533575,0.0559531554977228,-0.9312358800575068,0.6991430556627808,0.0287477903034166,-0.0059863945578231,0.0,0.1250432221297304,,1.45144937418104,-0.2938775510204082,0.4982080784673008,-0.0572886973815048,0.3455916038482362,0.1695682548553863,0.2901059688581315,0.0,0.0,0.2134481701908033,0.0,0.1865182292425611,,0.1570192130624271,0.3421240894901144,0.1179621033621626,0.1613837170871433,0.2295878093146171,-0.271598987829859,0.2796122127959247,0.2211499267661815,0.0,,,,0.0,82.3046014257939,0.0,0.2804733497852826,0.2337523149060246,0.2013031632666072,0.2496959173410926,-0.9621542940320232,0.0,1.3230019600300416,0.5763276738507084,,14.5125,-0.0348884796398608
2016-04-30,-0.0947589671105054,0.3279068630532101,,0.0686293803544954,0.0370795812735465,-0.0665809319069799,,0.1484800704894845,0.0,,0.0838572708316288,,0.8605633802816901,,0.0351558595971257,,0.13531381197853,-0.2834327260844702,-0.5058958784808066,-0.013776463574198,,,-0.4916524597461625,,-0.2354861959273929,,,,0.6121684072632,,0.0405305844573695,0.2401527913389628,,,,-0.4303603433638336,,,,,,,0.6330418556208909,,0.227621868714573,,,,-0.0676148796498905,,,,,-0.0947589671105054,-0.2094770034124123,,0.2115652612786344,,,,-0.4165880744334731,,,,,-0.2179652628961794,,-0.2414789210542559,0.0733296479022595,0.0170601973604441,-0.0782875156014977,,0.2365974423823602,,0.0516157015831706,-0.108851920312179,0.7358140971203582,-0.3555220679862056,0.1137414965986394,,-0.1665620797848498,,,,,-0.9362545575074578,0.4901919953354712,-0.6079642308229705,-0.0369160899653979,,,0.1887517943258979,,,,0.1077570798744886,,0.0052823906203705,0.0723675223091329,0.2255722963929025,,0.1482042135330626,0.1161170494561999,,,,,,,,0.2494607776460758,0.1289011315726316,0.1805613604582465,0.1034783617788513,1.1733492126505227,,,,,12.0903,-0.1202302024304497
2016-01-31,-0.0835316013391185,0.3390810618282386,,-0.0041720785610264,0.1325351730676749,-0.0942335909641534,-0.1681830790568654,0.2117930762631298,0.0,,0.0730194131304179,0.1786615413039342,0.7933601609657948,0.7528630111800366,0.1078420898454327,,0.2554073444225966,0.1154725921084878,-0.577423041574676,0.1857761914860414,,,-0.499368551442493,0.1001197438611999,-0.2429728094548683,,-0.8954505381595388,-0.0743613473770804,0.7509733998035006,-0.4175867917344502,-0.0500026423528753,0.1333758945911436,0.0,0.0,0.0,-0.5573294972172437,0.0,0.004,0.0,-0.3399581136068789,-0.3264264144945963,,0.5993447175993231,1.4789992246449442,0.2596599012616566,,,0.2408927607453323,-0.1079017748601993,,,,0.317441906653426,-0.0835316013391185,-0.1588643530094981,0.3676935585870449,0.2066029634428366,,,,-0.0732214482938857,,-1.7116838717294554,0.3729592927924716,0.000560090653848,-5.143435587180186,0.0603572531658601,-1.253243626936609,0.4316126542405056,0.087605560075693,1.1151630556533427,,0.2507035229580023,-2.058076225045372,0.4925901828959734,2.550215650030807,-0.8004323322782367,-12.229170892862316,-0.011156462585034,-0.4673470568942565,0.6056220785041941,,,2.3081632653061224,-0.0840451618118617,0.7028836592641697,-0.5696555745283411,-0.7498113734805086,1.2500540657439447,0.0,0.0,0.8308446637957452,0.0,0.4162373718758625,,0.4489739914135195,0.3576027575442247,0.6481989926210195,0.5788961110499063,0.2431444555033119,1.8163634172791905,0.897978794121325,0.6138194812344833,0.0,,,,0.0,27.434867141931303,0.0,0.5810776674504012,0.6395767438361709,0.3933008510656384,0.7467349105312374,-0.7313748842133122,0.0,0.6766683152900661,-0.049167032294949,,11.6631,-0.0844416950201051
2015-10-31,0.1104589775283746,0.1972804793731274,,0.8684089686569318,0.4007758245414909,0.0741403064271211,-0.4252704576976421,0.0129037493913325,0.0,,0.0340260881342508,0.1421074837097846,-0.0533199195171026,1.0000579276508827,0.4629814071304258,,0.5595498751129298,-0.7020668246058328,-0.9268992461007844,0.3035383464242414,,,-0.1694620832479842,0.0933488195208189,0.1683028959056324,,-1.060342367140873,-0.0743613473770804,0.4391761580728503,-0.4175867917344502,0.4926154008760177,0.7889623279219734,0.0,0.0,0.0,-0.3198283180831997,0.0,0.0,0.0,-0.3957971919291208,-0.3371859287406808,,0.6015579230585631,3.447568978233325,0.1844988114829036,,,0.29003555406638,-0.0686117189399465,,,,0.5440476663356505,0.1104589775283746,0.088425154902403,0.3779221248531936,0.2172902652334069,,,,0.0243162475712159,-1.0451807444140366,-0.1271617549677373,0.0598310401368788,-0.0089556763311175,-0.5234481370540947,0.0672552249562442,0.4611567187210666,0.3070520375913969,0.4322847636432661,0.5513089256568631,,0.1910020304206889,7.637023593466425,0.5446396298705993,-0.7091035120147874,-0.8807226125221956,-0.8612165647549772,-0.0163265306122449,0.983208895234053,-0.0349875136069667,,,-1.4653061224489796,-0.8202060485211033,0.243036128604574,0.7620673857815168,-0.797429090401006,0.7584450692041522,0.0,0.0,0.782561571587555,0.0,0.3325647456546224,,0.3752450829942191,0.3031022372528616,0.5745502772408538,0.5082119643053873,0.1918351237258468,-1.6520062658151584,0.8120890620577995,0.3142676098766971,0.0,,,,0.0,27.434867141931303,0.0,0.9191457940656392,0.3719882938291859,0.3145613406231892,0.3382123685045887,0.0051607780865422,4847000.0,1.431921012621128,0.6817349837572405,,12.4565,0.0006848156915793
2015-07-31,0.0206210457851272,0.2083988071542807,,0.7729497120216213,0.2092538272719192,0.0276526590571735,-0.2159500693481276,0.1764555846685371,0.0,,0.0002213771999359,0.1994534539668708,-0.0476861167002012,0.3922709402161456,0.3395137249495976,,0.3310357655311686,-0.6104484927701985,-0.8054004008586922,0.0614399065297156,,,-0.1627588898763393,0.1079313605575027,0.008090372682917,,0.0,0.2053383867318907,0.2011571631308904,-0.4175867917344502,0.2713167932405504,0.564474940718248,0.0,0.0,0.0,-0.2863644939156683,0.0,0.004,0.0,-0.5966995647534414,-0.1501970395307172,,0.6056154664005033,-0.1739064657047221,0.1841257999634302,,,0.2698944546825264,-0.0446997325553124,,,,0.4637457795431976,0.0206210457851272,0.0024525213935696,0.3834131357846237,0.2229738382385066,,,,0.0063479798955386,,0.8551232758576437,0.2814037213944536,-0.0083378443727489,-0.0195588600925849,,0.0236158261835689,0.3057204148543733,0.3124536430403308,0.1647598169424264,,0.1368574787162041,-1.0417422867513613,0.5804959155642304,-0.7877259190798932,1.1518567127306416,0.0264873793723012,0.0038095238095238,0.1745220226496633,0.158519562015752,,1.1402178359885924,-0.2333333333333333,0.4271958898080533,-0.1413987404706662,1.353296405814002,0.2015369568254855,0.1543252595155709,0.0,0.0,0.0247673424622183,0.0,0.1611462642353009,,0.0773794263884425,0.2543249219562955,-0.0572146112279018,0.0,0.1337989497889281,-0.3111218219062537,0.0753197006693475,0.2051178493149262,0.0,,,,0.0,0.0,0.0,0.0357927054388589,0.1976938700213849,0.1642626104918952,0.2420577784681847,-0.7247585020510785,0.0,1.2040263047022404,0.5471128661268664,,14.1878,-0.07493057415526
2015-04-30,-0.0409351867755005,0.2158017138427371,,0.7680429278020493,0.0561492755704156,0.0060344901127774,,0.1842581213624875,0.0,,-0.00507655044822,,0.0,,0.3381937862940051,,0.1626879948982303,-0.3293031615064128,-0.8041015101723828,0.0174016381307543,,,-0.1948571216590887,,-0.0715756478775978,,,,0.4434518394527127,,0.0353826593261067,0.2430873721821049,,,,-0.1134091123478917,,,,,,,0.2761516262720507,,0.1488535381239714,,,,-0.0911378555798687,,,,,-0.0409351867755005,0.0015334258028287,,0.2128157226687557,,,,-0.0241041432310308,,,,,-0.2221801262091093,,-1.0154928708104438,0.59704331076876,0.3111725812642206,-0.4191202355426121,,0.1020197342642396,,0.5669052266319671,-0.4574091189155884,0.4458426619315989,-0.2536296983220796,0.1493877551020408,,0.287481590574374,,,,,-1.0186012595293337,0.3725792345175128,-0.5051278468632109,-0.6892409169550173,,,-0.0131417235205883,,,,-0.0050442864519204,,-0.1830100032450583,-0.1068811281260328,0.100096097745135,,-0.0713839106483523,0.0609139165030592,,,,,,,,0.0852262790742863,0.0574089529997958,0.0980588562822585,0.0576593525142309,1.4472674341669975,,,,,12.6248,0.0395966668778911
2015-01-31,-0.0276031298657784,0.2098514529950344,,0.7270174886186221,0.1122142223863214,0.0,-0.180499306518724,0.3189417302385976,0.0,,-0.0068565056365247,0.1518250832090138,-0.0295774647887323,0.2571131377393608,0.6269605224613581,,0.2293750332146463,0.0997059063801976,-1.0882635221981436,0.0777011751807585,,,-0.2015828955666343,0.0709161176265019,-0.0392921427035077,,-0.4445762271115706,0.372218060023798,0.5141188457479713,-0.4175867917344502,-0.1314679358250202,0.1782100666316162,0.0,0.0,0.0,-0.0874681633808131,0.0,0.0,0.0,-0.8073358748544381,-0.1513682598393342,,0.2925770824744505,-0.4021256075190529,0.1390148107515085,,,0.1585785819325775,-0.0971918307804522,,,,-0.1278887785501489,-0.0276031298657784,0.2026065838920698,0.3518944800795013,0.1901624093227169,,,,-0.0317702000977195,0.4287561897548392,-0.3425133593762031,0.2026805446638625,-0.0150300615666659,-0.1791316907995216,0.8165602800370637,1.626837849515462,0.1441803218841592,0.5914341118654584,1.319398662271578,,0.1645353186335625,0.0399274047186932,0.5469529386250271,2.5921647155473404,-0.8762448853547441,-0.2536296983220796,0.0473469387755102,1.3988514395590967,0.0781456105526029,,0.6327560343651984,-8.193877551020408,1.275318189575418,1.1527212462711305,-0.4577068843446754,-0.0485119463462344,1.7487673010380622,0.0,0.0,0.8358510346607313,0.0,0.373180461529758,,0.4051352785912105,0.2789412070759625,0.6095291843616406,0.5274077338327642,0.1602258297010673,0.1858055187371972,0.8528817485964763,0.563045695825153,0.0,,,,0.0,66.3901490602722,0.0,1.0482093931562482,0.5908965537004467,0.3439115583129433,0.6931107548556521,0.2780203784570597,-8465000.0,1.2188272792218495,0.3254490580085889,,11.2335,0.1033293863620533
2014-10-31,0.0289715310607361,0.2282330099799562,,0.6429199302029625,0.3398357640527032,-0.0207928119295012,0.0676005547850208,-0.0150949521181626,0.0,,-0.031995880459062,0.2320697328763157,0.0541247484909456,0.4070097494755029,0.1780710974790205,,0.4754185045437636,-0.7244097704435912,-0.6465321653491235,0.171259488074136,,,-0.2076360920834254,0.1205353013125571,0.0187982928709879,,-0.5750600950103699,0.4015982841949084,0.2954404861540701,-0.4175867917344502,0.458106272323996,0.8123477719718023,0.0,0.0,0.0,0.4035232525233468,0.0,0.004,0.0,-0.936859583172828,-0.1518441527480783,,0.3195261136546097,0.5481949356077082,0.1890261473761199,,,0.2629325589620446,-0.0087527352297593,,,,-0.23040317775571,0.0289715310607361,-0.1099627082363443,0.3928087451440961,0.2265274837854329,,,,-0.044072251828453,,2.076188227322427,-0.3275468738860768,-0.0024078123985016,-0.1253803440559771,,0.2388371088204431,0.0822337884493027,0.1557660741059117,0.5243063334080071,,0.1503579952267303,0.0036297640653357,0.5463746114364202,-0.7445574039843911,-0.5187987338840423,0.031297997507752,0.0,0.9057678827516576,0.8401357495037459,,0.6327560343651984,1.617687074829932,0.2654289384099952,0.7148027842227378,0.0878763899879222,3.643426016487355,0.3524978373702422,0.0,0.0,-0.3258076482637377,0.0,0.2214903972255413,,0.1872668777780586,0.2659989594172737,0.759795138056069,0.6428026881128126,0.1526752925833133,-0.2494276418845644,-0.3203127570933072,0.2644494998286017,0.0,,,,0.0,66.3901490602722,0.0,-0.0784641392845345,0.2791670994988698,0.2167915094620307,0.3069672229286613,-13.516607119227206,0.0,0.1007308897070945,-0.6065352177593413,,10.0417,-0.0745889640200365
2014-07-31,-0.0357959392835321,0.2462793410016272,,0.65815195287388,0.0991318696596537,-0.0062904147685588,0.2779195561719834,-0.0851670647158392,0.0,,-0.0207640813430583,0.2439933708543711,0.0750503018108652,0.3076361236830904,0.1166681026312615,,0.1919195408407291,-0.6680418266481497,-0.5861083132395283,-0.0187300685422076,,,-0.2202328053251355,0.1685047948936695,-0.1080099972453488,,-0.4935592102342278,0.1736077446270915,0.1344747279938866,-0.4175867917344502,0.2239875902674372,0.5197158767797938,0.0,0.0,0.0,0.5231581926233374,0.0,0.004,0.0,-0.878990830156432,-0.1527968415881639,,0.3726864408618482,-0.4400234497626657,0.2019045529347229,,,0.1620409150983786,0.0043885241915876,,,,-0.4450605759682224,-0.0357959392835321,-0.1527186511612281,0.4204535188363899,0.2616835278077001,,,,-0.0584347457209843,0.4287561897548392,0.0503472667819944,-0.5087509802523704,-0.0022981039199128,-0.1318683920770041,,-0.7844083698537128,0.3084740576943804,0.0961716154506753,-0.0453643549780778,,0.1215046485947351,-0.2286751361161524,0.5443504662762958,-0.6004441363729719,1.7141974832085232,0.0356449416060509,-0.0119727891156462,0.0314085621129396,1.1005442786706794,,,0.7707482993197279,-0.4790762846595349,-0.0563341067285382,-0.4155595352130273,-0.0896464999301383,-0.5273572664359861,0.0,0.0,-0.4656118449702424,0.0,0.1220597235484407,,-0.094104648181782,0.2380658168574401,-0.5210265671515443,-0.3682185744188608,0.1102206816075779,-0.1525484998192553,-0.465581582082283,0.1290942898397166,0.0,,,,0.0,0.0,0.0,-0.3743271865223558,0.0732774770837736,0.1279927913734502,0.1454365497225034,0.0922323673415376,0.0,0.0417101720063746,-0.6636530032485519,,8.2465,0.222421633420239
2014-04-30,-0.0556349409701007,0.2623981227346058,,0.726532058094226,0.0,0.0100365119175581,,0.0344795603682148,0.0,,-0.0075295748251498,,0.0714285714285714,,0.3409232677959092,,0.074865812828825,-0.4031124908095744,-0.806787466891853,-0.0257683489450582,,,-0.2268182573310129,,-0.0741642652565536,,,,0.5109530220879881,,0.0248256824264881,0.2026577538385605,,,,0.5265540986699367,,,,,,,0.2708138954585892,,0.1213165112452002,,,,0.0111597374179431,,,,,-0.0556349409701007,0.0034340098964757,,0.1692454294129611,,,,-0.0597982736221739,,,,,-0.1354202431834057,,-1.1073884328127894,0.6256784148474197,0.3138216698456287,-0.3520177937081959,,0.0123962526270794,,0.5431938118990819,-0.2552500513452454,0.6146838570215394,-0.3926159909583562,0.1771428571428571,,1.0516232310943203,,,,,-0.5142724560822008,-0.4460455624505435,-0.0817102137767221,-0.921150519031142,,,-0.5144626699569361,,,,-0.1363582201648691,,-0.5619086586621894,-0.4271102787264514,0.0051995744242715,,-0.5132586103633695,0.0279688782241058,,,,,,,,-0.4457960087830092,-0.0190909449115052,0.0822021447364133,0.0158485241629821,0.0488289003572846,,,,,8.846,-0.0830544879041374
2014-01-31,-0.025868695429371,0.2675382541711188,,0.677844688471681,0.0575874227081381,0.0281858354233846,0.0965603328710124,0.2512463190112922,0.0,,0.0115453022314409,0.311090031187869,0.0577464788732394,0.4752031875319547,0.6553443730291386,,0.1273210394855715,0.0713585491381423,-1.1161947589930374,-0.1007566451530295,,,-0.2377682043473983,-0.0766797545507806,0.0088262041536114,,-0.2927816220261691,-0.599656251377198,0.6230668461846367,-0.4175867917344502,-0.0923953084247535,0.2464833313662163,0.0,0.0,0.0,0.4337326667295538,0.0,0.004,0.0,-0.7125256255285611,-0.1746373461249494,,0.4737344587410766,0.414833865995953,0.0866600841104406,,,0.5102101599002252,0.0783369803063457,,,,-0.021974180734856,-0.025868695429371,0.2463728120485512,0.2401300930526696,0.0819918494022644,,,,-0.0723730309331454,0.3159865379531115,-0.1929499453305066,-0.3290261638269052,-0.0038571191419642,-0.0530172975148881,,0.8169742608480958,0.4009053643883054,0.6189819572650502,0.935913847729382,,0.0974601930680725,-18.56987295825771,0.4853610930383865,3.116579379749435,-1.096116729715124,0.0331526936563595,0.1417687074829932,1.5484729805336368,0.8963309214317731,,-0.2954719285659229,-3.543537414965986,0.6860769044218695,1.361100430891614,-1.7681062846195494,2.7844068743887105,0.8850670415224914,0.0,0.0,-0.322194803309624,0.0,0.3421786632060221,,0.1531376039458813,0.2177094172736732,0.1813507908066086,0.1738900517792222,0.0855441534818272,-0.5453669116761055,-0.3085448765623046,0.6177901046049009,0.0,,,,0.0,32.59753726506805,0.0,-0.1249052717486349,0.5477026460674359,0.3059075884678977,0.7904761495429704,-6.779277491067884,0.0,0.1277499954204905,-0.5803872557492278,,10.2484,-0.0317805706256585
2013-10-31,0.0768472712221849,0.1322187070055242,,1.061807113525144,0.3296980802672993,0.0564772397672791,0.4013592233009708,-0.1951909476661951,0.0,,0.0235553590813808,0.2715137008777276,0.1104627766599597,0.302226184809355,0.432543552806162,,0.4540973587713238,-0.8478882444244751,-0.8969467590472993,0.037828256355059,,,-0.2414197995816149,-0.0952092177077016,0.2230386946727059,,-0.0954480011670165,-0.6827670295124352,0.3573377970233979,-0.4175867917344502,0.6143967819250629,1.047758023154755,0.0,0.0,0.0,0.7008301103669465,0.0,0.004,0.0,-0.6506471137795606,-0.1803841819337687,,0.3253412025082995,-0.0200457648593959,0.0509957944779667,,,0.1720928500958656,0.0347191830780452,,,,0.1083138033763654,0.0768472712221849,0.0742619638409076,0.23489023398681,0.0684119140345458,,,,-0.0625253294245533,0.9575916941171426,2.22725056081147,-0.0204961859271405,-0.0020498163104749,-0.107526372494465,,0.1311770878340843,0.369280193589436,0.4027434121899885,0.3444810701827375,,0.0032771702347451,-2.312159709618874,0.484493602255476,-0.5242734647771616,-0.8571759437968038,0.0762164198568406,0.1997278911564625,0.474266715541579,1.6028686687584044,,-0.1247961863879188,-1.2578231292517006,0.1870963685520016,0.3576798143851508,-2.8852609220773813,2.0531507614922453,-0.2125432525951557,0.0,0.0,-0.0855018467444073,0.0,0.2290334138493213,,0.1273384438177701,0.1317312695109261,0.2512521692509559,0.2093202599977966,0.0109654391323746,-0.3116038076876732,-0.0734636926661357,0.2913181048542075,0.0,,,,0.0,25.03694102397926,0.0,0.0286419369255581,0.283487063391709,0.1972624787304429,0.3551341616989087,-5.107185391028186,0.0,0.3914015130699199,-0.3252363288261338,,11.6298,-0.0413162737106398
2013-07-31,0.0346119625294586,0.1386718067981031,,1.1090775508062083,0.1679578082728787,0.0681687311255566,0.5376699029126214,-0.1912259141605027,0.0,,0.0240874893694256,0.3012180089951219,0.1148893360160965,0.264014083974945,0.4011958713145969,,0.2583754052186852,-0.7784494730822645,-0.8660989530873241,-0.0205586610061659,,,-0.2264585816520242,-0.1885554676177652,0.1980317451532605,,-0.0275136839034166,-0.0158594450075654,0.115134092645828,-0.4175867917344502,0.4346421787909215,0.719921887573901,0.0,0.0,0.0,0.7223846806905009,0.0,0.004,0.0,-0.6479054589570908,-0.1817576793041669,,0.0996593399440189,0.4606743697876284,-0.0076913512525141,,,0.1808789858714469,0.0674568441526866,,,,0.451416087388282,0.0346119625294586,0.1886137734753332,0.1777938386484777,0.0,,,,-0.0219527992091538,1.0438231069889743,0.5573721683512399,-0.0054002994225422,0.0177958700531941,-0.0174514284361199,,-0.450058638355657,0.5013542220785135,0.3723190312095748,-0.0836560309789739,,-0.0719908809176076,-76.09800362976407,0.4813128027181378,-1.3081741630724997,0.8871303945032039,0.0326310603645637,1.262857142857143,-0.269082116283706,1.7357238906320036,,-0.1877516171683693,-0.0482993197278911,-0.23580609522783,-0.2186675505469009,-0.2488026321269418,-0.0482883889898001,-0.8472642733564014,0.0,0.0,-0.2375252012064321,0.0,0.0960020297572005,,-0.0654060163135906,0.0624674817898022,-0.324878310312231,-0.2651889390767875,-0.0849950235096269,-0.0084347511748403,-0.2368318864807587,0.1279973407294296,0.0,,,,0.0,0.0,0.0,-0.222917435827682,0.0972314261253935,0.0745514797661163,0.1669756101454623,0.1713642980018526,0.0,0.2941510505394662,-0.4193512646306711,,14.617,-0.1053978244509818
2013-04-30,-0.0449587367911273,-0.0492502811009379,,0.8810301622912321,-0.0975478565681843,0.0718497807578782,,-0.1129686739165719,0.0,,0.0272582708790668,,-0.3639839034205231,,0.5321110402701911,,-0.0542780464473614,-0.4906461890368433,-0.9949265261965564,-0.0250321104037708,,,-0.2354230544045754,,0.1510190322495437,,,0.6112673159696208,0.2830319129580437,,0.0598259777482801,0.020654728055022,,,,0.8261013111970569,,,,,,,0.2551912686874824,,-0.1183733772170415,,,,0.0816921954777534,,,,,-0.0449587367911273,0.4078288706402952,,-0.1348577411846238,,,,0.0012877763511235,,,,,-0.6955234836555652,,-1.5358805012036294,0.9392390627879244,0.4993782836615287,-0.6267641693602586,,0.1242474975955544,,,0.1129210310125282,-0.516405465915232,-3.2298953835453674,2.606530612244898,,0.3676762502401229,,,,,-1.6231488233344382,-0.0960393153138145,-0.0444879139304177,-1.00373053633218,,,-0.0496443605748294,,,,0.0,,-0.1398591926859206,-0.0661452021593037,0.1275182757318873,,-0.0210610837243893,0.0212475718574381,,,,,,,,0.0172162524532188,0.0286908646733698,0.0843103279726729,0.0050028581620943,-0.3132195315601429,,,,,14.3752,-0.0606739384495519
2013-01-31,0.0176955954938492,-0.0435235042287358,,0.7150129229477441,0.073268012735921,0.0868448328811997,0.0999445214979195,0.0252625965172629,0.0,,0.0,0.1616971054017609,-0.3539235412474849,-0.8665623968950779,0.9661537401133836,,0.1815911144178136,0.0412956457805734,-1.4220479063442162,0.1699310576626827,,,-0.1496041148187992,-0.4050348953140578,0.283335366827711,,0.1397121781983547,0.7150617719213198,0.1216112950765983,-0.4175867917344502,0.034782689790881,0.1016427214884279,0.0,0.0,0.0,0.8379398169983964,0.0,0.004,0.0,-0.7720096170450168,-0.1740910174536207,,0.0,0.902513285046994,-0.1420486377765588,,,0.0037043241935183,-0.0863116946267931,,,,1.6958252234359483,0.0176955954938492,0.7312545294854504,0.0,-0.158654172096632,,,,0.1424280644342684,-1.4567020843307206,0.1977547008064392,-1.7608005988450846,0.0013107276126135,-3.688881522086594,,-0.4201469045120671,1.0628887521338994,0.9206368850464468,1.960708227989887,,-0.0627293128628931,0.043557168784029,5.948528880213981,2.1293258369275003,0.2566200880104995,-10.02341553887617,2.4133333333333336,2.112090752995196,-0.2231926746494205,,0.7037750727799881,0.2619047619047619,-0.2140425570136437,1.689877361617501,2.503102744575403,3.8753667737879,2.742722750865052,0.0,0.0,1.1925549587909872,0.0,0.5657262467835035,,0.7082438156037075,0.0714750260145681,1.6999252225686754,1.319228820094745,-0.0718845454233448,0.1347150259067357,1.2181730826186823,0.5348275109850728,0.0,,,,0.0,45.19637070641608,0.0,1.1625828264967064,0.6556601914969069,0.4672686134303173,0.5979532980611776,-8.861320629879582,0.0,1.750801414152516,0.913432518314653,,14.9369,0.002965809505319
2012-10-31,0.0719529844379559,-0.0345003387179003,,0.6165361252148358,0.1067624823650341,0.1533681817406288,0.3023855755894591,1.8479606742875687,0.0,,-0.0207991441914954,0.2400114714000899,-0.3523138832997988,0.1229627726692306,1.0887184877569658,,0.201774990699899,0.5618821991667348,-1.5426582153988069,,,,0.0,-0.3345633203482336,0.3538393422044001,,0.533282170650802,1.1043732463678697,0.14182526108948,-0.4175867917344502,0.4972130948791201,0.2965106921748087,0.0,0.0,0.0,0.8351570606546552,0.0,0.004,0.0,-0.8791714818307808,-0.0652975640062416,,0.0294009156595135,0.2910796346375688,-0.1112890839275918,,,0.1321829452169542,0.0,,,,0.8148877855014895,0.0719529844379559,0.5241364580983601,0.0668533742885536,-0.1070067268796468,,,,0.1603357308698929,0.3761941850245446,0.7463592170712552,0.5182326940899693,-0.0004099632620949,-6.427832305269763,,-1.850058638355657,1.5892587068309116,1.0395916657398758,0.931929465228662,,-0.0170626580700317,-0.337568058076225,85.29444082989951,-0.02021719038817,-0.3821508530842276,0.0346596342771031,0.3880272108843537,0.97905452768185,-0.21335723890632,,1.587759917940934,0.6299319727891156,-1.2544348935176453,0.6171826317533974,1.926367081754196,-1.580997624703088,1.3481617647058823,0.0,0.0,1.0629570490798534,0.0,0.3209210709026419,,0.4169786998956479,0.1112447970863683,0.7620074213073352,0.6031067533325989,-0.0086316367505233,0.7979274611398963,1.0678495975358533,0.2675176332491923,0.0,,,,0.0,0.0,0.0,1.2516176670617725,0.3595255920249025,0.2699494631075018,0.2884637701092118,0.6141325922985311,0.0,1.4453847703833966,0.6268153998200666,,15.2597,-0.0958341251793941
2012-07-31,0.174547174645722,-0.028270722900822,,0.8480602458640008,-0.0051303790919388,0.3611395471839757,0.6562274618585299,-0.2303777216129107,0.0,,0.1495244858995786,0.3340990125220259,-0.3617706237424547,0.0166277543968346,1.610469905054021,,0.0486581282882499,-0.8620619230455028,-2.056089694675905,0.1673582240645969,,,-0.0835350796689693,-0.3147953048072278,0.5407669502238311,,1.767953978955647,-0.6467468746786538,0.0102798297005203,-0.4175867917344502,0.4375425496529191,0.0736434940289059,0.0,0.0,0.0,0.8090746156023016,0.0,0.004,0.0,-0.0016258650691391,-0.0897875368433219,,-0.1877752945516089,0.2364643809451767,-0.1154755896873285,,,0.2123005900858137,0.1036955993192317,,,,0.0308718967229394,0.174547174645722,0.9018271524354832,0.0807661035323877,-0.0925190770690992,,,,0.0948863916127883,0.3280337837355036,-0.1744701165769197,0.4475475867968917,0.0003060289139582,0.098812497780093,,-0.1954941053021418,1.649637193648542,1.5459756514642318,-0.1450539251768169,,0.0,-3.7422867513611617,-0.2418853466348586,-1.0260705483672212,-0.0883193082683548,0.035181267568899,0.0560544217687074,-1.0231062579180574,-0.1980918230133828,,,-0.9061224489795918,-0.0505869778053227,-0.3848856479946967,0.1440173253925284,-1.5109123934609474,-0.1138408304498269,0.0,0.0,0.1609070821438364,0.0,0.0644585056941203,,0.0467779033533492,0.1287395941727367,0.0428121957757805,0.0457507987220447,0.0078079417922229,-0.7275575370526569,0.1892733267956219,0.0947498104230941,0.0,,,,0.0,0.0,0.0,0.0734896916231078,0.1149511586171817,0.0671728384392076,0.1210436251933327,-0.223501389440254,0.0,0.7200820648092177,-0.4294027185016774,,14.1658,0.0627708989255812
2012-04-30,0.1306020683693782,-0.0038550985773848,,0.6068537542147178,-0.1294514756392461,0.3527334885942911,,-0.1663111275998794,0.0,,0.1520400733982294,,-0.341851106639839,,1.670318611824307,,-0.1311075091672424,-0.5989706723306919,-2.11498404365358,0.0,,,-0.1061172284650235,,0.4319871600552942,,,-0.6162854582580465,-0.0393908518612859,,0.1722969507247818,-0.1291161922338222,,,,0.8670644278841618,,,,,,,-0.152537591945668,,-0.0802925580544889,,,,0.263019693654267,,,,,0.1306020683693782,0.9497209117044304,,-0.0410072240510429,,,,0.0174683074452411,,,,,0.19303126812924,,-0.056440960434541,1.6708527600749603,1.6040616013439442,-0.2158287195570774,,0.0315249528016243,,-0.2592351622930673,0.2505262887656603,0.3951208214313286,-0.2019880024342887,0.7069387755102041,,-0.1676634436831657,,,,,-0.943705667882002,2.5710715921869145,0.0902053933212239,-0.2223399653979239,,,0.1520556120062579,,,,0.0326921757592608,,-0.0107002271540838,0.011766001983034,0.0381816933795517,,0.129565154436978,0.0680723404697352,,,,,,,,0.169208946233216,0.0854536141190461,0.0707714845548659,0.0800629225459562,0.7954214635437343,,,,,12.1891,0.0172203033858118
2012-01-31,0.1547813796074434,0.0038550985773848,,0.605764815470802,0.071182585428447,0.2954916739178652,0.8643828016643551,-0.3007048948454564,0.0,,0.1501556171714456,0.4786607140395046,-0.3569416498993963,-0.0166277543968346,1.691348026123068,,0.1005447201998193,0.135364757781227,-2.135678119287679,0.1235280230794777,,,-0.1852555552150554,-0.2445087418157897,0.4665863331568176,,1.711784964513817,-0.4175341177853187,0.012244823696372,-0.4175867917344502,0.1776997851922545,0.1387085698344402,0.0,0.0,0.0,0.8228940665974908,0.0,0.004,0.0,0.0113350070179633,-0.0961357857019014,,-0.159133812137913,-0.2096862648688515,-0.0702826842201499,,,0.5605442936654195,0.2733527838560661,,,,-0.1906494538232373,0.1547813796074434,1.0049482378801768,0.1483422170024392,-0.0220657471506805,,,,0.0174683074452411,0.5297358323389235,,0.6779247166179511,-0.0009411832636828,0.0074825663308194,,4.207036602678847,0.4913027303481341,1.6244716247325195,1.981670240343073,,0.1077191607594485,-0.1052631578947368,-0.3185136991252801,2.7007470733210104,0.2385547749556087,0.1625177500217347,0.047891156462585,-0.6784352310947337,-0.7147595568931293,,,0.7517006802721088,0.0505869778053227,2.560994365263507,-0.431385614926492,2.194662568115132,2.978579152249135,0.0,0.0,0.4081159981290624,0.0,0.2866346317036417,,0.3319877088395975,0.2270746618106139,0.7132130310255795,0.5958796959347802,0.1115935065380787,1.1280877214122182,0.4325025174576639,0.533261865436754,0.0,,,,0.0,0.0,0.0,0.4901385461399452,0.5491641263893914,0.2926124328972926,0.6713310070984344,-5.529575228265185,0.0,0.6623985638658387,-0.0629767017226631,,9.4778,0.3082149866002657
2011-10-31,0.1263786078911135,0.011006585793403,,0.4473307881030162,0.0574142068880638,0.2589061780211905,0.7828294036061026,1.1912259141605026,0.0,,0.1314664314476625,0.4880363775745158,-0.3484909456740442,-0.0490168670207809,0.5221477435252356,,0.0770234362544507,0.0738093293031615,-0.9851221058985916,,,,-0.197578076235115,-0.2186635968383509,0.3638881586477807,0.0,1.3700457292902128,0.4701834794999486,0.0273097776645682,-0.4175867917344502,0.7786796318114417,0.3485337825513149,0.0,0.0,0.0,0.8350391472502594,0.0,0.004,0.0,0.0016258650691391,-0.1269857466913252,,-0.2098856510512726,-0.4450916242742865,-0.0098738343390016,,,0.6469164758660486,0.3075249209822513,,,,-0.6642303872889772,0.1263786078911135,0.3720825314244302,0.2338061252145632,0.0670559920452576,,,,-0.0209225781282549,1.361638882735854,0.0707161446970591,2.096118200613103,-0.0007795076110257,-0.4125119874974841,,-0.0924017035985433,0.522646278583821,0.4897084413776264,-0.0220661183473613,,0.1208278416984291,-0.3992740471869328,-0.2939347936094845,-1.1010474430067776,-0.5746931212846444,-0.8430173587967659,-0.0065306122448979,2.705174952893588,-0.0028686687584043,,,0.0482993197278911,3.1526591396980232,-0.5254888962545575,-0.4395485402523843,-0.1478831912812631,-0.0300389273356401,0.0,0.0,0.4360639344526701,0.0,0.0918876570533205,,0.163778629123984,0.2153030697190426,0.2865132553578735,0.2659380852704638,0.1242234958986855,-0.3993252199060128,0.4708205266587248,0.2123510652663945,0.0,,,,0.0,26.86973428386261,0.0,0.5298952645590036,0.2469801446435671,0.1295909302783567,0.2677720273425724,-0.2404393277755723,0.0,0.8746496675276144,0.1424310513696657,,8.7697,0.0370252118088418
2011-07-31,0.0954417598878248,0.0167892336594802,,0.8112856037050157,-0.00730241430945,0.2423190612683625,1.1181969486823855,1.2058919006654765,0.0,,0.1104960980549744,0.5814951977299864,-0.3169014084507042,-0.1027233551695391,0.5532162734995606,,-0.0134718605516288,0.128175802630504,-1.01569521173953,,,,-0.1791442944630913,-0.0815029139385965,0.3001160978542651,0.0,1.0495855188466832,0.7482496731450061,-0.1475019104108293,-0.4175867917344502,0.4631236341367122,0.1590360411592399,0.0,0.0,0.0,0.9180030185831526,0.0,0.004,0.0,-0.2027088895678085,-0.118037695775299,,-0.0643999392453403,-1.27770948769833,0.0,,,0.7373094320656727,0.3763554583029418,,,,-0.8587090367428004,0.0954417598878248,0.4504960236517131,0.2446472129370313,0.0784570361051894,,,,-0.0029543104525776,0.4444190383639754,-0.2925767554553994,0.5144899123119697,-0.0001270308699449,-0.0522122112641038,,-1.034985494722548,0.8194590760693835,0.5198618928440324,-0.6836176272922201,,0.1386385494959569,-0.7368421052631579,-0.2838140678088628,-1.5627438899157935,0.1605033582953756,0.035181267568899,-0.0087074829931972,-1.172843555264021,-0.0857014791573285,,,-0.1136054421768707,-0.6613941957910053,-1.378017898574743,-0.4220565574111865,-0.0449350286432862,-0.8891652249134948,0.0,0.0,-0.2356671666586022,0.0,-0.0630870481261603,,-0.1139134924732891,0.2553004682622268,-0.3425878634818065,-0.2208835518343065,0.1413838075299447,0.127485239185444,-0.2386484049519873,0.0424486064798944,0.0,,,,0.0,0.0,0.0,-0.2202358976351942,0.0232833874821344,-0.0007990694524532,0.0732156134856131,0.2459970887918486,0.0,0.2955249033723507,-0.4180217072403263,,8.6356,-0.1593599123417758
2011-04-30,0.0713933759245858,0.021230977672554,,0.7369884939845974,-0.0839754854031484,0.2417613587893057,,1.1229276323416886,0.0,,0.1121426769178518,,-0.3084507042253521,,0.8474247410955835,,-0.1185497156826274,,-1.3052121804067596,,,,-0.1852716841692701,,0.2332019737893056,,,0.8165998266566774,-0.1487027400749608,,0.0320968158093526,-0.0147265528600092,,,,0.9387793604376946,,,,,,,-0.0724499316510078,,0.0278427500457121,,,,0.4481278871869681,,,,,0.0713933759245858,0.6693151657971654,,0.0904475295854645,,,,-0.0012877763511235,,,,,-0.0421486331292992,,-2.3627553854700327,1.4902249156001517,0.8054048765640117,-0.6308045572374948,,0.1102839026822926,,-0.2864165401575941,-0.1476432532347504,0.5943024781903806,-0.0907641927724809,0.025578231292517,,1.0065441506051098,,,,,-1.3899370235333113,-0.5596601557619424,-0.1324577336872991,-1.2789035467128027,,,-0.0784567990838857,,,,-0.1149967322267437,,-0.2746165893025946,-0.1748242811501597,0.11406459141298,,-0.1188240017375394,-0.0826102402692511,,,,,,,,-0.083127683967122,-0.0714850144536105,-0.0540873677603811,-0.0884894352382221,1.0614000264655286,,,,,10.3326,-0.1338889268392649
2011-01-31,0.1049417303236015,0.021230977672554,,0.3181537896380262,0.0597321080593218,0.2253469911791302,1.1851040221914009,-0.3467201521088877,0.0,,0.1092248979224231,0.6466174536249348,-0.3563380281690141,0.0248887411314025,1.5123050678062482,,0.0538741563479832,0.1066906298505024,-1.95949021084082,0.1362001288417447,,,-0.194381317509754,-0.0651422022592017,0.3243532544505225,,1.0449935623814748,0.0713880686909641,-0.0530548378879953,-0.4175867917344502,-0.062343984605963,0.052548847090634,0.0,0.0,0.0,0.8090510329214226,0.0,0.004,0.0,-0.1942253452528016,-0.1185027524128763,,0.0379065680126716,-0.7050814122808676,-0.0084446882428231,,,0.9122131010219467,0.4257962557743739,,,,-0.9630665342601789,0.1049417303236015,0.980113459111045,0.258379257385491,0.0927318814924181,,,,-0.0012877763511235,-0.6046774182023451,,-1.5539138803735653,0.0001270308699449,-2.687306868096089,,0.4734028763656564,1.3622152917574986,1.4507021171803596,1.7070918808205588,,0.1019841128486446,-119.63702359346642,27.78471770404106,1.615745019511193,0.4568053732726009,-1.3448865447590344,2.228299319727891,-1.1992745934057454,-0.3253121598258308,,-0.0842172667927593,0.8877551020408163,-1.627468944517798,1.8336095459065296,-0.3894048561076173,0.3951376274975548,2.4430687716262978,0.0,0.0,1.1117046499250012,0.0,0.1488031461236609,,0.3525475993601664,0.2218392299687825,0.8451712120998349,0.6974991737358158,0.1060678861928132,1.6124834317387635,1.141207984783367,0.2677519814682082,0.0,,,,0.0,0.0,0.0,1.219788974603113,0.3677127474755435,0.1372415952486537,0.3463220580731874,0.1390763530501521,0.0,0.4540858383249986,-0.2645730569626704,,9.4291,-0.0587330710248062
2010-10-31,0.1254438153052576,-0.9217037859582224,,0.342832027918815,0.0116715554552727,0.2788917609322482,1.155977808599168,1.1611171655807266,0.0,,0.1325884425976483,0.6263549901969165,-0.3718309859154929,-0.2372464720801315,1.3854186411179843,,0.0,0.2231435340249979,-1.8346271369804013,,,,-0.1660733899674679,-0.0620252644129467,0.3414434120442404,,1.205451996930239,-0.6737179204677332,0.0128998216949892,-0.4175867917344502,0.2743259668680036,0.206955010246891,0.0,0.0,0.0,0.7778983114800491,0.0,0.004,0.0,-0.2092583983103755,-0.1264963084436225,,0.0057065983900015,0.0200457648593959,0.0142856098006948,,,0.8633681428119357,0.4159251154874787,,,,-0.8612512413108242,0.1254438153052576,0.7396127799881933,0.2751829433553166,0.1101347635799353,,,,0.0196196514671181,,-0.0990108158331066,1.3122727596777644,,-0.0193457490262008,,2.55270662304796,0.6485906702964686,1.3275529462330344,0.4928473133420808,,0.1477932533038863,0.6932849364791288,-0.2629942890190125,-0.5512682275621278,0.2693584497799737,0.0334424899295795,0.0326530612244898,-0.1765927755162412,-0.1428699494141,,,,,0.6698309579052039,-0.3859064595393778,-0.1336872991476875,0.7249783737024221,0.0,0.0,0.2613828809212755,0.0,0.0877732843494405,,0.1758459199774686,0.2608285639958376,0.6260084371516853,0.53770188388234,0.1502042077084119,-11.269550548258826,0.5796800031591626,0.0651122399160667,0.0,,,,0.0,0.0,0.0,0.7513359112371996,0.1318971662326404,0.101663169557154,0.062301179674937,-6.012041815535265,0.0,-0.0647725815610631,0.776257650494817,,10.0604,-0.0744583665894164
2010-07-31,0.0836167744587635,,,0.827436008449115,-0.0706674962792786,0.2540521403832045,,1.337793029888469,0.0,,0.1254321839823283,,-0.3780684104627766,,0.6780555890613961,,-0.0965509911250465,,-1.1385438180603458,,,,-0.1747572189166826,,0.0581973512582718,,,-0.6490385321640004,0.0392271023616316,,0.0865075244883938,-0.0697378727239562,,,,0.6010046222054524,,,,,,,-0.016533946666088,,0.2567650393124885,,,,0.4184658400194505,,,,,0.0836167744587635,0.2521033610581838,,0.1191177467589698,,,,0.1962722662212475,,,,,-3.314398020434983,,-1.3355471884451575,1.0300536473598754,0.6410242473553015,0.0968893013729318,,0.1234638264524632,,-0.0516157015831706,-0.1807352639145615,-0.1260711804215239,-6.948387283739531,0.1619047619047619,,-0.2901965806492924,,,,,-0.352840570102751,0.0447294989796343,3.3239625541427973,0.2520328719723183,,,-0.1538878405187013,,,,-0.0863017111577305,,-0.2120518644976508,-0.122710146524182,0.1267632220201119,,-0.1217725534589539,-0.0125318125629758,,,,,,,,-0.2138623865689913,-0.0113923823920277,-0.0077810096327539,-0.0050028581620943,-0.4264919941775837,,,,,7.8422,0.2443163055350929
2010-04-30,0.1719483386314298,-0.960813481670822,,0.7629131079361331,-0.0772314641978854,0.3909366415860504,1.439084604715673,-0.5105966100122893,0.0,,0.1350641547000373,0.6197037841832557,-0.3682092555331992,1.4481257886345948,1.0561714886357765,,-0.115613540947016,2.997998529531901,-1.3923904675667336,-0.2486805725054917,,-0.0208428148332706,0.0067757736656112,-0.0260224481195588,0.16284013338046,,1.37687023917497,-0.611138042983268,0.0,-0.4175867917344502,0.0160219843759228,-0.077527655876136,0.0,0.0,0.0,0.6435949438732195,0.0,0.004,0.0,-0.1257548184849169,-0.1098463777957579,,-0.0314622344695901,0.709014920857051,0.3186322910952642,,,0.6509372498650434,0.4706661804035983,,,,-1.0605283018867924,0.1719483386314298,0.5231309723215443,0.3212575661758063,0.158192781975277,,,,0.4123762882497983,,,0.8202038924930491,,-2.429845020896724,,-1.940509845071292,1.581898275148721,1.008003291291874,-0.5163055653342721,,0.1894346881345064,0.6932849364791288,-0.4379382635726162,0.238164920928322,-0.1969427931753261,-5.166487958964848,-0.6682993197278911,,-0.3206761862073382,,,,,-1.5390520384487902,1.0629294906501188,3.038591588654464,-0.563840830449827,0.0,0.0,-0.4619344849276625,0.0,-0.0253719650072601,,-0.0547938775289134,0.3016714360041623,-0.1051511773918196,-0.022915060041864,0.190325016302296,-0.4957223761899024,-0.4522867729812622,0.0125318125629758,0.0,,,,0.0,0.0,0.0,-0.561801682762373,0.0,0.0820718000739564,-0.0069062528973044,-4.8581447664417095,0.0,0.4086204685754062,-0.5954023905441879,,10.372,-0.0904261473197068
2010-01-31,0.2866561174009387,-0.7900437888914497,,0.3891184844071844,0.1297112993693576,0.4678846547576393,,1.0360794861687574,-0.0116754232340922,,0.1450577540114304,0.6670674303236535,-0.4090543259557344,1.6651781778983346,1.6031740561404717,,0.1099883084444916,0.6008087574544564,-1.9471694017980987,-0.2681468795889868,,-0.0238883717319734,0.1065365812746067,0.0272944054434634,0.3150704574356084,,,-0.6622596330410001,-0.0889887558676904,,0.0161370044422614,0.0032081889290657,,,,0.5441231959249128,,0.004,,,-0.0031885727908455,,-0.0440471282574261,,0.3799700127994149,,,,0.5423292000972526,,,,,0.2866561174009387,0.893579289392725,0.3848586141476194,0.2245990614006674,,,,0.4123762882497983,,,,,-0.5034867338361176,,2.2577248318005063,0.9513523098265414,1.5388946912030692,1.6114506992671296,,0.238984077227229,,-0.4489264801561483,1.4870224892174984,2.3090403767467,0.0346596342771031,0.0103401360544217,,-0.2671960043542293,,,,,1.6919854159761352,1.8539002956978048,1.883694285315076,2.289273356401384,0.0,0.0,0.5980871276269738,0.0,0.3798937463249223,,0.4497394808392941,0.3469042663891779,0.8099778489495887,0.7039153905475377,0.2380650032604592,,0.6189062715958378,0.3966850530295948,0.0,,,,0.0,0.0,0.0,0.7498591220877135,0.4477904065279454,0.4126882028162947,0.4174746372651533,-4.775307661770544,0.0,-0.0647725815610631,-0.1309614029489583,,9.8067,0.0805017288757743
2009-10-31,0.2569229556339555,-0.7957146947697766,,0.380656249590008,0.1592765048694157,0.4090091876951425,,-0.3591949358870313,-0.0116754232340922,,0.1192638726847348,0.7320904144870547,-0.4181086519114688,1.7323742529221982,0.9781607016697396,,0.14198597013339,2.820112735887591,-1.204590544211458,-0.1176781277133791,,-0.0003471246249395,0.0785786520387804,0.1179040198990657,0.2237795574696957,,,-0.6784187563351108,0.1263964193442742,,0.3237721607918354,0.2202276848464039,,,,0.5356334308084143,,-0.01,,,0.0349352352193261,,-0.0068782953978345,,0.4243481440848418,,,,0.5536348164356917,,,,,0.2569229556339555,0.4550723037862899,0.4353040021682175,0.277097724310928,,,,0.3853481351862162,,0.1183941028813133,,,-0.5296046789718575,,0.1712239985186099,0.9084483292132997,0.9322901989575904,0.1987070758792844,,0.1649271542051081,,-0.4810236391238343,-0.7054323269665229,1.436655601019069,0.0336163676935114,0.3480272108843537,-0.1654930256786217,0.0432861625152077,,,,,-0.0261054027179317,0.6955978509849652,0.036104513064133,0.2488538062283737,0.0,0.0,0.2693182368026322,0.0,0.143790468712767,,0.1318627751880323,0.2792989073881373,0.1415522666027061,0.1591539054753773,0.1491745890105364,,0.301239313145407,0.0960395566497346,0.0,,,,0.0,0.0,0.0,-0.2339544915764724,0.1282506295469769,0.1525089222338241,0.0859671302149178,-0.2510255392351462,0.0,-0.0647725815610631,0.6447023785781714,,10.7361,-0.1404465837678835
2009-07-31,0.1966724762711912,-0.7969717921319673,,0.4001653087731727,0.0860107712890219,0.3520147668526386,,-0.361049922322443,-0.0116754232340922,,0.0962042060292974,0.7423484934135963,-0.4148893360160965,1.7571672874999684,0.9356331742284564,,0.0784397087739809,2.747038640633935,-1.0778418744722196,-0.0175096731340954,,0.0153245036180464,0.0479400906124647,0.1895370589263138,0.1105633953402371,,,-0.687526625828155,0.021141879844256,,0.0980965733346182,-0.0319209433577613,,,,0.5141496085274974,,0.004,,,0.0340845879327284,,-0.0358886453880703,,0.4308063631376851,,,,0.4535740335521517,,,,,0.1966724762711912,0.4235998790537394,0.4426777486674496,0.2847568003254213,,,,0.3738945008162229,,0.4392655294727602,,,0.0577530989900903,,1.0244552805382383,0.6252403353046913,0.8910152581816114,0.4433705635741031,,0.1218252413350906,,-0.4914335285187595,-0.6922237625795852,2.2039681926966725,0.0346596342771031,0.3463945578231293,-0.1703676550974604,0.1663571748735352,,,,,0.2265561816373881,-0.2582982799550206,1.068827721112198,0.5275627162629758,0.0,0.0,-0.0879018080353542,0.0,-0.0781730813737204,,-0.0533531686568188,0.2399518730489074,-0.0935028288443359,-0.0351041092872094,0.107440711123314,,-0.0144794950605177,-0.0150531334725295,0.0,,,,0.0,0.0,0.0,-0.1211744360025649,-0.002660753880266,0.0007990694524532,-0.0124469735716711,-1.2302500992457324,0.0,-0.0647725815610631,0.4378409760723988,,8.7406,-0.0271034025124133
2009-04-30,0.1283812320678907,-0.7965248241809662,,0.4078009997244853,-0.0521744283308148,0.3132133899779905,,-0.5057504579497762,-0.0116754232340922,,0.0954018855562377,0.6515589798175054,-0.4853118712273642,1.4886650698783772,0.6549101373356538,,-0.1147180740819471,3.471407564741442,-0.8614154856257228,-0.0880885406871826,,0.004282247063839,0.0155192797454205,0.1999876658683742,-0.0216133199332343,,,-0.3584681151117183,0.4100833303009352,,-0.1306565780597669,-0.3554598225302847,,,,0.1576030563154419,,0.004,,,0.027333590995781,,-0.0586065484843882,,0.442605229475224,,,,0.600218818380744,,,,,0.1283812320678907,0.2953200516421334,0.4329207697172283,0.2746175170055216,,,,0.3215047287905129,,,,,0.024176266530907,,-0.6543423245478674,0.8148488104054322,0.6185605113543716,-0.4305853361922744,,0.1058668471485056,,-0.5151449432516446,0.4329944547134935,-1.4167374353431637,0.0253281942794215,0.0114285714285714,,0.0839597874111545,,,,,-0.9240702684786212,-0.05255924367998,0.3684225234036608,-0.6188148788927336,0.0,0.0,-0.309046628280189,0.0,-0.1405744007159008,,-0.154123352121525,0.2253837148803329,-0.3223725609153886,-0.213207006720282,0.1098088341284277,,-0.2642902743864314,-0.0602141959342246,0.0,,,,0.0,0.0,0.0,-0.5305559333890368,-0.0680118494531986,-0.0528689285243709,-0.0559229653170779,-0.7435490273918222,0.0,-0.0647725815610631,-0.1150953514241775,,8.9442,-0.059379262538852
2009-01-31,0.1638435179736399,-0.8063022481091161,,0.3617244591385576,0.1183474299102696,0.2871527955503233,,0.6763860226772092,-0.0128429655575014,,0.0970092765296855,0.7846161906679058,-0.5104627766599598,1.896173500870174,0.8428549273689108,,0.0908779295318063,0.0,-1.0463632756463084,-0.0880885406871826,,0.004282247063839,-0.0037370786915547,0.186152881561501,0.0110890431549434,,,-0.59367443773596,0.0333685091517775,,-0.0818663093791092,-0.0314381055590725,,,,-0.1922931798886897,,-0.011,,,0.0153333237010922,,5.39527415540174,,0.4782680563174254,,,,0.5691466083150984,,,,,0.1638435179736399,0.3781610409057531,0.4338964676122504,0.2756306920475175,,,,0.3215047287905129,,,,,-0.0215952547269218,,1.7534102833158447,0.3263379679367497,0.8009696600754421,1.1849777578647551,,0.22363124710576,,-0.4263717198004771,1.868735880057507,-0.605342391723925,0.0346016750224592,0.1004081632653061,-0.3295069421668306,0.1811359416021002,,,,,1.249413324494531,2.4039815084752822,-1.1013553164733827,1.5236159169550172,0.0,0.0,0.0551023370590796,0.0,0.337309988839764,,0.1734194629297302,0.3328889177939646,-0.0536704431620977,0.0257441886085711,0.2232728146343137,,0.0781366206174846,0.3847366179479988,0.0,,,,0.0,0.0,0.0,0.1479120921827332,0.3528472000831038,0.3137849398076849,0.4426804955457493,-0.1591901548233426,0.0,-0.0647725815610631,-0.2512597556273516,,5.9476,-0.0459312903571046
2008-10-31,0.1692938937208405,-0.8097941852263124,,0.2567533881738628,0.1912120321178597,0.2613182679019297,,-0.2623298629628771,-0.0128429655575014,,0.0888238201867131,0.7564230189085073,-0.503420523138833,2.1363667273647704,0.3586304344080092,,0.1462826167826965,1.979004983253002,-0.5228357191547376,-0.0326065645269067,,0.0129625537354553,-0.0092080199611937,0.1875353321478862,-0.0112663974068544,,,-0.5867524569212463,0.0909173610858411,,0.3128732323436426,0.1804901340143134,,,,-0.4028629374587303,,0.004,,,0.0100614777784199,,-0.1079046151843253,,0.5155926129091242,,,,0.7043155847313397,,,,,0.1692938937208405,0.0424007832710204,0.4484596621194326,0.2907435725531258,,,,0.3229591585517818,,,2.217313039138804,,0.0094242449356522,,-0.2348373557187827,0.3977970857279943,0.3310072975366319,0.2868995423560662,,0.013464895094931,,-0.5469529386250271,-0.8895820497021976,-1.2520651586505056,0.035355145332831,-0.273469387755102,,0.962617660242044,,,,,-0.2724163075903215,-0.9283245179292824,2.67419309766662,-0.0200692041522491,0.0,0.0,0.3931097885517975,0.0,0.0644585056941203,,0.165385434758275,0.1410314776274714,0.5881174428940277,0.4748793654291065,0.0207811373854549,,0.6247770486840113,0.0636213863525403,0.0,,,,0.0,0.0,0.0,0.7822707576316965,0.1355207777367831,0.0658297216999777,0.0756273988146148,-4.21688500727802,0.0,-0.0647725815610631,-0.1864659921378839,,6.5955,-0.1303919338943219
2008-07-31,0.1509253601907877,-0.8088164428334974,,0.4370449088833786,0.0849851513017396,0.2831923615021071,,-0.2547476059081318,-0.0128429655575014,,0.0756931272004515,0.879067728138848,-0.376861167002012,2.3125776041627315,0.4294625471714369,,0.0482356379869267,2.3216648966587696,-0.5921245849823819,-0.0321184063636618,,0.0130389274130795,-0.0250418143138017,0.2081564584596725,-0.071959286507618,,,-0.4006463649317644,-0.2354353917251919,,0.0627947389199926,-0.066636981083488,,,,0.7628053957173851,,0.004,,,0.0095440458302028,,-0.0818886019918849,,0.5480036569756811,,,,0.5862873814733771,,,,,0.1509253601907877,0.129724463300969,0.3947962778932153,0.2349511491438859,,,,0.3281102639562762,,-0.2747129209935988,2.7213231624723746,,0.0,,0.2059379050675884,0.3451162823040202,0.3997531531094597,0.403326719365059,,-0.0135005165105261,,-0.5570736644256488,-0.8001514684740193,1.3282637226897245,0.0330947344017155,0.0296598639455782,,1.3385413331625793,,,,,0.1234869075240304,,0.3502025988542685,-0.021420847750865,0.0,0.0,0.5731455944258964,0.0,-0.0301720664951201,,0.0930683488176438,0.1164151925078043,0.3075073719260127,0.2490955161396937,-0.0051995744242715,,0.552985079538499,-0.0357140037603747,0.0,,,,0.0,0.0,0.0,0.6550337135417679,0.0420705737384881,-0.0167634570238063,-0.0353663021768081,0.919280137620749,0.0,-0.0647725815610631,-0.0114430572729005,,8.2535,0.0714242442600108
2008-04-30,0.0968446526766884,-0.7912450152597652,,0.734154629301636,0.0029765771186459,0.2396350514408558,,-0.2094047812275372,-0.0128429655575014,,0.0493231151484567,0.7719755901842318,-0.3704225352112676,2.8342589164506973,0.3772439818723829,,-0.0457804113301801,1.910709909321134,-0.287611024631444,-0.0320903972887215,,0.0597639677753161,-0.0342885437651108,0.1320291702212948,-0.1380646248706006,,,-0.3505942150338607,0.0366434991448637,,-0.1836031123808221,-0.2235002521486282,,,,0.8392604471276295,,0.004,,,0.004879031092874,,3.603120185735674,,0.5124958859023587,,,,0.5789934354485777,,,,,0.0968446526766884,0.1035842328311503,0.3028277170476104,0.1390046026018636,,,,0.3462906359721386,,,3.7888358166393385,,1.6963404094100376,,2.7616443429417936,-0.4273535475750906,0.3490726099459562,-0.7264777418632189,,-0.102874648238521,,-0.5770259524325887,0.5263914561511605,-0.5802516791476878,-0.1593879502709595,40.51755102040816,,1.076570404046872,,,,,-1.7152270467351671,,0.9036188347072796,-1.4377703287197232,0.0,0.0,0.2832793019467428,0.0,-0.0185146771674601,,0.0002094263523345,0.0348270031217481,-0.0021106988162591,-0.0147802137270023,-0.0913100181899303,,0.2245901315659574,-0.0748800731299406,0.0,,,,0.0,0.0,0.0,0.4012980199366535,-0.0274400094566373,-0.0211215024772569,-0.0913531233172609,1.5764192139737991,0.0,-0.0647725815610631,0.2939474115733539,,10.7567,-0.0675021149609081
2008-01-31,0.0962709659617241,-0.7903510793577629,,0.0649952112934755,0.0558324729521217,0.2140361877463275,,1.0131240290305377,-0.0175131348511383,,0.0334994579008628,0.7653574747477533,-0.3549295774647887,3.1029827703017525,-0.3884479520272948,,0.0228941914226497,0.0635977452822481,-0.0451186467119074,-0.3363569796614103,,-0.0345600281455782,-0.045769133375161,0.001112641457072,0.1311805126669928,,,5.204418785715335,-0.1404060987591426,,-0.1081126450574012,0.0,,,,0.9838694462786528,,0.004,,,0.0031885727908455,,3.5116844229392234,,0.1981861400621686,,,,0.5467298808655483,,,,,0.0962709659617241,0.7047303426330769,0.2267594181949589,0.0596775165535476,,,,0.3462906359721386,,,4.802594995366079,,-4.645963321217574,,0.156953274489229,-0.4662383222248877,-0.3940669781241142,1.8929577239414983,,-0.1410251843408257,,-0.3986120147473433,1.5556839186691311,-0.2630278699915077,-11.271626046889036,0.0342857142857142,,0.7241851828136006,,,,,1.2399204507789194,4.63196035150556,-3.090904010060081,2.251200259515571,0.0,0.0,2.2046547636328446,0.0,0.3065619101661007,0.0,0.692211867252579,0.0,1.5839270849499838,1.2142249641952187,-0.1280674057040876,,2.129473012195684,0.2747907382592165,0.0,,,,0.0,0.0,0.0,2.434797815906573,0.4813543050983454,0.2448666163234021,0.3100814223147858,2.6869127960831016,0.0,-0.0647725815610631,0.0114430572729005,,13.3908,-0.1026973743166951
2007-10-31,0.1773212842698622,-0.78820004609357,,0.1425722569895435,0.1485553572690247,0.2934368122024876,,1.4460083010642986,-0.0175131348511383,,-0.048229291778587,0.73608334413373,-0.3060362173038229,1.3626648734280828,-0.4269915392966071,,0.094462454163788,0.1424720202597827,-0.0511179616572895,,,,0.2554955379248165,-0.1071270723910742,0.3010154474295582,,,5.580802961526596,-0.1097849423237873,,0.2232166449579244,0.2658451270936383,,,,1.1383831713989243,,0.004,,,0.0047508018840663,,-0.0665263523336298,,0.1691073322362406,,,,0.7138706540238269,,,,,0.1773212842698622,0.7547478606430309,0.1767097298762309,0.0076628424644635,,,,0.6699618590945418,,,2.6499073215940685,,-1.4044729644933285,,-0.2136905129313005,-0.4007350001216888,-0.4314753199100581,1.07103081895862,,-0.1628254906849998,,-0.2569218535386395,-0.6519177449168208,-0.0751177333436269,-3.355029414321732,0.0506122448979591,,0.9891016200294552,,,,,0.690473980775605,-0.6776060972054475,0.7007405337431885,1.0285142733564014,0.0,0.0,1.4039967097304882,0.0,0.01302884689562,,0.3224732530050876,-0.0199011446409989,0.9681673885745729,0.7280202710146524,-0.1490716271407488,,1.362020284456262,-0.0454103690776694,0.0,,,,0.0,0.0,0.0,1.6187163593261178,0.1217756985911759,-0.0050267702434469,-0.0547809284759518,1.6947201270345376,0.0,-0.0647725815610631,1.7236293371270035,,13.7967,-0.105967369008531
2007-07-31,0.0820766192043563,-0.7814117203377402,,0.3674971464557012,-0.0684703903509671,0.2506909965706096,,1.1121571173510794,-0.0175131348511383,,-0.101506258718446,0.8877374593606349,-0.6625754527162978,1.4406506030772177,-0.3620629641755553,,-0.1442737949726311,-0.0511804591128175,-0.1150111745295336,,,,0.3362419214100577,-0.1780997214541941,0.2196865735284314,,,5.286800934291128,-0.1792875077326152,,0.0,-0.0616798463502827,,,,0.839920762192246,,0.004,,,0.1795795887996301,,-0.075834834118081,,0.0657611994880234,,,,0.6485168976416241,,,,,0.0820766192043563,0.7399247445490192,0.0941367783900984,-0.0784570361051894,,,,0.7686812791406744,,-0.3763930454244457,3.5448242674841377,,-2.2384002462616768,,0.6845997160669095,-0.588226090765909,-0.3684591218371696,0.42020834000064,,-0.1803512271577672,,-0.2077640425070483,-0.3604436229205175,0.909055817185208,-5.768742573970499,0.8383673469387755,,0.599449318050842,,,,,0.0473052701358965,,0.8134134413860556,0.3134191176470588,0.0,0.0,1.064105417654554,0.0,-0.0404579982548202,,0.1907874069767861,-0.0359001040582726,0.6288302270129943,0.4587154346149609,-0.1659573737859079,,0.9907791942819156,-0.0671017067115418,0.0,,,,0.0,0.0,0.0,1.2977090336746788,0.0626659836873005,-0.0518771756578509,-0.0665303999769136,2.1872436151912136,0.0,-0.0647725815610631,0.9958650765160278,,14.0244,-0.0873905479022275
2007-04-30,0.0775490695716566,-0.8309134209111162,,0.2587475892470579,-0.1315893235238479,0.2733637883673713,,0.9948176316460686,-0.0268534734384121,,-0.1393287595795483,0.8284391450497876,-0.6625754527162978,1.1895972013388842,-0.5479089483569693,,-0.1921214858904182,-0.2236745363940854,0.067871277559035,,,,0.4638767876929627,-0.2956080212969339,0.193493488834858,,,6.203910507837175,-0.0015283286634401,,-0.144294227546995,-0.1039871672442837,,,,0.7727101216866333,,0.004,,,0.231222548113044,,-0.1119838566190031,,0.0868136770890473,,,,0.5307561390712375,,,,,0.0775490695716566,0.797786971400049,0.0422802421176258,-0.1325639731527446,,,,0.8753697622537601,,,5.558547800670136,,-1.995761457679694,,0.1430035183013394,-0.6231820568182214,-0.5488312819899606,-0.9387301180913368,,-0.2477825668792077,,-1.7062097881876672,0.0935382008626001,-0.8651277696286575,-5.578520300228939,0.7028571428571428,,0.8637766536466671,,,,,-2.456267815710971,,1.3320665083135392,-1.634796712802768,0.0,0.0,1.0103901549975,0.0,-0.1049165039489406,,0.1258363513596464,-0.097457075962539,0.5246158838551294,0.3606566046050457,-0.2309263136218553,,0.9026122325406908,-0.2068879262883438,0.0,,,,0.0,0.0,0.0,1.2359559295027496,-0.0674387199151768,-0.1158594034464828,-0.2453635453244336,2.85814476644171,0.0,-0.0647725815610631,0.6753176534198432,,16.9756,-0.1096043733358467
2007-01-31,0.1806022091513941,-0.8309134209111162,,0.0513769171225777,0.153735877782564,0.2959832625275119,,0.1705775964013263,-0.0408639813193228,,-0.1723669003960727,0.7215896713278421,-0.6625754527162978,1.6240344342105597,-0.5825581996450295,,0.2468565658712866,0.0933338779511477,0.1019680059145309,0.2358644200721033,,,0.583385886842483,-0.3694355079092619,0.3543449904970824,,,8.301070909171036,-0.2472981332557039,,-0.1791173297936167,0.0709342374918185,,,,0.6591123478917084,,0.004,,,0.3128052216378663,,5.943476468418426,,0.1139060157249954,,,,0.0442985655239484,,,,,0.1806022091513941,1.2018914651295614,-0.0334266871442768,-0.2113618729802412,,,,0.8753697622537601,,,4.226456120339345,,-1.384156376164711,,-0.7400654280599963,-0.4094305313626707,-0.5824599898150572,2.25006400614459,,-0.1900758736152174,,-1.6686185209282152,1.2975071883343603,0.3884042306801513,-4.04057147825079,1.083265306122449,,0.8405967855542038,,,,,2.1307656612529,5.112739994169339,-3.0635182338968843,2.684688581314879,0.0,0.0,2.50215964258641,0.0,0.3113208679269219,,0.7437632471194849,-0.0447775754422476,1.7204904270778956,1.3087231464140134,-0.1753269039365755,,2.360855343262757,0.2089505230245047,0.0,,,,0.0,0.0,0.0,2.9546664593980143,0.449780598848726,0.2261593236812166,0.2208969409990612,4.136959110758237,0.0,-0.0647725815610631,0.6296872437832113,,18.6103,-0.1084023363406285
2006-10-31,0.0769936845187648,-0.8309134209111162,,-0.0134083782684562,0.0109125966646838,0.2058497978195219,,1.2878475201150092,-0.0502043199065966,,-0.2625409840010285,0.2802054924843026,-0.6625754527162978,2.2321538759894923,-0.3706821980597246,,0.0730084498060264,-0.1367126868719876,-0.1065293844343382,,,,0.651664588719732,-0.4769531611351512,0.3676528485482737,,,6.76548411264378,-0.2524471453003893,,0.0850775452852653,0.2957166922391871,,,,0.7607772851617772,,0.004,,,0.3931001849390279,,-0.679497472172196,,-0.116878405558603,,,,0.0778628738147337,,,,,0.0769936845187648,1.0358639258580224,-0.1069653988616858,-0.2881541381985823,,,,0.9613023206487362,,1.7961777554194664,,,-1.1940849839574723,,-2.575297821122153,0.3211957485423424,-0.3768244886832574,0.4893589784619323,,-0.4433085170804687,44.994555353902,-1.6330513988288875,-0.8192133908400082,-0.3177642245039759,-4.385892717419654,3.5820408163265305,,0.6858423512838573,,,,,-0.2579250911501491,-1.865061846653617,1.7304457174793908,0.3704044117647059,0.0,0.0,1.4528604377348753,0.0,-0.01302884689562,,0.2848126175766482,-0.2759495317377731,0.9618127178069048,0.6536609011788036,-0.4193122147098191,,1.3832393263085845,-0.1281219940374167,0.0,,,,0.0,0.0,0.0,1.7068573538270213,0.05278093198027,-0.0732707017784962,-0.1474283602131556,2.2703453751488687,0.0,-0.0647725815610631,1.895230877640833,,17.486,0.0031625300240191
2006-07-31,0.0039784997705253,-0.8309134209111162,,-0.0867608664278873,-0.1357031992506136,0.163836566514818,,-0.3537227259025668,-0.9316987740805605,,-0.3204098090724777,0.3106598536844979,-0.6625754527162978,1.0535226308220438,0.353533334482105,,-0.0768879204974225,2.7140756474144268,-0.7839195298219197,-0.3465642868289326,,-0.0361569892244253,0.7266626129228407,-0.5817341789065792,0.3133912522845365,,,4.955909097586415,-0.4793675630435574,,-0.1674661079385606,0.0965997489243446,,,,0.7378785020281106,,-0.096,,,0.4492925720973241,,-0.465380693037082,,-0.2055074053757542,,,,-0.0183807439824945,,,,,0.0039784997705253,1.17063981531698,-0.172915349173367,-0.3568504192058817,,,,0.9858306725601372,,1.0150559271484083,,,0.2298047665841847,,2.028467378556879,-0.2447821597321456,0.3260603252993813,1.869427465036644,,-0.3823246535817333,44.92558983666062,-1.601243403455505,-0.7067031217909222,1.2467382073650892,0.0086938881965977,0.700952380952381,,1.0205032976884163,,,,,0.0729864103413987,,21.59295794327232,2.0943014705882352,0.0,0.0,0.893385590554991,0.0,-0.2022899912741012,,0.0394479810216395,-0.0968717481789802,0.4749072336583094,0.2885534868348573,-0.3605553076843875,,0.8139450700610114,-0.2124125608983348,0.0,,,,0.0,0.0,0.0,1.1428016244680643,-0.0818529277964243,-0.2132722035756941,-0.2113111995132221,2.240968638348551,0.0,-0.0647725815610631,1.0227930455284768,,12.5163,0.4014764746770212
2006-04-30,-0.0800036040196081,,,-0.1319190249406331,-0.2474251240430395,0.0888836993055911,,1.189730331346952,-1.02276707530648,,-0.358371186313664,,-0.6625754527162978,,-0.207478503610015,,-0.1939815060849232,,-0.2671306046454842,,,,0.7014611219623131,,0.1864898826317358,,,6.366911991538496,-0.1636039445435027,,-0.3915376317679206,-0.1979366731402697,,,,0.7527355909819828,,,,,,,-0.5570985310391217,,-0.2324505394039129,,,,-0.0785801118405057,,,,,-0.0800036040196081,1.068118661720029,,-0.4468233760950953,,,,0.960878111968366,,,,,0.2380450611510365,,0.4885253996666872,-0.3770508902402136,-0.2184277224444197,0.1168192146446058,,-0.4703807929327111,,-3.2402226559676137,0.4230206407886629,-0.053269512854165,-0.3788796476077317,0.8696598639455783,,0.0028686687584043,,,,,-0.4564136559496188,0.418058389904627,0.2558613944390107,0.1552443771626297,,,0.7403687037305849,,,,-0.0353605563519373,,0.3732889371728487,0.1874187506885535,-0.4453958883893331,,0.6766399673553203,-0.327869778844256,,,,,,,,0.9906146163262928,-0.1963326873685832,-0.2715702706493573,-0.3566568774870768,1.8630408892417627,,,,,12.1478,0.0194550887084522
2006-01-31,-0.0881752961349705,-0.8309134209111162,,-0.8574146232665538,-0.1199337221572662,0.0168547712886659,,1.7566605606696502,-1.0367775831873904,,-0.3947684855118247,0.1687123077644282,-0.6625754527162978,1.1063727971751456,-0.338586666207158,,-0.0157809427645214,0.0624540478719058,0.0656635025282585,,,-0.0050534960050932,0.6854982959759872,-0.7982341634889147,0.2064466383822273,,,6.5807177588765,-0.19087733343037,,-0.3435804814056074,-0.1004892756360046,,,,0.6419677388925573,,-0.096,,,0.5185851080737445,,3.163386638314492,,-0.2726407021393308,,,,-0.2138341842937029,,,,,-0.0881752961349705,1.020484073009306,-0.2793386936489294,-0.4677196405300148,,,,0.960878111968366,,,,,-0.2690172027988586,,-1.0368248873526325,-0.0797200463112659,-0.3456742841900085,1.833071974909592,,-0.4733729918426958,45.502722323049,-3.262777416323285,1.1888734853152598,-0.053269512854165,-1.2575419480105483,-0.0642176870748299,,-0.2511109688160338,,,,,2.006403712296984,0.418058389904627,0.5337431884867961,2.5820069204152247,0.0,0.0,1.6725085079272914,0.0,-0.0555440315023803,,0.3272647835145352,-0.303394901144641,1.2600984804661597,0.8791362785061143,-0.4482788207433847,,1.669209353753809,-0.0510829256131384,0.0,,,,0.0,0.0,0.0,2.1278199871752523,0.1503232808800404,-0.1297609450554744,-0.0091068228105281,1.025936218075956,0.0,-0.0647725815610631,0.370618554416568,,10.2205,0.1817719289662933
2005-10-31,-0.212813838309039,-0.825717418480728,,-0.0285485627320554,-0.3278291727349182,-0.0746916107897835,,-0.4171864493240893,-1.0402802101576183,,-0.4610468941535106,0.0459903871873285,-0.6251509054325955,0.941364624339184,-0.0438646976720141,,-0.2720120104161131,2.8598562208969853,-0.1756724218037284,-0.3464842609005317,,0.0039335574045219,0.7179852355553118,-0.82674656443042,0.0,,,3.282364520441291,-0.151104399403224,,-0.2107260874836407,-0.2872455713044131,,,,0.4159277426657862,,-0.196,,,0.5250435256891869,,-0.8965217957341549,,-0.2915648198939477,,,,-0.1504497933381959,,,,,-0.212813838309039,0.5521940707535624,-0.2910832053482699,-0.4557856437992934,,,,1.1303797803962563,,1.0191625557603166,,,-3.0472041012040774,,0.1856552064687365,-0.1266884315709323,-0.0596329239566078,0.4451787371587672,,-0.4877284223275033,,-3.1179064555772427,-0.0982491271308276,0.2022697444607427,-8.003071840496132,-0.0644897959183673,,-0.2678619453160017,,,,,0.0181769970169042,,0.5277071398630712,0.7133217993079585,0.0,0.0,0.8825341526749568,0.0,-0.2502910061527015,,0.0207909816679725,-0.3164997398543184,0.5757128546637132,0.3411876170540928,-0.4621100319181796,,0.8671901223517333,-0.2601231990193939,0.0,,,,0.0,0.0,0.0,1.0612284553951383,-0.1171877966393116,-0.2654780744693059,-0.2591883310850762,0.9478629085615984,0.0,-0.0647725815610631,1.1325435762434686,,8.8855,-0.0501491193517529
2005-07-31,-0.1879256896207051,-0.825717418480728,,-0.0267773973052046,-0.3989228710978008,-0.0037258364470833,,-0.4535789644538224,-1.0426152948044367,,-0.50345369057105,0.1035018103303266,-0.6525150905432595,0.7471911385805711,-0.0904209673806282,,-0.3386246479247489,2.061392043133731,-0.1492876449382263,-0.3466643192394336,,0.0003471246249395,0.9475389635211444,-0.8104629410736861,0.0428266494259885,,,4.249655516871594,-0.3181470834394673,,-0.2906339470845522,-0.299783259477033,,,,0.0836477690783888,,-0.896,,,0.5451917658787494,,2.7809143576279647,,-0.2896500274273176,,,,-0.224896669097982,,,,,-0.1879256896207051,0.7172929155247963,-0.2919866293251423,-0.4567724536914976,,,,1.2130398718283772,,-0.0198966156246952,,,0.5212933473828777,,-0.5707055120054317,0.0393645760537377,-0.1048179462372155,0.389557397510161,,-0.4936059559006875,,-3.122822236680402,-0.7283708153624975,0.5432718289199413,0.0163445098096038,-0.0644897959183673,,-0.2495229557533457,,,,,-0.3976400397746105,,1.8007545060779655,0.6304065743944637,0.0,0.0,0.5355203948323414,0.0,-0.332578460230302,,-0.1286491639194503,-0.3218652445369407,0.2638937878296203,0.0962520656604605,-0.4677729347564952,,0.508361908397449,-0.3217601047087787,0.0,,,,0.0,0.0,0.0,0.6115461593766395,-0.2093828469493389,-0.3455380330140361,-0.315573023125018,1.0447267434166998,0.0,-0.0647725815610631,0.5337286550640625,,12.6036,-0.0924715817866546
2005-04-30,-0.2634672076450265,-0.825717418480728,,0.3568439144067907,-0.4672063706955299,-0.0862156847690706,,0.8930716256637373,-1.0577933450087569,,-0.5353526325667861,0.0359529121086694,-0.6251509054325955,0.7656574662445504,0.0741750383402546,,-0.409167242387203,,-0.5442928506750501,,,,0.8969440470449337,-0.8118094171094963,-0.087224330487699,,,2.937687482555492,-0.2223354317528474,,-0.5207424700714679,-0.4951233382332428,,,,0.0936232430902745,,-0.906,,,0.6704382910477952,,-1.5415409985462278,,-0.2953900164563905,,,,-0.2663749088256747,,,,,-0.2634672076450265,0.5640055289719088,-0.2721239497696269,-0.4602338212141528,,,,1.1359096435510811,,-0.3267644386495352,,,0.7475462628606608,,-0.286809456206407,0.1254611134869393,0.0549301227628455,-0.211372291740007,,-0.5106686139707192,,-4.267620906527868,0.0170722941055658,0.5628811858256775,-0.5528733300489755,-0.0585034013605442,,-0.3800729973746558,,,,,-0.5024328803447133,-0.2667943859064595,1.3303898281402822,-0.1266435986159169,0.0,0.0,0.5356623280269673,0.0,-0.3823897990986095,,-0.1496640151364701,-0.3374414672216441,0.297292492628074,0.1181095075465462,-0.4842125132992415,,0.5279092267291479,-0.4227891177662127,0.0,,,,0.0,0.0,0.0,0.7227328371839963,-0.2943507337849116,-0.3869366312421988,-0.4469219958137596,0.6546248511314013,0.0,-0.0647725815610631,0.2620912165006936,,10.0751,0.1313498258676594
2005-01-31,-0.3077882019039359,-0.825717418480728,,-0.0515081145616037,-0.3932591696124752,-0.1879553326167443,,-0.1044473299788995,-1.14302393461763,,-0.5680855203498585,-0.0016821043401049,-0.6251509054325955,0.7446423219417349,0.159516137370117,,-0.3037067545304777,0.0942324973449881,-0.6282730858319174,-0.1190225633105126,,,0.7970558206976418,-0.816532361677853,-0.1118250004087952,,,2.979372144609463,-0.2402569047705687,,-0.5697285837299453,-0.4376870996469919,,,,0.4286388076596547,,-0.996,,,0.670738094550078,,1.7131078178228134,,-0.3588838910221247,,,,-0.3544371504984196,,,,,-0.3077882019039359,0.6319418114102238,-0.2896377269852742,-0.453228224269497,,,,1.1359096435510811,,,,,1.0958171033470276,,0.0350101845565088,0.1209203842583417,0.1377576234464408,1.6723925496847698,,-0.3792612118405585,,-5.203643461288224,0.9447910248510988,0.4733266424766463,1.826585910105196,-0.0587755102040816,,-0.3129410258052122,,,,,1.2855817036791517,3.215276331681313,0.9280983652368312,2.390949394463668,0.0,0.0,1.7188432444637989,0.0,-0.2050329064100212,,0.2262093469147526,-0.2174817898022892,1.3265911367580456,0.954341742866586,-0.3576037340838109,,1.7316159774646405,-0.3088659665305868,0.0,,,,0.0,0.0,0.0,2.099644404717953,-0.0651146796384985,-0.3152357325724227,-0.3096516235036093,0.7215826386132063,0.0,-0.0647725815610631,0.2115680356675929,,9.5263,0.0599708176311893
2004-10-31,-0.4742164776902739,-0.825717418480728,,-0.2043268915390771,-0.6061117834619917,-0.340489626520619,,0.6914346001344865,-2.0326911850554583,,-0.629874509377937,-0.0815848180431887,-0.6251509054325955,0.269877369681675,0.1550152499439973,,-0.4057846628049104,-0.4821093047953598,-0.6238439703323871,,,,0.7119772001103221,-0.8069734096679035,-0.3012204739760936,,,0.5859298106444553,-0.2573414359011681,,-0.3615080685022211,-0.39498814364961,,,,0.4367040845203283,,-0.996,,,0.6799073860024273,,-0.6944908542539111,,-0.4844805266044981,,,,-1.0227449550206662,,,,,-0.4742164776902739,0.1400768872656066,-0.226036679013461,-0.5336438143592138,,,,0.9261650853530592,,0.4663076788821756,,,0.1975776375454341,,0.6410962286278625,-0.054318386476554,0.1333893031341694,0.4427545044324255,,-0.5792754604067966,,-5.210872551145811,-0.2041101868966933,-0.0005404153477958,0.5862578607239111,-5.73687074829932,,-0.1526029327015431,,,,,0.2027046735167385,,1.3356434260164871,0.6613862456747405,0.0,0.0,0.5964742504153159,0.0,-0.3613790691574622,,-0.0946715436527566,-0.4000715400624349,0.4311017678513481,0.2056185964525724,-0.550314033702852,,0.636952987712174,-0.3544325677542668,0.0,,,,0.0,0.0,0.0,0.7945514252958437,-0.2235520419530821,-0.3475725431802114,-0.3629712360215611,-0.290459176922059,0.0,-0.0647725815610631,1.129139909324186,,7.7803,0.3311713136905939
2004-07-31,-0.5490794263977542,-0.825717418480728,,-0.2153474764172603,-0.6566771279905369,-0.4302413369504018,,-0.4621003083914949,-2.0385288966725046,,-0.6667475633039104,-0.6879696449105314,-0.6251509054325955,-0.1649326150304624,-0.0186859200799545,,-0.4939947919434554,1.2087247773874683,-0.3976301179853968,-0.3688515078885559,,-0.0324641341071698,0.6854289414728638,-0.9166983585326496,-0.4126002020077507,,,0.5668091607538965,-0.2673119609912303,,-0.470721175815943,-0.4677947188274552,,,,0.1049193472313932,,-1.746,,,0.6799073860024273,,-0.6032720723848374,,-0.5105240446151033,,,,-0.8888888888888888,,,,,-0.5490794263977542,0.0152214708409124,-0.363149335983377,-0.5551069295146552,,,,0.7822559569125184,,0.452920069607355,,,0.6559085043154991,,0.1534966977347077,-0.0922296510313991,-0.0351957507548815,-0.0207699939194162,,-0.596801196879564,0.8130671506352087,-5.210872551145811,-0.0681864859314027,-0.0005404153477958,0.5862578607239111,-0.3858503401360544,,0.1455081001472754,,,,,-0.0632416307590321,,1.537180382841973,-0.0909277681660899,0.0,0.0,-0.0076966500540313,0.0,-0.4906938032404113,,-0.3586137419795123,-0.4160704994797086,-0.1226011258941546,-0.2310719400683045,-0.5671997803480111,,0.0059102666201567,-0.423763075612619,0.0,,,,0.0,0.0,0.0,0.0795134368381167,-0.352010430957592,-0.4901469352711239,-0.4036326595520637,0.0048961228000529,0.0,-0.0647725815610631,0.2739863232863113,,5.9697,0.7238753734528383
2004-04-30,-0.5925972592557136,-0.825717418480728,,-0.3535114994555306,-0.672250597708537,-0.4888800737063009,,-0.4595149210471398,-2.0502043199065967,,-0.6871142656980154,-0.6930214730270433,-0.6251509054325955,-0.2294791296748244,-0.0562645391415229,,-0.5080645161290323,1.0631892819214117,-0.3566116249020745,-0.3688515078885559,,-0.0317185517297072,0.6546871547395738,-0.9459842123115192,-0.4611826887156156,,,0.6204104417316704,-0.2435864779302063,-0.020611955280191,-0.5423880030962158,-0.4782830287878625,,,,-0.0435572115838128,,-0.996,,,0.6799073860024273,,-0.3486883502940091,,-0.5444593161455477,,,,-0.9075857038657914,,,,,-0.5925972592557136,0.0,-0.290721835757521,-0.5963909876385112,,,,0.6988989512197893,,-0.3547100463535704,,,0.6259782389922215,,-0.4610209246342818,0.0429317951873833,-0.0716675460726509,-0.3380884564918232,,-0.6346311402415132,0.7912885662431942,,-0.1224840829739166,0.0,0.3718086185411655,-0.3942857142857143,,-0.4253057565473522,,,,,-0.4466025853496851,-0.2709591437257923,-0.0566717898560849,-0.2788062283737024,0.0,0.0,-0.1024306059579684,0.0,-0.5650405179995234,,-0.4106922985264328,-0.4506048387096774,-0.215787914274024,-0.3131959898644926,-0.6036482822528058,,-0.0967493533589137,-0.5167594295033604,0.0,,,,0.0,0.0,0.0,-0.0302741775644637,-0.4433558167275019,-0.5276861980587146,-0.5247843484464922,0.1258435887256848,0.0,-0.0647725815610631,-0.2068348113579656,,4.8046,1.101652582941348
2004-01-31,-0.6094756151470186,-0.825717418480728,,-0.4346702352370081,-0.6411674746273011,-0.5289919980890959,,0.2915806803162752,-2.0560420315236425,,-0.7043754997315286,-0.7231228680706263,-0.6251509054325955,-0.2423441053578039,0.0777109575586304,,-0.4743768932348408,-1.1694714484110775,-0.4843336148161714,-0.3688515078885559,,-0.0309585710359713,0.6171986264582591,-1.0023152192905818,-0.4917115188442037,,,0.2992140790034228,-0.3059750372984971,0.020611955280191,-0.6238346446657113,-0.4645865298983894,,,,0.2096971983775115,,-1.761,,,0.6799073860024273,,0.5837871851064291,,-0.5440307185957214,,,,-0.8959153902261123,,,,,-0.6094756151470186,0.027702453001339,-0.400056012286566,-0.5935736830607679,,,,0.6988989512197893,,,,,0.436404105939879,,1.9764212085673725,-0.5083878325145418,0.0583618966069423,0.9065430281307004,,-0.6308196487728422,0.8021778584392014,,0.5806505442596016,-0.4434493939627885,0.0355290230967629,-0.5385034013605442,,-0.5619004930524428,,,,,1.2885647994696718,-0.7785598267460747,0.7488053653765544,1.4609969723183391,0.0,0.0,0.161087724391542,0.0,-0.4623526325985178,,-0.2484338158564635,-0.4471253902185224,0.187491005544817,0.0026440453894458,-0.5999759755637163,,0.1799011445382686,-0.2737469745603374,0.0,,,,0.0,0.0,0.0,0.3651944115189554,-0.2037446851190497,-0.3921277491035262,-0.224433571216742,-3.767764986105597,0.0,-0.0647725815610631,-0.2880441767602232,,3.4375,0.3923059069281653
2003-10-31,-0.631795195954488,-0.6726867662567132,,-0.3389485837236457,-0.6333021089026094,-0.5664838938083295,,-0.5116400398822084,-2.057209573847052,,-0.7286816162735618,-0.7259245369387356,0.4770623742454728,-0.2544635773598591,-0.468771216376889,,-0.4596189615772971,0.7954415488930643,0.0581177276534844,-0.3686834534389142,,-0.0300940460458154,0.6168131444525269,-0.9984710816005592,-0.5432939338556688,,,0.6145931573457906,-0.1200465776354572,0.062631961510505,-0.3962503458373616,-0.3214090279938626,,,,0.2199556645599471,,-1.796,,,0.6799073860024273,,0.4597174908325558,,-0.5304253062717132,,,,-0.9214806710430344,,,,,-0.631795195954488,-0.2884232351204903,-0.3828710813985003,-0.5756058334777139,,,,0.6035339007124433,,0.3818548614782836,,,0.4577862496004167,,-0.3091661008579717,-0.4159947708600614,-0.4720244371732017,-0.0621579671648478,,-0.643500872724682,,,0.3625872869172314,-0.5407241565660464,0.0330367751470716,-0.1989115646258503,,-0.2879170135109176,,,,,0.0650580046403712,,0.9621908620930556,0.0361159169550173,0.0,0.0,-0.352710440154191,0.0,-0.504696385009283,,-0.4381343722806168,-0.4587018730489074,-0.4235732325013756,-0.4776379861187617,-0.6121941174451728,,-0.3455728943852467,-0.4458267111263465,0.0,,,,0.0,0.0,0.0,-0.202397839224297,-0.4092904298113329,-0.4636302971999983,-0.4477275615855646,-0.0048961228000529,0.0,-0.0647725815610631,-0.1399669383395601,,2.9905,0.0143788664102993
2003-07-31,-0.6735926725776342,-0.449202790756144,,-0.3798297057241442,-0.7397341137161859,-0.5800063128081759,,-0.5473485287638834,-2.057209573847052,,-0.7356522480442149,-0.7638904591593338,2.086720321931589,-0.2568814271358303,-0.3771888408319404,,-0.5693256098209066,0.6143697410342293,-0.0333404551882713,-0.3698078177329454,,-0.0303406954637165,0.6165405651262977,-0.9739544253836429,-0.5971253517211539,,,0.3362331614590219,-0.2621265601688439,0.1089785746426222,-0.5043070351868143,-0.5010944323436947,,,,0.1639939628336949,,-1.796,,,0.679910095070219,,0.1565734371948705,,-0.5546812945693911,,,,-0.987259907610017,,,,,-0.6735926725776342,-0.2814928224153736,-0.402023669708194,-0.595588733794849,,,,0.620087038531026,,0.6952111577099386,,,0.4479831405467482,,0.1716313807789642,-0.4590134865916369,-0.3831394877258059,-0.1775850481646238,,-0.6652299362376661,,,0.057532347504621,-0.082915154790396,0.0332686121656475,-0.3496598639455782,,-0.2832042005506819,,,,,0.0524892277096453,,-0.0025709095989939,-0.121875,0.0,0.0,-0.4628118901308043,0.0,-0.6000126859825037,,-0.5503580107385168,-0.4785379812695109,-0.52058636793318,-0.5587661121515919,-0.633129697635309,,-0.4583023450200409,-0.4926647760914955,0.0,,,,0.0,0.0,0.0,-0.4549287837864096,-0.4619395419978579,-0.5912320545860777,-0.4616407631016492,0.0033081910811168,0.0,-0.0647725815610631,-0.5869641329734665,,4.1444,-0.2170639899623588
2003-04-30,-0.6834178494702373,-0.449202790756144,,-0.3228637776990593,-0.7492473088871111,-0.5904395079421951,,-0.5191759222760683,-2.0712200817279625,,-0.7412238034115464,-0.8223284184634391,2.086720321931589,-0.3170355146871781,-0.4198300966691365,,-0.5724531009193814,0.623110856956131,0.0115170568425764,-0.3700679020002481,,-0.0298060797203471,0.6150550884431204,-1.001220565108797,-0.606169160737039,,,0.5410485802006669,-0.3304646846912412,0.105067322003392,-0.544194129002776,-0.5212448631423084,,,,0.1463777002169606,,-1.796,,,0.6799498280644974,,0.1554451363725128,,-0.5645814591332967,,,,-1.02369316800389,,,,,-0.6834178494702373,-0.2693622004540284,-0.4141295509982834,-0.6082364727949319,,,,0.5847262149601736,,-0.0643098040624823,,,0.425511762546914,,-1.0621690019134622,-0.1545447275736303,-0.4245248071926769,-0.4199523154222805,,-0.6775905674491505,,,-0.0404728897104128,-0.548367173627731,0.0008114295650157,-0.4405442176870748,,-0.4604981750656336,,,,,-0.3027510772290355,-0.9404856107617342,-0.0231381863909459,-0.3745891003460208,0.0,0.0,-0.4983855099111304,0.0,-0.6130415328781237,,-0.5691377772642419,-0.4898218002081165,-0.5545720050227859,-0.5883617935441225,-0.645038953907403,,-0.4962649484332528,-0.5629908483696386,0.0,,,,0.0,0.0,0.0,-0.4959679769931795,-0.526698881322783,-0.6043628625388023,-0.559870667397734,0.0369194124652639,0.0,-0.0647725815610631,-0.6230394568314874,,3.2654,-0.1088074967844675
2003-01-31,-0.6965718171297925,-0.449202790756144,,-0.3875178756510672,-0.7723192002899086,-0.5995717527426593,,0.0,-2.0583771161704614,,-0.7456259096574772,-0.8655226518788554,2.086720321931589,-0.3175593821386385,-0.1180328433822135,,-0.600457033533507,-1.2090923944122212,-0.2853523792082532,-0.3712802948155202,,-0.0297847952528125,0.6151905716585242,-1.0184780709418138,-0.6146582660288622,,,-0.1643000896096837,-0.47376369127761,0.1368765359454501,-0.6110207875455028,-0.575757250614277,,,,0.0931751721535704,,-1.796,,,0.6799868519909842,,-0.0292924251958252,,-0.5820442494057414,,,,-1.0186360320933625,,,,,-0.6965718171297925,-0.2032449113780674,-0.4202728340410154,-0.6146846351439914,,,,0.5847262149601736,,-0.1609182421576226,,,0.2539336751003398,,0.9957410036417506,-0.4296656340506016,-0.1316165544622676,0.3940298268633789,,-0.6836105866847149,,,0.9584745327582666,0.5407241565660464,-0.1772973599559509,-1.513469387755102,,-0.5218415828904399,,,,,0.5533974146503149,-0.8350339427762276,-0.1296632667318709,0.7514165224913495,0.0,0.0,0.1801454815244915,0.0,-0.4848102502738629,,-0.3148291911448761,-0.4953173777315297,0.0221454068315532,-0.1395262752010576,-0.6508391392387686,,0.1861273274142912,-0.31724931700375,0.0,,,,0.0,0.0,0.0,0.2857198375531936,-0.2405696907607936,-0.4990160394774312,-0.2423942495375057,0.2343522561863173,0.0,-0.0647725815610631,-0.6531938184445065,,3.069,-0.0743238840013033
2002-10-31,-0.6967351242682854,-0.449202790756144,,-0.3984991012975427,-0.6863790828222327,-0.6400281090580267,,-0.6062443480882046,-2.072387624051372,,-0.7723534252621636,-0.864651266679719,2.1575452716297785,-0.4033326029412135,-0.3907397515206865,,-0.5088430674390179,0.364390164202271,0.0,-0.3524581964556516,,-0.026647840346461,0.6186776515597505,-1.027276418168176,-0.6192443199470704,,,-0.040562337490635,-0.3175830573851024,0.1485410681527119,-0.4331811130833771,-0.3421549587441925,,,,0.0645693802471465,,-1.796,,,0.6805295685719239,,-0.023694317269512,,-0.5770502834156153,,,,-0.9793824459032336,,,,,-0.6967351242682854,-0.3678686101258897,-0.4152136597705303,-0.6094040722857078,,,,-3.765473200995376,,,,,0.2004664764453074,,0.0948089624097277,-0.4510480879218688,-0.3962912759860287,-0.0898726277722661,,-0.6935133402201403,,,-0.2001566029985623,-0.0689415579402455,-0.5529892485582636,-0.3863945578231292,,-0.3467503361721201,,,,,-0.0009545906529665,,-0.2345116668995389,0.0234969723183391,0.0,0.0,-0.0671666586022806,0.0,-0.5657262467835035,,-0.4235539651991175,-0.5043574401664932,-0.1692961045190964,-0.2914619367632478,-0.6603802725057487,,-0.0516523078340649,-0.4818232623848255,0.0,,,,0.0,0.0,0.0,0.0,-0.4083290050113013,-0.5672883068086668,-0.4559968907126003,-0.0575625248114331,0.0,-0.0647725815610631,-0.0775309232889704,,2.7156,0.0929444689939608
2002-07-31,-0.7244459523762596,-0.439369495834119,,-0.3678251400532661,-0.7407255463705588,-0.6565800361706847,,-0.3127159320147471,-2.072387624051372,,-0.7909580476455985,-0.8324210445040687,2.1643863179074447,-0.3971872347606203,-0.411934588940775,,-0.5693362385077324,-1.018135773221142,0.0228509802724618,-0.3530543896222376,,-0.0262797442608624,0.658398427104385,-1.0200712296101386,-0.6581855276414778,,,0.0790739353341266,-0.3941996288344674,0.1591672147035409,-0.5361862454652562,-0.4177351688322836,,,,-0.0497594566550325,,-1.796,,,0.6823771528058719,,-0.5157853624666392,,-0.5893494240263302,,,,-0.9924993921711646,,,,,-0.7244459523762596,-0.3581977087402871,-0.4265968018791218,-0.621257090342069,,,,0.7005351847012169,,0.2488411607385771,,,0.4259143056723062,,-0.1145361397444602,-0.4134705982567215,-0.41686185019772,-0.2210852241815214,,-0.7106828625369572,,,-0.2417077428630109,1.562495174862966,-0.3642739154374474,-0.6277551020408163,,-0.4393673560863162,,,,,-0.0768180311567782,-0.6990962475532048,-0.0505239625541428,-0.1147383217993079,0.0,0.0,-0.421586748600829,0.0,-0.6246989222057838,,-0.5555395075592081,-0.5200312174817898,-0.4773452600984804,-0.5362476589181447,-0.6769228129182826,,-0.4120601030676785,-0.5281411075446415,0.0,,,,0.0,0.0,0.0,-0.4075549423857917,-0.4874896568028685,-0.6192731584920256,-0.5019116837122829,-0.0808521900224957,0.0,-0.0647725815610631,-0.2869805308479474,,3.0971,-0.1443285654321785
2002-05-31,-0.7365370158154517,-0.439369495834119,,-0.4255520132247019,-0.7650099485138766,-0.6635347886915426,,0.0137848679481531,-2.073555166374781,,-0.7978881165131578,-0.8524518738918103,2.1643863179074447,-0.4184844615372991,-0.3746868161218617,,-0.593473986288994,-1.9640960705824688,-0.0253538035792408,-0.3717324413109847,,-0.0284119470968299,0.683237016595081,-1.036244359704392,-0.6786579943372423,,,0.0158594450075654,-0.0812379462173865,0.1846768889965733,-0.6437393334431724,-0.4682668268972843,,,,-0.1867748325629657,,-1.796,,,0.6915762440039299,,-0.4842146375333608,,-0.5906673980618029,,,,-1.011597374179431,,,,,-0.7365370158154517,-0.3451695887347197,-0.4284036498328665,-0.6231968120767452,,,,0.741350119876828,,-0.3318771912713609,,,0.4746457028521364,,-0.7260539472872045,-0.2036652655074942,-0.3807111565261819,-0.5156575031202996,,-0.7295265913867417,,,-0.0585207434791538,-1.2464293985949202,0.1167878981076303,-0.3578231292517007,,-0.3564064801178203,,,,,-0.5252104739807756,-0.7773936945566615,0.008606958222719,-0.5478806228373703,0.0,0.0,-0.3664392509798229,0.0,-0.6459565145091639,,-0.5545826457769898,-0.5372333506763788,-0.4396009989136109,-0.5114376996805112,-0.6950784226241549,,-0.361921560626304,-0.6031641164677407,0.0,,,,0.0,0.0,0.0,-0.3439752832131822,-0.5467082663189681,-0.6393575708288646,-0.6040687211459174,0.0422125181950509,0.0,-0.0647725815610631,-0.588010051453871,,4.1519,-0.0815289385582505
2002-04-30,-0.7448727189793867,-0.439369495834119,,-0.4596633473714593,-0.7567935928379816,-0.6800067393492689,,0.1808959584483038,-2.0758902510216,,-0.8066318284037948,-0.8837004089443831,2.1643863179074447,-0.4171848672827146,-0.1667223820929471,,-0.5782537067545305,-1.0263050404378726,-0.2278620530612106,-0.3720045294675475,,-0.0280169324199375,0.648559765033395,-1.0388910587824156,-0.677358654321469,,,-0.1873576895391711,-0.400458498599032,0.2283583122771797,-0.7155087461880174,-0.6376731509994742,,,,0.0328742571455523,,-1.796,,,0.6967063153788361,,-0.232690346518541,,-0.6095008228195282,,,,-1.037405786530513,,,,,-0.7448727189793867,-0.2418565250987487,-0.4379799439877134,-0.6330423122989657,,,,0.741350119876828,,,,,0.4456862768312752,,1.3453120177766804,-0.5772393339800221,-0.1788720133993041,0.9475789675808878,,-0.7094004915755352,,,1.3136681043335388,0.8452868061452945,-0.047236792534848,0.0024489795918367,,-0.3575078440161363,,,,,1.4939078554855818,-0.4633709549789679,-0.2701690652508034,1.4301686851211073,0.0,0.0,0.2816406186996984,0.0,-0.4580668276986427,,-0.2731172390385163,-0.5188605619146722,0.1225108286185927,-0.0675377327310785,-0.6756872704808319,,0.2964215902434529,-0.3764729346505033,0.0,,,,0.0,0.0,0.0,0.3960903950410975,-0.2796198718339071,-0.4810341432176147,-0.3377015219175904,0.098584094217282,0.0,-0.0647725815610631,-0.5412450861774781,,4.756,-0.0932085786375104
2001-10-31,-0.7767577338600458,-0.439369495834119,,-0.3980005510292439,-0.7457374093750784,-0.7334821961747795,,-0.6451758759014075,-2.0758902510216,,-0.8368147533466114,-0.9148276118806202,2.1575452716297785,-0.494223605769594,-0.5370185928695742,,-0.5683530849763512,0.4789232905808349,0.1398766223415981,-0.3720205346532276,,-0.0273990568476827,0.6474307382383634,-1.0523249838114523,-0.7280077583051474,,,-0.5779031334009078,-0.1809250027291583,0.252552698072064,-0.4516713659099175,-0.4331055054238779,,,,-0.0324497688897273,,-1.796,,,0.6981177396983183,,0.3194827174691345,,-0.616858657889925,,,,-1.0237296377340142,,,,,-0.7767577338600458,-0.5794477747327904,-0.4497244556870539,-0.6453943849763843,,,,-3.733657549967616,,-0.1844697572469161,,,0.2978582337828398,,-0.0125424356521202,-0.5683873457594943,-0.5382616861348476,0.0,,-0.7492964770419976,7.829401088929219,,-0.1864345861573218,-1.0458581023701072,0.0008693888196597,-2.1243537414965985,,-0.0674649420503297,,,,,-0.1957441166721909,,0.0380047505938242,0.0270544982698961,0.0,0.0,0.0076966500540313,0.0,-0.5739549921912634,,-0.4118838622552329,-0.5552809573361083,-0.0985933377541374,-0.2500561859645257,-0.7141263685348526,,0.0277611409842107,-0.5098203953587418,0.0,,,,0.0,0.0,0.0,0.0824281522647338,-0.4238206964240298,-0.5831620198322237,-0.4904888593078151,-0.1186978959904724,0.0,-0.0647725815610631,0.0115671492959993,,5.1244,-0.0412340956990085
2001-07-31,-0.8169657815232051,-0.4209600033522596,,-0.2300678290759764,-0.8149075004729248,-0.7620305915271878,,-0.4091520393257124,-2.0758902510216,,-0.8579500883790032,-0.9133495660998068,2.2851106639839034,-0.4788198878218447,-0.5282442748091603,,-0.653507466652495,-0.3688424148353892,0.1381639857969864,-0.3713643220403411,,-0.0261213627818548,0.6654951669588696,-1.0691790607558769,-0.7824882172627321,,,,-0.4690149557876351,0.2868540375895607,-0.5476447309929341,-0.6037833023959485,,,,-0.1170408452032827,,-1.796,,,0.6990948101485291,,-0.3770043613166403,,-0.6370568659718413,,,,-1.0030877704838317,,,,,-0.8169657815232051,-0.6017820375605332,-0.4777305989700967,-0.6745655399959323,,,,0.8172282356327716,,0.0198966156246952,,,0.7254300699714668,,-0.4547620517252021,-0.4349886481769285,-0.529745802892089,-0.400518449771178,,-0.8045809140455241,,,-0.3105232080509345,0.2054350343549756,0.5225026806155273,0.6220408163265306,,0.3414740347057693,,,,,-0.2734902220749088,,-0.1662148945088724,-0.68689446366782,0.0,0.0,-0.3258334542991242,0.0,-0.665156920460604,,-0.5619125681086995,-0.6057492195629552,-0.4089337867009044,-0.5060614740553047,-0.7673919758382812,,-0.3233271247013604,-0.5839392522879076,0.0,,,,0.0,0.0,0.0,-0.3222509375667955,-0.5259337533895239,-0.667478014964134,-0.5634736094319963,0.0991134047902606,0.0,-0.0647725815610631,-0.2217258541298268,,6.873,-0.1314273243125273
2001-04-30,-0.8307061062791595,,,-0.3625772424922265,-0.7907461727280808,-0.794150202180478,,-0.1694298235444153,-2.082895504962055,,-0.8684730679511128,-0.915323970538356,2.650503018108652,-0.4618747906419139,-0.3960160598280289,,-0.6267789764574587,-0.6973286496201291,0.0106149552170978,-0.3714243414866416,,-0.0256468443585831,0.6496887918284266,-1.1089823313564462,-0.7689388555493643,,,-0.5979757025546105,-0.2197154397583785,0.3518223668270395,-0.6762278392081645,-0.6175227202008605,,,,-0.1762805395717385,,-1.796,,,0.6990957131711264,,-0.4045175429079783,,-0.6813677089047357,,,,-0.9964989059080964,,,,,-0.8307061062791595,-0.4853640626424838,-0.5389827446020418,-0.7383164721922999,,,,0.7424409421977797,,-0.3391253907713789,,,0.5967109858754721,,-0.2228380964138016,-0.3669090011438743,-0.4014121782816546,-0.4168560181777451,,-0.8670252555836568,,,-0.0339648798521256,0.167528757816722,0.4239719477207523,-0.3997278911564625,,-0.0968431837100595,,,,,-0.3294000662910176,-0.4856940568905918,0.0025709095989939,-0.5239294982698962,0.0,0.0,-0.307820841599329,0.0,-0.7042434611474643,,-0.5840070482799958,-0.6627536420395421,-0.3952763237721687,-0.5108471962102016,-0.8275560284174761,,-0.3061755046433108,-0.6539894252443724,0.0,,,,0.0,0.0,0.0,-0.2772865942521811,-0.584456010516927,-0.7095396708230557,-0.6487579735354452,0.12372634643377,0.0,-0.0647725815610631,-0.4953664924946485,,6.9609,-0.0024134810153859
2001-01-31,-0.8361522585658817,-0.4445654982645072,,-0.4426076802980805,-0.7461225866591911,-0.823278693419324,,0.081248405871032,-2.0922358435493287,,-0.8791603616560939,-0.9178719449814003,2.6875251509054325,-0.4260100189650092,-0.3285337652714835,,-0.5803661582611468,-0.8395147455273262,-0.0490153187708356,-0.3709801975840172,,-0.0243960688840491,0.5983987174255608,-1.1959687946469868,-0.7520348570285742,,,-0.3890000440703363,-0.1850551289982169,0.3785781039077913,-0.7373687760932346,-0.6217341387783131,,,,0.0604659937741722,,-1.796,,,0.699181500317864,,-0.359927962332111,,-0.7123437557140245,,,,-0.9708242159008024,,,,,-0.8361522585658817,-0.395703048133732,-0.5722287469509441,-0.7730751557427062,,,,0.7424409421977797,,,,,1.3107751323064538,,0.790284550336399,-0.5841651629412521,-0.3359174768769186,0.6655518929817262,,-0.8616820432443986,,,0.8032578558225508,-0.8596464139581564,0.4993189787579332,7.457142857142857,,1.630582058013703,,,,,0.984925422605237,0.1810003748282037,0.0912114014251781,0.2096885813148788,0.0,0.0,0.3943742842857373,0.0,-0.5156680455529631,,-0.2928683105431725,-0.6578759105098856,0.1866331814269791,-0.0551459733392089,-0.8224079349280983,,0.3913149355991549,-0.4558770918383246,0.0,,,,0.0,0.0,0.0,0.5317995453043934,-0.337743803932385,-0.5528880551867966,-0.4238970595007334,0.5029773719730052,0.0,-0.0647725815610631,-0.4911296362774165,,7.2159,-0.0977286270596877
2000-10-31,-0.9221869641484518,-0.4445654982645072,,-0.6157882998123877,-0.8591071636137378,-0.9007502857825322,,-0.0367403250863728,-2.3619381202568595,,-0.9129492599332706,-0.9153901516927208,2.1201207243460765,-0.4534022420519485,-0.5438836524046663,,-0.6463198171865866,,0.0639101696697155,,,,0.5617859913581064,-1.2433961003587175,-0.8186508750105344,,,-0.3854391609007976,-0.2752629089188894,0.4438925616974144,-0.6524342287282822,-0.5436753613236194,,,,0.0517404018488821,,-1.996,,,0.700387035485176,,-0.1934818929416104,,-0.8136609983543609,,,,-1.2717238025771942,,,,,-0.9221869641484518,-0.5449276962137102,-0.6501038937573403,-0.8541517578022011,,,,-4.51514084106946,,0.6786614444039485,,,0.4793815043273386,,0.6496389111783223,-0.7618098943393865,-0.5449245452941467,0.1197234934553717,,-0.9521248174402452,,,-0.0725765044156911,0.482745309966803,0.058828643463645,-1.0625850340136054,,-0.1914068002817442,,,,,0.3179317202519058,,-0.0414698896185552,0.2411872837370242,0.0,0.0,-0.013812680440638,0.0,-0.7179580368270644,,-0.5182580060444778,-0.7404396462018731,-0.142985735852251,-0.3349036025118431,-0.9095479973916326,,-0.0090957555334706,-0.6396127437231865,0.0,,,,0.0,0.0,0.0,0.0765598585391446,-0.5397246828981728,-0.7342484850974964,-0.6168055019159817,0.1811565436019584,0.0,-0.0647725815610631,0.1045475294607758,,4.2937,0.1470060786734051
2000-07-31,-0.9672533991817748,,,-0.5410057595675732,-0.92976326411538,-0.9359633857125796,,-0.3184663899645233,-2.3619381202568595,,-0.9330423346082002,-0.9138790153347248,-1.014688128772636,-0.717461660710193,-0.7199696724277567,,-0.729183716851783,,0.2371882916704819,,,,0.5611408331895168,-1.354022982598596,-0.8765325105437731,,,-0.1720212125218515,-0.2017939667406572,,-0.7233922837078739,-0.5806124529233146,,,,0.0130176398452976,,-1.996,,,0.700387035485176,,-0.7811530366480787,,-0.84,,,,-1.2694869924629224,,,,,-0.9672533991817748,-0.6239603181078629,-0.6829885265154937,-0.8885130808807467,,,,0.527867101480564,,0.3280374935192267,,,0.1071238293690728,,-0.1556570582062835,-0.7126511113660781,-0.7158242068831148,-0.2802989086952347,,-0.9790902290457024,,,0.1338185459026494,-0.8682930595228905,-0.8850378184136553,-0.9303401360544218,,-0.2479349426906576,,,,,0.1011998674179648,,-0.0495179544501886,-0.2755839100346021,0.0,0.0,-0.5730552733020435,0.0,-0.8043598636085448,,-0.7222284408208068,-0.76505593132154,-0.6268211126317423,-0.7193742425911644,-0.9355287092013592,,-0.5764813510685209,-0.6906142291751067,0.0,,,,0.0,0.0,0.0,-0.5799506441521093,-0.6454527544247392,-0.8101034114881819,-0.6592966403854927,0.1181685854174937,0.0,-0.0647725815610631,-0.2486006408466621,,1.8546,0.2815162299148064
2000-04-30,-0.9730867020123382,,,-0.6000446071292689,-0.9751047841753674,-0.9235862295473546,,-0.3988104899482922,-2.3631056625802684,,-0.9349515410809396,-0.9118494599342049,-1.014688128772636,-0.7150438109342219,-0.6712422242517189,,-0.781995004517192,,0.1892378597808503,,,,0.5875923181016866,-1.4009081004409452,-0.867866051000039,,,0.0345100113113863,-0.4476911320548742,,-0.7443663482372398,-0.6500606229680576,,,,-0.0119564192057353,,-1.996,,,0.700387035485176,,-0.1059300887451993,,-0.8622007679648931,,,,-1.2697179674203745,,,,,-0.9730867020123382,-0.5478577633580826,-0.7173186376366428,-0.9242416252984912,,,,0.6658614276894641,,-0.3089416704738536,,,0.3507571362608479,,-0.5067218072958459,-0.564618470963323,-0.6685319550491143,-0.5691826415335872,,-1.002635984754034,,,-0.0547597042513863,0.0581332509843279,-0.33842408786623,-1.643265306122449,,0.0412883396298905,,,,,-0.5071793172025191,-0.8783474240972887,-0.1118904568953472,-0.7881163494809689,0.0,0.0,-0.3640134836534894,0.0,-0.8612753526788852,,-0.6988810133346813,-0.7865504682622269,-0.4612271964106832,-0.5958973229040432,-0.9582146411778838,,-0.3732945458374742,-0.7677563443339878,0.0,,,,0.0,0.0,0.0,-0.3323941472514233,-0.6898387714968353,-0.8609378298463775,-0.7512588500180208,0.3206298795818446,0.0,-0.0647725815610631,-0.7174734864097075,,2.4079,-0.1043371522094926
2000-01-31,-0.968781587964827,,,-0.7522336363994175,-0.9403613373172972,-0.9333198972889049,,-0.1528276949474807,-2.3689433741973147,,-0.9436196272200456,,,,-0.5245084693191805,,-0.7417149386193336,,0.0448439465928706,,,,0.5900116612338973,,-0.8225979504892336,,,0.3629456612753955,-0.4760743786616208,,-0.8110095964039131,-0.6825609716842456,,,,0.0128525610791434,,,,,,,-0.3594723023846204,,-0.9058987017736332,,,,-1.2686846584001945,,,,,-0.968781587964827,-0.3786193888374281,,-0.9584730058530632,,,,0.6691285920438147,,,,,0.4792394302830825,,0.3219924696006419,-0.6499848758253106,-0.5261200301367274,0.1919944314654206,,-1.0212303636946531,,,0.4968807763401109,,,-10.74095238095238,,-0.5343663955945444,,,,,0.5347961551209811,,0.6949280424758977,0.4836505190311418,,,0.1571523039950968,,,,-0.4858691374161843,,0.0653075045501361,-0.1893577173074804,-0.9761300065209184,,0.2182059905620018,-0.6638952081190854,,,,,,,,0.2842819112760624,-0.5359162371180182,-0.7812745724482553,-0.6323077310368159,-0.8822283975122404,,,,,4.5275,-0.166515737161789
1999-10-31,-0.9963220698335112,,,-0.7679773290825364,-0.934599632144298,-0.9777366876524884,,-0.2046050038259095,-2.3689433741973147,,-0.9691474434027187,-0.9120590335896934,,-0.6768115613516787,-0.6091258421932348,,-0.7304751023011107,,0.1281119962559391,,,,0.5935600311611395,-1.4496587556916878,-0.8639202333529136,,,0.032888222937141,-0.4842800480331866,,-0.744058591843523,-0.6359081106020451,,,,-0.0681067823790208,,-1.996,,,0.7147315494422932,,-0.3511619328661011,,-0.9150747851526788,,,,-1.2686846584001945,,,,,-0.9963220698335112,-0.504936239243222,-0.7173186376366428,-0.970979502979262,,,,0.7161958783581609,,0.3976037822049516,,,0.4743378757562483,,0.0550459848157521,-0.660168486782862,-0.6082451209691918,0.1474701571350849,,-1.0417482990774054,,,0.1235238241938796,0.0581332509843279,-0.259947257078274,-15.054421768707485,,-0.4478452967919575,,,,,0.3671859463042757,,0.3717758837501747,0.3869485294117647,0.0,0.0,-0.1146626667311817,0.0,-0.8612753526788852,,-0.6057657241277212,-0.7862578043704475,-0.2174471267124737,-0.4152208879585766,-0.9958986855201292,,-0.1115447646752973,-0.7265226920959414,0.0,,,,0.0,0.0,0.0,-0.0371917688436352,-0.6258001425659726,-0.8274845888688492,-0.7048258424517198,0.1724229191478099,0.0,-0.0647725815610631,-0.5431951036833171,,5.034,0.0077593410528828
1999-07-31,-1.0327993940742033,,,-0.6420277876175857,-0.9855911787564472,-1.0091386429168585,,-0.3527488580239757,-2.370110916520724,,-0.9858792971755156,,,,-0.6192200989092413,,-0.7899240048891959,,0.1380452882146866,,,,0.611856716822338,,-0.9174724126090068,,,-0.461040353737899,-0.4796222844874641,,-0.767525794027039,-0.6873839848067039,,,,0.0,,-1.996,,,,,-0.3344110052726365,,-0.9285997440117024,,,,,,,,,-1.0327993940742033,-0.6128231832863786,-0.7621284668895113,-0.9898946147298324,,,,0.6719487919521553,,,,,0.4931390076128009,,-0.1547929140176532,-0.6112530813332916,-0.6180420659880607,-0.2106682241495183,,-1.05742172193923,,,-0.0077531320599712,0.1970971975604107,0.0414408670704494,-7.715374149659864,,-0.5204328616251521,,,,,0.028929400066291,,-0.0201201620790834,-0.0664359861591695,,,-0.2716665860228061,,-0.8132743378002849,,-0.6897348590163461,-0.8222554630593132,-0.3506356081662599,-0.5230979398479674,-1.0109997597556373,,-0.2668702571426691,-0.7802249992209168,,,,,,,,-0.2229562987000369,-0.6890034351951685,-0.8924018979316286,-0.7560480367711303,0.07502977371973,,,,,4.9054,-0.1417672489680941
1999-04-30,-1.058657530852379,,,-0.7338659949357789,-1.018556884303228,-1.0328873846206343,,-0.4452894938205764,-2.3677758318739053,,-0.997531850472764,,,,-0.5707338927851395,,-0.8283573364510814,,0.0903322514896546,,,,0.5542053828771796,,-0.94785533427503,,,-0.5778443729525656,-0.5440850041847094,,-0.8227851642766326,-0.7221590360411593,,,,0.097773794925007,,-1.996,,,,,-0.4342656280512943,,-0.9470016456390564,,,,,,,,,-1.058657530852379,-0.6029123091616793,-0.7948324148522902,-1.004998079110515,,,,0.627792577105609,,,,,0.502350141482069,,-0.089401888772298,-0.5807544007871525,-0.5709839507711039,-0.3344481070182737,,-1.0670038827342998,,,0.131867426576299,0.0890141280012352,0.1109919726432318,-2.1700680272108843,,-0.5677146699109944,,,,,-0.1050182300298309,,-0.0448232499650691,-0.2137651384083045,,,-0.3717811003048338,,-0.9271053159409656,,-0.7387045174708519,-0.8453108740894901,-0.4376370331701398,-0.5934031067533326,-1.0202320074132547,,-0.368332027984915,-0.8225572626133566,,,,,,,,-0.3416046479995336,-0.7365416647263844,-0.9255774481065312,-0.8042247995142046,0.0615323541087733,,,,,4.66,0.2039914163090128
1999-01-31,-1.0699193882176716,,,-0.8742472546935883,-1.0095929656143805,-1.0541419272832744,,-0.3444130127298444,-2.37594862813777,,-1.0059489966181538,,,,-0.5405028173625351,,-0.8179066801296699,,0.0605832460058263,,,,0.5427538253847158,,-0.9585167146948688,,,-0.5601927342705625,-0.5654270223063207,,-0.8442317436731192,-0.7477387096428073,,,,0.0899915102348835,,,,,,,-0.4488033501855187,,-0.958006216858658,,,,,,,,,-1.0699193882176716,-0.5782575099468701,,-1.0179000534835896,,,,-4.494112210771113,,,,,0.4930442915832968,,0.36324918214925,-0.6777403439967457,-0.5416432878467208,0.0351473741479182,,-1.069639867488334,,,0.5444906551653317,,,-4.65578231292517,,-0.7142472946148428,,,,,0.3408816705336427,,-0.0655023054352382,0.347610294117647,,,-0.0964823148013741,,,,-0.634771273926058,,-0.1971076653921582,-0.4062399471190922,-1.022771733534681,,-0.0878247191307037,-0.745450050380712,,,,,,,,-0.0038862872354895,-0.6395351919446643,-0.8832210999672722,-0.7086399999017603,0.0684133915574963,,,,,4.2314,-0.024162770727984
1998-10-31,-1.081146050078979,,,-0.8339040421930964,-0.9828174464797304,-1.0836766989131732,,-0.4077955804948176,61.26211325160537,,-1.0230603541622696,,,,-0.6366377750590182,,-0.7866902269224637,,0.1551852190987801,,,,0.4888798925166491,,-0.977967822152678,,,-0.5601927342705625,-0.6104399403224046,,-0.7657507546248947,-0.6553825684824944,,,,0.0811951702669559,,-1.996,,,,,-0.4403193959250981,,-0.9587156701407936,,,,,,,,,-1.081146050078979,-0.6772582634612708,-0.8071189809377541,-1.019474429571152,,,,-5.2321747133750725,,,,,0.464842593798468,,0.1149188321708536,-0.704786540527573,-0.6349467297386115,-0.1808493615387077,,-1.079186406867809,,,-0.0441569110700349,-0.0190689415579402,0.0878082707856377,-2.4593197278911565,,-0.5789588269193827,,,,,0.1212727875372886,,-0.0353220623166131,-0.0014273356401384,,,-0.339317107788584,,-0.8749899283584853,,-0.7336746742156441,-0.8477172216441207,-0.4076470505241474,-0.5729998898314421,-1.0319696605690358,,-0.3333574658251008,-0.8208835841981157,,,,,,,,-0.3070944173483862,-0.731291798158105,-0.932740737382424,-0.7986472389417371,0.0242159587137753,,,,,2.4235,0.6258402444347447
1998-07-31,-1.1059792937810953,,,-0.8335760485955314,-1.0310785647701814,-1.098716537851257,,-0.5169615322187957,61.1138353765324,,-1.0325967614303166,,,,-0.6634466596591595,,-0.8429558378062391,,0.1815666046047879,,,,0.450334917734269,,-1.0147166294138883,,,,-0.6274153051199011,,-0.8298262575268199,-0.7184680093134046,,,,0.090510329214225,,52.304,,,,,-0.4201401696790852,,-0.9675845675626256,,,,,,,,,-1.1059792937810953,-0.6959257428356139,-0.8213930797723371,-1.032643821892114,,,,-5.230477878653592,,,,,0.4884979221671027,,-0.0799703721992469,-0.6769441518119457,-0.6609659975097898,-0.3338400486446699,,-1.081252448972322,,,0.0541178886835079,0.2202578553230911,0.0762164198568406,-1.8209523809523809,,-0.6390471921623871,,,,,-0.0530062976466688,,-0.0072656140841134,-0.1828287197231834,,,-0.4289543717036822,,-0.963448941491906,,-0.7746825204822584,-0.8583181581685744,-0.4854720148990504,-0.6342800484741655,-1.033960256718262,,-0.4241175734998914,-0.8482109133971143,,,,,,,,-0.4092649087694071,-0.7647296082301401,-0.9580276018990652,-0.8280700375582761,0.0104538838163292,,,,,3.0781,-0.0253403073324452
1998-04-30,-1.1129726404230218,,,-0.8611275107909894,-1.0295925553663856,-1.1100060142294108,,-0.5091937765205092,60.512551079976646,,-1.0391645141973598,,,,-0.6358485689176848,,-0.841223361853643,,0.1544085977745899,,,,0.4493671804813847,,-1.022791908117919,,,,-0.6161711728103053,,-0.8701019326479795,-0.7185645768731425,,,,0.0913357230449957,,51.804,,,,,-0.4068392388309068,,-0.9727262753702688,,,,,,,,,-1.1129726404230218,-0.6767087258887391,-0.8288011563826904,-1.0404177746306995,,,,-5.241113396282872,,,,,0.4874560458425583,,-0.031541262885007,-0.6627413348909494,-0.6341807685199974,-0.3108938458091976,,-1.0851351832721832,,,0.1551139864448552,0.312900486373813,0.0762164198568406,-1.5273469387755103,,-0.6666837420759428,,,,,0.0341796486576068,,0.1522425597317311,-0.1401492214532872,,,-0.5086563119949679,,-1.001849753394786,,-0.8174560475470036,-0.8618626430801248,-0.5552040859517192,-0.689690426352319,-1.0377012046538765,,-0.50543968303069,-0.8812174473080079,,,,,,,,-0.5036628257194489,-0.8020360426838223,-0.990149060455838,-0.8629230371548793,0.0107185391028185,,,,,2.4313,-0.0112285608522189
1998-01-31,-1.1164851517207786,,,-0.8835753926083363,-1.0227300180737031,-1.1185379024415212,,-0.4814385419806617,59.94279042615295,,-1.043125241057083,,,,-0.6217703720297072,,-0.8332226178455652,,0.1405548942404541,,,,0.4763735014185415,,-1.023962949313161,,,,-0.5820384993268076,,-0.8859187460947578,-0.715254455519909,,,,0.1000613149702858,,,,,,,-0.4327250634669212,,-0.9786637410861218,,,,,,,,,-1.1164851517207786,-0.6669058394966332,,-1.045815097438061,,,,-5.241113396282872,,,,,0.5018765613345488,,0.4599962965249058,-0.7869751302938958,-0.6205172245110935,-0.0219781098985502,,-1.0835678409860008,,,0.5109750462107209,,,-0.6819047619047619,,-0.7458282640712045,,,,,0.3615909844216108,,0.0926645242420008,0.2837370242214533,,,-0.2958081321269011,,,,-0.7387767334544154,,-0.3684128842925067,-0.543448275862069,-1.0361910972303257,,-0.2876022614338649,-0.8189622612110069,,,,,,,,-0.2494607776460758,-0.7246549581078129,-0.9604474788933738,-0.7838007600070979,-0.0033081910811168,,,,,1.0078,1.5471097948886696
1997-10-31,-1.123682632285821,,,-0.8729352803033285,-1.00641810196486,-1.1370732456364847,,-0.591114614974378,59.36135434909515,,-1.0549194207617438,,,,-0.7449141005979356,,-0.8142052399426051,,0.261734951690084,,,,0.4467865478070267,,-1.0352456985304754,,,,-0.5216149339543684,,-0.8155544433495087,-0.6261065032886619,,,,0.0928450146212621,,50.804,,,,,-0.4578080586716427,,-0.98049954287804,,,,,,,,,-1.123682632285821,-0.7526528986307156,-0.8342217002439245,-1.0460015367115878,,,,0.326421792205923,,,,,0.4726093082177995,,0.1206221838158138,-0.8156276184813938,-0.7400339330854272,-0.2275978493935417,,-1.0892672674812096,,,0.0,0.0195321547131938,0.0414408670704494,-0.8329251700680272,,-0.7319971825574694,,,,,0.1748757043420616,,-0.0187788179404778,0.0,,,-0.4986177642296092,,-0.998421109474886,,-0.8122673291279559,-0.8656347554630593,-0.5433525685342212,-0.681458631706511,-1.0416823969523286,,-0.4916183468365594,-0.8743066679131998,,,,,,,,-0.4917319239064959,-0.7945738960987789,-0.9879558698310196,-0.8536614867723276,-0.0612676988222839,,,,,0.8035,0.0991910392034847
1997-07-31,-1.1442086502101876,,,-0.8821191010351478,-1.0578085007942857,-1.1441239699032604,,-0.6642474551904839,59.29713952130765,,-1.059234213639998,,,,-0.7733151827408543,,-0.8741191475793165,,0.2896831452824494,,,,0.4471091268913215,,-1.0706536573339758,,,,-0.5570394090462502,,-0.8689361887323857,-0.7132319016298458,,,,0.0862182812942175,,50.804,,,,,-0.4616052249007312,,-0.981976961053209,,,,,,,,,-1.1442086502101876,-0.772429052059686,-0.8356671786069202,-1.0475740295741651,,,,0.0543067710523026,,,,,0.471614789908007,,-0.1030183322017159,-0.7812940035254973,-0.7675985025290936,-0.3629708452011393,,-1.0924019520535746,,,0.1434457794208256,-0.3973596850150544,,-1.146938775510204,,-0.7246462188640584,,,,,-0.0170633079217766,,-0.0334218247869218,-0.1860618512110726,,,-0.6077901969323075,,-1.0340790062418463,,-0.8613778087504107,-0.8684963579604579,-0.6365845055518715,-0.7550336014101575,-1.0447026117994302,,-0.6003461915637196,-0.8917298762815918,,,,,,,,-0.6201737170394264,-0.8214293134266341,-1.0182241673172092,-0.8662902038412962,-0.1144634114066428,,,,,0.4329,0.4319704319704319
1997-04-30,-1.1482068594629449,,,-0.8965508193280067,-1.07305833042741,-1.1430458872907816,,-0.6736962923458623,59.28779918272037,,-1.058456643412894,,,,-0.7392828218427446,,-0.8918982834670777,,0.2561934702764297,,,,0.4479155746020584,,-1.0766145211623872,,,,-0.6913867763181835,,-0.8883807972444923,-0.7447558450197963,,,,0.079473634562777,,50.804,,,,,-0.4567014559420227,,-0.9833534466995796,,,,,,,,,-1.1482068594629449,-0.7487317440738732,-0.8378353961514139,-1.0497717531318032,,,,0.0295029562042413,,,,,0.4717331849448871,,-0.2288130362323313,-0.7115315747568832,-0.7345685154818657,-0.4471389253368323,,-1.0960353364442703,,,0.1129980488806736,0.3283409248822667,,-1.0585034013605443,,-0.7108151373503233,,,,,-0.0739410009943652,,-0.0183317032276093,-0.305655276816609,,,-0.7093885582490606,,-1.0519079546253265,,-0.9003744398747775,-0.8718132154006244,-0.7284055476388673,-0.8276302743197091,-1.0482033153722072,,-0.7074286391249119,-0.9201042932676826,,,,,,,,-0.7420088218720245,-0.8575465040889211,-1.033327146684499,-0.9016736979705514,-0.0453883816329231,,,,,0.329,-0.0525835866261399
1997-01-31,-1.1406693903294018,,,-0.9017987168890464,-1.056017084549833,-1.1396005016123254,,-0.6023488765738401,58.848803269118505,,-1.055981618817337,,,,-0.6701325108128134,,-0.8720306106180581,,0.188145842023692,,,,0.447754285059911,,-1.0600790672927314,,,,-0.6564717441141152,,-0.9143970927901072,-0.7376581293790706,,,,1.8227289878313369,,50.404,,,,,-0.4606722069130123,,-0.9869197293837996,,,,,,,,,-1.1406693903294018,-0.7005812139740926,-0.8418104616496522,-1.0540184254732543,,,,-5.658868044587362,,,,,0.4724435551661674,,0.3325473736189124,-0.7998706622302421,-0.6674549266107136,-0.0906567030434921,,-1.1005236348092473,,,0.6197627849661121,0.2125376360688643,,-0.8171428571428572,,-0.7333546775949286,,,,,0.3792774279085183,,0.0054771552326393,0.1856509515570934,,,-0.4945146046031515,,-1.003221210962746,,-0.8144229762373306,-0.8759105098855359,-0.5386683973644483,-0.6805860967279939,-1.0525277139032845,,-0.4861556282455459,-0.8450746361681574,,,,,,,,-0.4851640984785185,-0.768778768416264,-0.9936910349791236,-0.8079800131272837,-0.0869392616117507,,,,,0.2563,-0.0811548966055403
1996-10-31,-1.137040029958413,,,-0.9004867424987865,-1.0294672018123845,-1.146524329903943,,-0.6710181556797365,60.0758902510216,,-1.060385787583764,,,,-0.7576964830355143,,-0.841077217409789,,0.2743135040543702,,,,0.4471091268913215,,-1.0520591331779492,,,,-0.6466831629125578,,-0.8176869775524351,-0.643386731617292,,,,0.0726110744269408,,51.504,,,,,-0.463037299021416,,-0.988704333516182,,,,,,,,,-1.137040029958413,-0.7615534875238172,-0.8437979943987713,-1.0561106884317255,,,,-3.165554315755186,,,,,0.4798077264601068,,-0.0725757669279674,-0.7741108897534585,-0.7524398289799253,-0.3562582007872756,,-1.1038008050439925,,,-0.0863370301910043,0.0658534702385547,0.058828643463645,-0.7983673469387755,,-0.7353012742524172,,,,,0.0,,0.0030180243118625,-0.1724913494809688,,,-0.5864098966145708,,-1.0368219213777663,,-0.8585000018053995,-0.8789021852237253,-0.6194844589923388,-0.7445014872755316,-1.0556852112434365,,-0.5804039779121885,-0.906402401653734,,,,,,,,-0.5956123817111323,-0.8319075542055171,-1.0222931876495598,-0.886208308747818,-0.0768823607251554,,,,,0.4849,0.2070530006186843
1996-07-31,-1.1498751263518594,,,-0.8913029217669671,-1.064260790092055,-1.1496892648137722,,-0.6626591230551626,58.42265032107414,,-1.0618604897386168,,,,-0.7321627349956059,,-0.881641600680236,,0.2491869215612462,,,,0.4450123628434056,,-1.0737856579528289,,,,-0.6726465558021906,,-0.8919775058054047,-0.7291548192577174,,,,0.0943307235166493,,50.004,,,,,-0.4645127693275761,,-0.9901100749680014,,,,,,,,,-1.1498751263518594,-0.7437739072841325,-0.8454241575571416,-1.05779240834344,,,,-5.660110370008447,,,,,0.4720883700555273,,0.0,-0.7687913524488994,-0.7276581404702634,-0.3223669472269337,,-1.1011291988743632,,,0.0938591086465393,0.1584961012892766,,-0.004625850340136,,-0.7268489466606902,,,,,0.1063705667882002,,-0.2275813888500768,-0.1302551903114187,,,-0.6246802470927888,,-1.0484793107054264,,-0.8751493968159972,-0.876463319458897,-0.6536845521114043,-0.7705453343615732,-1.0531111644987472,,-0.6202884052152509,-0.9156417048417422,,,,,,,,-0.6409653537492956,-0.8442140782106896,-1.0312529664036632,-0.8959782497241613,-0.0599444223898372,,,,,0.5022,-0.1724412584627637
1996-04-30,-1.1565334117958437,,,-0.9135015284501646,-1.0844860162412624,-1.150313081162239,,-0.67849606974749,58.38295388207823,,-1.062098367102523,,,,-0.7268898730032912,,-0.905221342403146,,0.2439981415349971,,,,0.4769815629924371,,-1.0865677424061564,,,,-0.6762854335722863,,-0.922628799159421,-0.7694342213972253,,,,0.0894962739364211,,,,,,,-0.4760344565712673,,-0.9890817334064728,,,,,,,,,-1.1565334117958437,-0.7401023243759509,,-1.0554685087117988,,,,-5.660170971248499,,,,,,,-0.0073946052712795,-0.7613891989054965,-0.7225405829834524,-0.3511057061477902,,-1.099668720834966,,,0.2066261039227767,,,0.5594557823129251,,-0.7717231222385862,,,,,0.0805435863440503,,-0.0429230124353779,-0.150151384083045,,,-0.6956210383703488,,,,-0.9026961837463484,,-0.7161815539596766,-0.8189842458962212,-1.051704018944984,,-0.6931729180789659,-0.9328006481972017,,,,,,,,-0.7249480209082253,-0.8669400972170979,-1.043108663528005,-0.9161959858019032,-0.0496228662167526,,,,,0.3567,0.2525932155873281
1996-01-31,-1.1565334117958437,,,-0.9135015284501646,-1.0844860162412624,-1.150313081162239,,-0.67849606974749,58.38295388207823,,-1.062098367102523,,,,-0.7268898730032912,,-0.905221342403146,,0.2439981415349971,,,,0.4769815629924371,,-1.0865677424061564,,,,-0.6762854335722863,,-0.922628799159421,-0.7694342213972253,,,,-0.4310914064710876,,50.005,,,,,-0.4760344565712673,,-0.9890817334064728,,,,,,,,,-1.1565334117958437,-0.7401023243759509,-0.8432179962056193,-1.0554685087117988,,,,-5.660170971248499,,,,,,,-0.0073946052712795,-0.7613891989054965,-0.7225405829834524,-0.3511057061477902,,-1.099668720834966,,,0.2066261039227767,,,0.5594557823129251,,-0.7717231222385862,,,,,0.0805435863440503,,-0.0429230124353779,-0.150151384083045,,,-0.6956210383703488,,-1.0629756171987637,,-0.9026961837463484,-0.8751300728407908,-0.7126373858938725,-0.8162168117219346,-1.051704018944984,,-0.6931729180789659,-0.9328006481972017,,,,,,,,-0.7249480209082253,-0.8669400972170979,-1.043108663528005,-0.9161959858019032,-0.0496228662167526,,,,,0.1801,0.4997223764575235
1995-10-31,-1.120071573576905,,,-0.9096705632306056,-0.952730314363922,-1.1567218610840968,,-0.7003385350244626,,,-1.0659504678827745,,,,-0.7770578808608894,,-0.7516129032258064,,0.4283422695656008,-0.2289341746725939,,-0.0177534369719965,0.5601730959366326,,-1.0273251331100264,,,,-0.5246715912812489,,-0.7577739575917907,-0.6627109732937049,,,,-0.418946325818319,,,,,,,-0.4018052813157723,,-0.9822066191259828,,,,,,,,,-1.120071573576905,-0.7750351560062777,,-1.053059863955827,,,,0.4005606220717291,,,,,0.7318944389851177,,0.1546818097648293,-0.8291385478706205,-0.7438035326198299,-0.4052709060069767,,-1.0984932141203292,,,0.1113164920928322,,,2.980952380952381,,-0.7529487097393865,,,,,-0.071276102088167,,0.2987844068743887,-0.2312824394463667,,,-0.6616990048547604,,,,-0.8655410602028547,,-0.6829634437123467,-0.7927553156329183,-1.050571438377321,,-0.6452194630739968,-0.8864944373461311,,,,,,,,-0.6846083594038436,-0.8218004148025031,-1.0054390560779574,-0.864094545914486,-0.3179833267169512,,,,,0.2701,-0.0640503517215845
1995-07-31,-1.123731905991401,,,-0.8991747681085265,-0.9711914741350036,-1.1536294381600722,,-0.7061353676351242,,,-1.064919207634626,,,,-0.7867075629383282,,-0.7731359940479354,,0.4005331217125009,-0.2729484352930349,,-0.0246395882331951,0.5616247018159589,,-1.032356459405373,,,,-0.5883519522579237,,-0.753110981929415,-0.6444704342321269,,,,-0.4071549853787378,,,,,,,-0.4799184151713064,,-0.9839619674529164,,,,,,,,,-1.123731905991401,-0.7817543927009891,-0.8409070376727799,-1.048540123991533,,,,0.4005606220717291,,,,,0.7532055456235275,,0.1657922350472193,-0.8291385478706205,-0.7424656090938662,-0.3652670656383013,,-1.1020553556798347,,,-0.0208975148901211,,,3.2258503401360543,,-0.6684254338221169,,,,,0.0361153463705667,-0.9271583857398692,-0.0700852312421405,-0.2129000865051903,,,-0.6616990048547604,,-1.0176215154263262,,-0.8821507364224924,-0.8740569719042663,-0.6807060118232995,-0.7918739671697698,-1.0540035007035728,,-0.6518010517378685,-0.9160788224417504,,,,,,,,-0.680722072168354,-0.8480210911669992,-1.0286744089507114,-0.8977416528465882,-0.1856556834722773,,,,,0.4572,-0.0909886264216972
1995-04-30,-1.1428782601595342,,,-0.9398459742065834,-1.0361474066628833,-1.152243179607923,,-0.7304820645999026,,,-1.059144150244993,,,,-0.7877414574466252,,-0.848865387681352,,0.3611933515788474,-0.320563862691512,,-0.0320891518703099,0.5488828279863162,,-1.0616639350757655,,,,-0.6101852188784979,,-0.811242745187032,-0.7222609684653268,,,,-0.388288840675408,,,,,,,-0.4799184151713064,,-0.9896668495154508,,,,,,,,,-1.1428782601595342,-0.7824743109182797,-0.8365706025837926,-1.0558847014335109,,,,-0.2602134224171562,,,,,0.8716005825035814,,0.2275168199493858,-0.7721186708805746,-0.7257415650193204,-0.494079431625436,,-1.109179638798846,,,0.0894947627849661,,,4.586394557823129,,-0.681231990779279,,,,,-0.0924892277096453,-0.9271583857398692,-0.0589073634204275,-0.3815852076124567,,,-0.784277672940759,,-1.0450506667855264,,-0.9305354454101328,-0.8773087929240374,-0.7879340265530426,-0.8773647680951856,-1.0608676253560765,,-0.7768512363514305,-0.9330316723280044,,,,,,,,-0.8400598488234265,-0.8762477209145715,-1.0507763299760138,-0.9132144100489418,-0.1856556834722773,,,,,0.5888,-0.2789994963908007
1995-01-31,-1.1451307724146087,,,-0.9687094107923012,-1.0584831308303648,-1.1452052515739366,,-0.6759918380596842,,,-1.059144150244993,,,,-0.7525890441645271,,-0.8749056704044216,,0.2692875092838466,-0.320563862691512,,-0.0320891518703099,0.5588827795994535,,-1.0612865856036144,,,,-0.5628798078672538,,-0.843261844735345,-0.7093852938336248,,,,-0.378855768323743,,,,,,,-0.4755787966237768,,-0.9947866154690072,,,,,,,,,-1.1451307724146087,-0.7579970915304022,-0.8436173096033969,-1.0628526338784643,,,,0.1481816673673685,,,,,0.0428353243432035,,-0.2045552743657799,-0.8301815944009262,-0.8428098735411407,-0.0396358050372835,,-1.116303921917857,,,0.3795953994660094,,,-4.937414965986394,,-0.6453736312992252,,,,,0.3887835598276433,,-0.0589073634204275,0.2174632352941176,,,-0.3726714085256689,,-1.0704226317927863,,-0.7962137159817583,-0.8838124349635796,-0.4278736402500105,-0.5979773052770739,-1.06773175000858,,-0.356945879596417,-0.8748601286006628,,,,,,,,-0.3387287954452713,-0.7803918056804301,-1.0207403860185515,-0.8402714118092749,-0.1856556834722773,,,,,0.4087,0.0168827991191583
1994-10-31,-1.1421039590718522,,,-0.8847430498156676,-1.020649149077284,-1.1583213901827305,,-0.7420757298212257,,,-1.0673942322301828,,,,-0.7877414574466252,,-0.8307966200775894,,0.3652629829719839,-0.3157623069874639,,-0.0313379353690883,0.5585602005151588,,-1.0494629688095505,,,,-0.5483242967868709,,-0.804714579259706,-0.6868528632281462,,,,-0.3812140364116593,,,,,,,-0.4734089873500119,,-1.002246845858475,,,,,,,,,-1.1421039590718522,-0.7824743109182797,-0.8503026470322522,-1.0726454038011013,,,,-0.1445779540263842,,,,,0.8195067662763577,,-0.2045552743657799,-0.8301815944009262,-0.7815998722283033,-0.3996703683553621,,-1.116303921917857,,,-0.0016430478537687,,,3.987755102040816,,-0.6965998591278735,,,,,-0.1030957905203844,,-0.0589073634204275,-0.2475021626297578,,,-0.5623457686166352,,-1.032707548673886,,-0.8713183388879461,-0.8903160770031218,-0.5937948840949815,-0.7275355293599207,-1.06773175000858,,-0.5504445863142445,-0.9308710149895604,,,,,,,,-0.5641334551036667,-0.8497404797810645,-1.0553100573658194,-0.908056824314824,-0.1856556834722773,,,,,0.8,-0.108125
1994-07-31,-1.1600536661044771,,,-0.8978627937182666,-1.071018486230482,-1.161946989472966,,-0.7583068611310779,,,-1.0695942540929,,,,-0.7877414574466252,,-0.8897858319604612,,0.315409998406061,-0.3745813643620533,,-0.0405403375090537,0.5569473050936851,,-1.0775126129061066,,,,-0.6229212910738329,,-0.8581833668549472,-0.7195785362503889,,,,-0.3623478917083294,,,,,,,-0.4712391780762471,,-1.006927774730298,,,,-1.288159494286409,,,,,-1.1600536661044771,-0.7824743109182797,-0.8596982563917246,-1.0788600462520055,,,,-0.1445779540263842,,,,,0.5519339829274357,,0.0608604407135362,-0.8301815944009262,-0.770896484020594,-0.3996703683553621,,-1.1198660634773625,,,0.0265968371328814,,,0.9129251700680272,,-0.694038547736441,,,,,-0.0023334438183626,,-0.696045829258069,-0.2485834775086505,,,-0.6578280995467815,,-1.0745370044966664,,-0.912120369601404,-0.8903160770031218,-0.6807060118232995,-0.7962807094855129,-1.071163812334832,,-0.6518010517378685,-0.9572975162828384,,,,,,,,-0.8983541573557702,-0.8835551225243491,-1.075711830619945,-0.9382655407575142,-0.106259097525473,,,,,0.4918,0.4929901653065495
1994-04-30,-1.1681486320211512,,,-0.8808071266448879,-1.099963761427116,-1.1606673661940592,,-0.7594662276532103,,,-1.0686317445279612,,,,-0.7481088346285734,,-0.9232661954615508,,0.264878741941282,-0.3745813643620533,,-0.0405403375090537,0.5563021469250955,,-1.0871979160246483,,,,-0.6229212910738329,,-0.9051239885228626,-0.7683988025622592,,,,-0.3576313555324969,,,,,,,-0.4799184151713064,,-1.012486377765588,,,,-1.288159494286409,,,,,-1.1681486320211512,-0.7548774459221432,-0.8656608546390822,-1.085263011201422,,,,-1.5463629029509016,,,,,1.084711648887679,,0.3386210727732856,-0.7408272749714031,-0.6956382856851381,-0.4036707523922296,,-1.1234282050368682,,,0.1036147052782912,,,7.035374149659864,,-0.7170903502593328,,,,,0.0440702684786211,,-0.0812630990638535,-0.2442582179930796,,,-0.706859566781181,,-1.0985375119359666,,-0.9312576052457692,-0.8935678980228928,-0.7190823539371023,-0.8271279056957145,-1.0745958746610835,,-0.6965558546521959,-0.9742503661690922,,,,,,,,-0.7429026679361872,-0.9030415268170892,-1.086479433170733,-0.9586502843733136,-0.2121212121212121,,,,,0.4502,-0.1276595744680851
