,totalAssets,intangibleAssets,earningAssets,otherCurrentAssets,totalLiab,totalStockholderEquity,deferredLongTermLiab,otherCurrentLiab,commonStock,capitalStock,retainedEarnings,otherLiab,goodWill,otherAssets,cash,cashAndEquivalents,totalCurrentLiabilities,currentDeferredRevenue,netDebt,shortTermDebt,shortLongTermDebt,shortLongTermDebtTotal,otherStockholderEquity,propertyPlantEquipment,totalCurrentAssets,longTermInvestments,netTangibleAssets,shortTermInvestments,netReceivables,longTermDebt,inventory,accountsPayable,totalPermanentEquity,noncontrollingInterestInConsolidatedEntity,temporaryEquityRedeemableNoncontrollingInterests,accumulatedOtherComprehensiveIncome,additionalPaidInCapital,commonStockTotalEquity,preferredStockTotalEquity,retainedEarningsTotalEquity,treasuryStock,accumulatedAmortization,nonCurrrentAssetsOther,deferredLongTermAssetCharges,nonCurrentAssetsTotal,capitalLeaseObligations,longTermDebtTotal,nonCurrentLiabilitiesOther,nonCurrentLiabilitiesTotal,negativeGoodwill,warrants,preferredStockRedeemable,capitalSurpluse,liabilitiesAndStockholdersEquity,cashAndShortTermInvestments,propertyPlantAndEquipmentGross,propertyPlantAndEquipmentNet,accumulatedDepreciation,netWorkingCapital,netInvestedCapital,commonStockSharesOutstanding,investments,changeToLiabilities,totalCashflowsFromInvestingActivities,netBorrowings,totalCashFromFinancingActivities,changeToOperatingActivities,changeInCash,beginPeriodCashFlow,endPeriodCashFlow,totalCashFromOperatingActivities,issuanceOfCapitalStock,depreciation,otherCashflowsFromInvestingActivities,dividendsPaid,changeToInventory,changeToAccountReceivables,salePurchaseOfStock,otherCashflowsFromFinancingActivities,changeToNetincome,capitalExpenditures,changeReceivables,cashFlowsOtherOperating,exchangeRateChanges,cashAndCashEquivalentsChanges,changeInWorkingCapital,stockBasedCompensation,otherNonCashItems,freeCashFlow,researchDevelopment,effectOfAccountingCharges,incomeBeforeTax,minorityInterest,sellingGeneralAdministrative,sellingAndMarketingExpenses,grossProfit,reconciledDepreciation,ebit,ebitda,depreciationAndAmortization,nonOperatingIncomeNetOther,operatingIncome,otherOperatingExpenses,interestExpense,taxProvision,interestIncome,netInterestIncome,extraordinaryItems,nonRecurring,otherItems,incomeTaxExpense,totalRevenue,totalOperatingExpenses,costOfRevenue,totalOtherIncomeExpenseNet,discontinuedOperations,netIncomeFromContinuingOps,netIncomeApplicableToCommonShares,preferredStockAndOtherAdjustments,adjusted_close,10%DDret
2023-07-31,2.304385585866385,1.703582355633718,,0.5405454054540545,2.677624012928288,1.8430710438539843,,1.6813030763281,0.4450704225352113,0.0,1.4725644114732812,,1.2286811521824423,-0.3670787627660204,1.4561115749152875,1.0557768924302788,2.324088400697461,-0.6175025793436918,4.8550508210625845,1.3234360903639968,-0.1712191872085276,3.8820127797447657,3.129427764596888,2.628755200098245,1.7911474606315487,0.1257305497602829,,,1.990270329341559,1.8326172239865497,0.9541527262031692,1.8844450199764624,,,,0.2721413225113392,,,,,,,0.4956292819420192,,2.5923604313056487,-0.8394160583941606,1.4437270126685735,-2.616443475814342,2.861425933884803,,,,0.8473625140291807,2.304385585866385,1.482812149042901,,3.5888340387696696,,0.5156079458633486,-1.1269420691316392,0.6930003701930484,-2.234833266372037,,-2.5315618363933625,,-3.618634484548505,,2.359960728311317,0.8983058468517529,1.374563847082648,3.179258177019512,,2.2937482158150155,0.7515605493133583,-3.228469288267793,,,-2.159294924106414,-0.0211150615597199,,0.9582804568527918,,,,,2.566786842925179,1.6922438822065533,-22.82877526753865,3.229869837859445,,,5.503149880706646,,0.8512257767234686,,2.0463221999069434,1.2339735951575237,4.8388883274381005,3.60008746036952,1.9733352345643804,,4.468024721324944,1.4222869643623453,5.667582020523197,0.6060606060606061,1.7219730941704037,-1.8035714285714288,,,,2.295946941783346,1.3898062994477676,1.5189621212371789,1.4049778661345769,1.5359019264448337,,3.438470953770832,4.63621515378014,,46.0214,-0.1637868469885749
2023-04-30,2.28336084212316,1.8585688244316487,,0.4939567042729251,2.717738028535833,1.7401436722302484,2.2584615384615385,1.7496844957288205,0.4450704225352113,0.0,1.3249543248429545,,1.227765447064848,-0.367187461785501,0.9355595933801504,0.0,2.1520976137561827,,5.194321389340786,1.3455299771082785,-0.1712191872085276,4.077375764169828,3.239889894199848,0.9831447738053206,1.7374611024167388,-0.0607927932906862,3.970172198119605,14400000.0,1.9345544837371536,1.9443302820848123,1.301224309717269,1.5736577302625314,,,,-0.122543168616217,,0.4472573839662447,,2.4018632331615324,,,0.3717433211049346,,2.5916342969589947,-0.6496350364963503,1.5414793624846752,-2.288900926777443,3.0339815436322635,,,,0.8888888888888888,2.28336084212316,0.9537248246774316,,3.672189754656343,,0.6500764025321982,-1.0549199084668193,0.6972350195678912,-0.9089995982322218,,0.1219250934921917,-0.0619669670457706,-1.1048699553232115,,-1.4868796858264903,1.4558625892415529,1.0855382626139702,0.2784192666603827,,2.331810828813398,-0.3096129837702871,-3.244718882027949,,,-0.7510084170766397,1.9109130711546525,-1.000688547165481,0.7996510152284264,,,,-0.9247524752475248,-2.2625183602617174,1.73372044794691,-3.74435196195006,0.1794288855022859,,,2.983245315390183,,1.7437857855978702,,2.121709886977366,1.2625708974786711,2.9187266296109144,2.3291789657811304,2.115927563097105,-0.5,2.742760050040144,1.4245864089602458,5.7253938430409015,0.5367965367965368,1.8654708520179373,-1.8392857142857144,,,,2.178039793662491,1.3459491962094363,1.5206159268091806,1.3433392535637108,-17.37828371278459,,1.698521796441013,2.0782880713119067,,41.2626,0.05210241954428
2023-01-31,2.2749169423448823,2.013555293229581,,0.3711319466135838,2.749070866597448,1.678493771762215,2.473846153846154,1.4855802581322604,0.4450704225352113,0.0,1.2591927054100422,,1.2260044756848594,-0.2006605639413829,1.2636055591022934,0.6653386454183267,2.580277662439843,0.0,5.141298775937745,4.971382279475393,0.8281145902731513,4.084589166671676,3.188816006318909,1.0092412078043689,1.683033219917194,-0.0442129405750445,3.7993929004234337,15600000.0,1.8603861233505825,1.66579488137493,1.2100444869296665,1.6978202994374598,,,,-0.1384578658391024,,0.4472573839662447,,2.168331313993709,,,0.3055284110023549,,2.611512224698643,-0.5948905109489051,1.2977523498161014,2.008625287124638,2.816033506693773,,,,0.8698092031425365,2.2749169423448823,1.287149666824727,,3.729612581156051,,-0.2383759004584152,1.037697217873058,0.7014696689427342,-1.200281237444757,,-0.088549790464736,1.4390538320641135,3.700202065142836,,1.3246162084969653,0.9342772495865788,1.1882184044646846,-2.0050193232161373,,2.3222951755638026,0.3146067415730337,-3.2122196945076373,,-0.7971747240053779,-0.8162932220382849,1.583008585756649,-3.7352044329322274,1.418305837563452,,,,0.5603960396039604,-6.806961321048649,1.4019079220240565,-1.6040428061831151,-2.338871261898219,,,1.932391496662467,,1.641388843853197,,1.8001342843175945,2.311138649254087,2.0576856998484083,1.7579534273532305,2.172964494510196,0.125,1.9473458184737755,1.457468466710222,5.34961699667582,0.0,1.5426008968609866,-1.6071428571428572,,,,1.264259395725866,1.3531925639388442,1.5442653464888054,1.385487395756437,-15.889667250437828,,1.1938612183410224,1.336378484621986,,46.172,-0.0677878367841982
2022-10-31,2.247091742404386,2.1613144137415983,,0.2504248571897484,2.719334606271457,1.6527952171394713,,1.6110981524100272,0.4450704225352113,0.0,1.2183568610847662,,1.2216372666624873,-0.367187461785501,0.970917841182537,0.0717131474103585,2.777682013421699,0.0,4.772365207154345,4.971382279475393,0.8281145902731513,3.740750314083568,3.217916244762699,2.7408163578588645,1.5419953009606076,-0.0594111388977161,3.701246871107189,14500000.0,1.7672277962949858,1.4470390435269942,0.8791499687488511,1.9689974443839289,,,,-0.1734701997294501,,0.4472573839662447,,2.023315525478207,,,1.7045853825246036,,2.6532649496312373,-0.4963503649635036,1.1063342868818962,-2.021827771408895,2.644282727215657,,,,0.8805836139169473,2.247091742404386,0.9896628316154632,,3.7240555334302727,,-0.9893036454922506,-1.1948693243406,0.7057043183175772,-14.830253113700282,,-10.289064702234416,0.944661666762886,1.6610125502845596,,0.8069439485897894,0.7524218246494038,0.9048972723210466,2.4251814497125084,,2.2747169093158246,-84.82896379525593,-2.968475788105297,,-2.554450945861501,-1.7769124950453496,3.018832771817604,2.09121610544608,1.2914022842639594,,10.045141128032144,,0.4316831683168317,0.5371433658254329,1.0700953961012027,-4.219976218787158,2.377944887201139,,,2.5221563949280217,,1.7966908721659514,,1.994493165046028,1.2339735951575237,2.368954017180394,1.9465398491308623,2.058890631684015,-0.625,2.2348899303545755,1.4713801065275196,4.251192368839428,0.0606060606060606,0.9506726457399104,-0.9285714285714286,0.0,,,1.367428150331614,1.372838958602169,1.554270870199416,1.389507305271929,-13.0,,1.5855380849260898,1.9121889101126703,,43.5951,-0.012684911836422
2022-07-31,2.099011808708834,2.1854055746946446,,0.568075092515631,2.495514364958711,1.6035285580181489,1.523076923076923,1.690116681495304,0.4450704225352113,0.0,1.1550701413079314,0.7237534309240622,1.0873808086521457,-0.2184872031361841,0.792162255070471,-0.2908366533864542,2.573603393095853,,4.527274665480147,4.968927403170473,0.8281145902731513,3.5147303690256497,3.3123435491007136,0.8158205793408347,1.510109756717005,-0.0552661757188056,3.597373487295036,14800000.0,1.7027335698718804,1.3030076592564916,1.005625206809074,1.849405276528323,,,,-0.7177528447521286,,0.4472573839662447,,1.7985724419779905,,,0.5447564733084493,,2.4356061792217565,-0.4270072992700729,0.980302411115652,1.7877440296971912,2.411203881213491,,,,0.9162738496071828,2.099011808708834,0.8079762409843021,,3.5610488001407785,,-0.7360838244924689,0.7358785980970733,0.718408266442106,-1.732623543591804,-1.5533259643454356,-0.4869486779546351,0.5447393419650777,-0.1260589881912389,-0.5919540229885057,1.3335415922884684,0.4526601351925219,0.7318622184615092,0.6271797530398718,,2.017794271576744,-0.3720349563046192,1.2076698082547936,,-2.281770152814861,-2.541677353167479,1.6842366749988356,-0.6728089445555592,2.100412436548224,,,,0.7188118811881188,-2.2358125250367205,1.6922438822065533,-195.42092746730083,0.3443175856296999,,,3.304935259898668,,1.7779180995127613,,2.0769484477793028,2.0061007578285115,2.7570288024254674,2.433038154586203,3.22814772565236,-0.25,2.5933864854267417,1.4032015741997717,2.8348027171556582,0.6320346320346321,0.0358744394618834,-0.0535714285714285,,,,2.340162122328666,1.3235245235129145,1.5052355349895643,1.3204379508693969,-8.621716287215412,,1.8830618585820544,2.349583367937325,,43.3439,0.0048092284559722
2022-04-30,2.08694099895868,2.3299525404129224,,0.5151333866279839,2.484837251351728,1.5894143259455538,1.5446153846153847,1.822928593842481,0.4450704225352113,0.0,1.077817916328946,0.7434097666971637,1.085408520706558,-0.367187461785501,0.4975101900505819,-0.8884462151394422,2.591572579791211,,4.496499302456003,4.964017650560632,0.8281145902731513,3.4447002530702044,3.460814153405768,0.6884085780513639,1.4633937267787036,-0.0414496317891042,3.5226575445529607,15800000.0,1.6642161846469703,1.260788342985242,1.1159233795360124,1.5713725296028702,,,,-0.4599347497413861,,0.4472573839662447,,1.524235214353424,,,0.5735919986757018,,2.444773625348261,-0.4525547445255474,0.943359215365754,1.8221779899805568,2.382712889678696,,,,0.9723905723905724,2.08694099895868,0.5084928498340363,1.3907196437883589,3.3850756221578018,,-0.9041693953285308,0.6958930507045646,0.7311122145666349,-6.282643631980715,-7.607232945044355,-3.8921316219720734,1.7466056461474675,4.245221808204957,-0.4655172413793103,0.200017850767583,0.4066966761424667,0.4466396022095245,-1.368767084550853,,2.02730992482634,-33.58052434456929,1.2564185895352615,,-1.6057490200534,-2.4297605446618014,1.5277368069679702,-3.187645496573658,0.8155139593908629,,,,0.1198019801980198,-6.726843815373659,1.9825798423890504,-3.684898929845422,-1.56939066130362,,,2.74197785700882,,1.7471990169893592,,1.8943688931556224,2.015633191935561,2.2032137443153106,1.7907510659232535,1.830742906031656,-0.5,2.081782026625838,1.3457154592522609,1.880907645613528,0.4155844155844156,-0.5201793721973094,0.5357142857142857,,,,1.9717022844509948,1.2604179224731438,1.463890395689521,1.261844724295115,-5.8196147110332745,,1.5817719612089256,1.9066522714060288,,46.8824,-0.092465296746691
2022-01-31,2.040811237753866,2.392589558890843,,0.5087803819214662,2.4179805586724856,1.570240274828066,0.5107692307692308,-0.6266458078011042,0.4450704225352113,0.0,1.0148847536458363,0.5632862534309241,1.0465967114916062,-0.3674048598244619,0.4523302067475322,-0.9800796812749004,2.5584579357383377,13.153882874697793,3.929194417794093,1.3062519562295556,-0.1718854097268487,2.9779329995130954,3.583153931353132,0.7498119521667715,1.417864135695978,-0.0483579037539549,3.464863331003341,15300000.0,1.6321482220643706,1.233327106295535,0.965917864627376,1.5576613256449026,,,,-0.4408371130739237,,0.4472573839662447,,1.3007476788057228,,,0.7668968168783942,,2.3989363947157387,-0.1058394160583941,0.9193297915815284,1.7726266812801037,2.295630254535621,,,,1.0186307519640854,2.040811237753866,0.4625720631909955,1.4709474908740825,3.622176325124339,,-0.9818816852215674,0.4800674455016259,0.7649894095653784,-0.2460827641623141,-3.089476518436641,-0.0810328303234172,1.473692773582034,3.481452644458039,-5.086206896551724,-1.4511781506604784,0.730439300755899,0.4029054677175535,-2.5399425016495427,,2.055856884575126,-2.244694132334582,1.2564185895352615,-41.72866949983655,-1.5413660550284989,-0.8722516262911236,-0.0720396217919855,-5.709039640643955,0.7520621827411168,,,,-0.8504950495049505,-9.44638803578582,2.065532973869764,-1.2473246135552911,-2.801059284982637,,,4.484465056429777,,1.6840542362468107,,2.213588630594444,2.0442304942567087,3.476584133400708,2.911337050399038,3.1853700270925422,-0.625,3.239427152379708,1.3543383764943877,1.418413065471889,0.8744588744588745,-0.7892376681614349,0.8214285714285714,,,,2.752837140751658,1.2985200212141372,1.4700921665845277,1.275609868999676,0.9229422066549912,,2.606157612277564,3.4126179996124355,,40.2863,0.1540945681286194
2021-10-31,2.001878626024496,2.5331213311169467,,0.4304266572077485,2.395329112048324,1.508989833758314,,2.1769923876284336,0.4450704225352113,0.0,0.9054588331378456,0.8449079368709973,1.040820725365243,-0.3674048598244619,0.7705544369690124,-0.3346613545816733,2.604664415812114,-1.214986371825867,3.438271759433066,1.3234360903639968,-0.1718854097268487,2.6286840950486003,3.665703587346741,2.70704450209539,1.3047075298454256,-0.0967158075079099,-2.5030400537329984,11800000.0,1.4718084091513723,1.0108350457687278,0.9762123607485568,1.7701849869933997,,,,-0.3739953847378053,,0.4472573839662447,,0.9121555875022757,,,1.092631455286246,,2.40583467100895,0.0,0.7246424192889253,-1.9386823551149128,2.2301170706109787,,,,1.0498316498316498,2.001878626024496,0.7860141256332825,,3.683303850107899,,-1.3935821872953504,0.2813440924966879,0.7734587083150644,-72.14242667738047,3.395232831675311,-53.180839268599776,2.5506489553210137,8.331016072520994,-0.1781609195402299,-39.50901463762942,9.575407550996957,0.710945893269697,0.9759402394193608,,1.6752307545913028,1.0012484394506866,1.2076698082547936,31.23635174893756,-2.1889829385142683,-0.387278789433188,2.0276669409554566,-0.2268926850060657,0.9741434010152284,,0.3174760652810159,,-21.96435643564357,-0.4064628121244492,1.650767316466197,-1.187871581450654,0.8914482724161191,,,1.803715518859073,,2.1584933996637967,,4.5635641884927765,1.662933129974739,1.447276402223345,1.1347982945227943,1.0750035648082132,-0.25,1.3610545773661706,1.135661195234056,1.360601242954184,0.1645021645021645,-0.8609865470852018,0.8571428571428571,0.0,,,1.544288872512896,1.059885783005571,1.312815256687163,0.73962193360084,1.0980735551663747,,1.0319178985029658,1.1038396589430557,,42.1376,0.0169389719380431
2021-07-31,1.6965381427670774,0.7897243168148274,,0.2991312266063837,1.8865197449267488,1.470508578390578,,-0.6260379729619868,0.4450704225352113,0.0,0.8679817812029603,0.475368824336688,0.6510121006909347,-0.367187461785501,9.46475470215587,17.298804780876495,2.1418295070731213,11.196661482314171,0.9606696422364048,1.3381653481935178,-0.1718854097268487,1.950624259874848,3.6223501708896655,2.7515619483290608,1.5999825000268804,-0.1063873882587009,-0.5724009200213995,11000000.0,1.0482963223063135,0.5830375490379227,0.9629765800213244,1.2781051116130089,,,,-0.3867271425161136,,0.4472573839662447,,0.779067504535667,,,1.007192861605498,,1.735884969427475,0.1240875912408759,0.3503064977523498,-2.1436064114354343,1.6995729570590858,,,,1.0334455667789002,1.6965381427670774,9.622770720507123,4.086375305868667,3.7370219781237553,,0.2628247107618424,-1.932674936769842,0.7311122145666349,-0.7282040980313379,7.091063685060794,0.2647473361772499,0.2182935597810399,-0.2447027417829931,-0.7988505747126436,6.215726526240628,8.18251490065398,9.126914556811592,1.7300169667263643,,1.503948996098582,-0.1223470661672908,1.2076698082547936,,-0.6835577269026113,-0.3592995873067686,0.1291744942476983,2.724023738483229,0.5617068527918782,,-2.063594424326604,,3.372277227722772,4.142431121199982,2.024056408129407,3.390011890606421,1.7558647912658956,,,-1.7080663753585503,,3.402616241861576,,1.9591551867317671,0.4141842619512892,-1.1883981808994442,-0.710068875040997,0.7470412091829459,-0.625,-1.0700001867169555,1.035060494075912,1.4473189767307415,-1.3593073593073592,-0.7713004484304933,0.8035714285714286,0.0,,,-1.0496683861459102,0.90846963019631,1.240461262912087,0.8230655099072497,0.9229422066549912,,-0.7720553620186423,-1.5537469202447194,,44.5457,-0.0262337508215875
2021-04-30,1.6368074691677232,0.8748464188489243,,0.3944262972041485,1.7618868954396252,1.4964734392788426,,-0.6260379729619868,0.4450704225352113,0.0,0.9150048746684296,0.4907365050320219,0.6510121006909347,-0.3674048598244619,8.095604773363453,,2.036324710904665,9.260998783473722,1.17795112093698,3.461633351949479,0.3984010659560293,1.9172622733037985,3.583747813770352,0.9555132554533872,1.4497496799395806,-0.0884258811500891,0.019078598828756,,0.9818314389647244,0.3969736596301139,0.9776830030515828,1.2636321741018208,,,,-0.4090077186281531,,0.4472573839662447,,0.9460553822201856,,,0.964473564765124,,1.7323450644875376,0.22992700729927,0.1874948917041275,1.9884688225685208,1.564683403916948,,,,1.018855218855219,1.6368074691677232,8.23117122962889,4.385224036262987,4.0130220151707405,,0.0,-0.0227628567987474,0.7438161626911637,-0.7683808758537566,2.5846441629113173,0.2346794956119745,-0.3674194513401596,-2.117049478152865,0.0862068965517241,5.1179043198857554,7.035426835665646,7.801580133294036,2.632552549721934,,1.5134646493481778,-0.4344569288389513,1.1914202144946375,,0.9525270313772274,-0.1541187717130266,0.0757658091260538,2.9600970523623724,0.5458439086294417,,0.1587380326405079,,2.7485148514851487,3.7329416477500335,2.314392368311904,-2.258026159334126,2.71521722837085,,,1.4016030882234674,,1.834236417472332,,1.5810388187691782,1.500881750154902,1.216856998484083,1.2277249371378594,2.3725937544560103,-1.0,1.1594002651380773,0.9138797637665592,1.880907645613528,-0.2164502164502164,-0.4484304932735426,0.5357142857142857,,,,0.8957995578481945,0.8631241637259089,1.1533057092675956,0.8064986100858311,0.660245183887916,,0.9151680632708784,0.9266672203305372,,49.0371,-0.0737217331367475
2021-01-31,1.6312537632732862,0.9607715595814562,,0.330896250138972,1.7827421921112097,1.455595427521421,-0.36,-0.6260379729619868,0.4450704225352113,,0.883007957686287,0.575080054894785,0.6503781509941388,-0.2274005227335847,6.968069537887344,,1.916701268047,8.618857697223548,1.591008402971862,3.47390773347408,0.3977348434377082,2.079563829595388,3.5231718072138896,1.001565786039943,1.4135632948445154,-0.0967158075079099,-0.0585010211612731,11000000.0,1.052954238659093,0.4896319820661311,0.9232692378396264,1.2224985622279183,,,,-0.4822153258534256,,0.4472573839662447,,0.832428292517562,,,1.0264165451836662,,1.745506249520638,0.3941605839416058,0.2685737637923988,2.1085677572153845,1.6733354902784552,,,,0.995959595959596,1.6312537632732862,7.085148119493873,4.531639857194432,4.148243509831343,,0.0969220694171578,0.0,0.7353468639414779,-0.4670550421856167,-0.8901170535385313,0.46018829985154,-0.262452961891916,-2.0095285764603377,-1.9482758620689653,-1.4244019992859691,7.353174226489941,6.710128255103108,0.7332217928174192,,1.5420116090969644,0.3770287141073657,1.1914202144946375,3.71101667211507,-0.8217917400443107,-0.2380563780922847,-0.0987439643528078,-1.108888816026755,0.2761738578680203,,2.316583163847413,,-0.9495049504950496,-2.3604397560867048,2.065532973869764,0.6551724137931034,0.7440477677567642,,,4.5702490416320405,,1.1635364490447218,,-0.8513920218624292,1.5294790524760498,3.6342395149065183,2.5560292992237894,0.775559674889491,-0.5,3.377597699647105,0.8399526199440602,2.083249024425495,1.1255411255411256,-0.3946188340807174,0.4107142857142857,,,,3.1802505526897566,0.8581629529523421,1.10013586012774,1.0519567214105254,1.010507880910683,,2.5571980039544298,3.3351050577194585,,36.5391,0.2082279305951231
2020-10-31,1.6282502284528253,1.0466967003139882,,0.3414845913165014,1.8461063709937748,1.3639860721823132,,1.048547008806767,0.4450704225352113,,0.7749962655531976,0.7205369396157365,0.6481241076277532,-0.3674048598244619,7.280400726808427,,1.8373801439203503,-1.214986371825867,1.6662782667538016,3.496001620218361,0.3964023984010659,2.1883659839982688,3.5065430995317235,3.296516893603304,1.36506760662285,-0.1063873882587009,-0.8533016246161697,11000000.0,0.9644538279562764,0.5441808331776574,0.927681164748704,1.647545884924912,,,,-0.6381793586377019,,0.4472573839662447,,,,,1.1449625939157042,,1.7704671176868627,0.656934306569343,0.3208827135267674,-1.66908964167685,1.8252874451306964,,,,0.9896745230078564,1.6282502284528253,7.402600514113155,4.798397448754463,4.394605959007511,,0.089063523248199,-0.0479344815127062,0.7353468639414779,-0.8889112093210124,3.366890570529717,0.1444759739161483,-0.1029038979305856,-0.8305062751422798,2.545977011494253,14.703766511960014,4.059792464990332,7.012464228330212,4.348077104345367,,1.6276524883433248,0.3770287141073657,1.1264218394540138,-53.82412553121935,2.789335151205287,0.3774860686889412,0.1341427440264559,0.1436112659431457,0.672747461928934,,,,,5.112743134374861,2.3558689340522605,9.692033293697978,4.514003047942639,,,2.484625901402032,,1.721599781553191,,-0.4450052712484318,1.615270959439493,2.2395957554320365,1.6322291461681426,0.8753743048623984,,2.007095244319137,0.8698453997167659,2.545743604567134,-0.3722943722943723,-0.0358744394618834,0.125,,,,0.6305084745762712,0.8504234641455778,1.1216353325637625,1.000428790348319,-1.879159369527145,,1.7437152810469825,2.144727735791601,,33.2747,0.0145657872558081
2020-07-31,1.5667060998675328,1.139046150633999,,0.6188991301677723,1.7866338503417925,1.298741037129751,0.3230769230769231,-0.6266458078011042,0.4450704225352113,,0.7034009540738174,0.6372655535224153,0.64861717961415,-0.2279440178309871,4.043156705789913,,1.5562907234715442,6.807927439597161,2.43677470487632,2.8110911311456293,0.195869420386409,2.3176061121563865,3.451905917147464,3.555946149240901,1.1727162071626056,-0.1091506970446412,-1.0126262133205248,,0.9852353009148328,0.6585092471511302,1.080627964263392,1.2560148385696168,,,,-0.6158987825256624,,0.4472573839662447,,0.1946099326398523,,,0.7839845356145437,,1.7895281442865254,1.0912408759124088,0.4192889252145484,-2.0881761339061127,1.9056095060112768,,,,0.969023569023569,1.5667060998675328,4.112276323342234,5.137360102691645,4.707652980893018,,0.0008731717965509,-0.069492954353848,0.718408266442106,-0.8286460425873845,-3.610974123515574,0.1895777347640614,-4.400231975941681,-16.36171514376286,1.1781609195402298,-29.146644055694395,10.584605238835126,3.8788184177750735,2.748020548590819,,1.713293367589685,0.1273408239700374,1.1426714332141696,,1.9315268230794,-0.1634451724218331,0.0596189973450915,2.3043378471425293,0.7837880710659898,,1.3939183491244604,,-16.058415841584157,2.0949837539502383,1.4019079220240565,2.498216409036861,2.800159892072851,,,3.3960807441760714,,1.0116476521234563,,1.7259245298576469,1.701062866402936,2.9631935320869127,2.1296599978134907,0.918152003422216,-1.0,2.77636910207816,0.7452155025105623,3.615262321144674,0.8484848484848485,0.6278026905829597,-0.5357142857142857,,,,2.708621960206337,0.7606255491440175,1.0319990705612685,0.6656799616037734,0.660245183887916,,1.8529328688447413,2.305290258284196,,33.776,-0.0207218143060163
2020-04-30,1.7995650541557162,1.2330016783508797,,0.5172510548634898,2.252634976926957,1.2240421296512054,0.5230769230769231,1.101124722390432,0.4450704225352113,,0.6263255076416946,0.4803722552607502,0.6467153305237622,-0.2351181531166998,10.45674998772283,,1.7200670250663737,,2.875416324846934,2.8012716259259487,0.201199200532978,3.654490042498963,3.405583088604287,1.2103372580323288,1.7700881709450764,-0.1132956602235516,-1.1821038395403538,,1.1677897918180116,1.4832804035120493,0.774734365234016,1.465491565705232,,,,-0.7686798758653617,,0.4472573839662447,,-0.0790995210084561,,,0.644078838462319,,1.796880254546395,1.1824817518248176,1.1380465876583572,1.9977072021567417,2.5546246352106805,,,,0.9515151515151516,1.7995650541557162,10.63103147071302,5.257701873320229,4.818793935408582,,1.4808993669504475,0.3955196916777068,0.7057043183175772,-0.6478505423865006,0.0905251820990278,0.3248830173078007,3.764061573342712,12.309289435144503,1.137931034482759,43.38102463405927,0.8703280891691105,10.087164031526608,3.4879583372608165,,1.7703872870872586,-0.1223470661672908,1.1264218394540138,,1.1570376261622073,-0.1074867681689943,-0.0260833113384775,9.655398537656971,0.4348032994923858,,-8.170048117466145,,23.872277227722773,4.783371166599902,-1.7503110742430528,107.0166468489893,3.6395932745396857,,,-7.659330348765515,,1.1089247467808965,,1.192321057312311,1.7582574710452314,1.5523799898938857,1.1949272985678363,1.0179666333951234,-0.125,-5.076946057471479,0.9034172908461122,2.661367249602544,-0.3116883116883117,-0.0896860986547085,0.0535714285714285,,174600000.0,,0.7336772291820192,0.8617350247093103,1.1457808939149878,0.8449922890826567,-151.61646234676007,,-5.40815365784766,-8.369349168120035,,32.284,-0.1400384091190681
2020-01-31,1.6680328972068543,1.4072610759112485,,0.4177206477947132,1.8568832707092344,1.4430790330419498,0.953846153846154,0.954636526163111,0.4450704225352113,,0.8902558781076564,0.4585715919487648,0.7641369021414116,-0.367187461785501,0.908058733978294,,1.5401184554457226,,3.456811134748815,2.4305853038830008,0.100599600266489,2.6647511075578425,3.433495562213637,1.29937215049967,1.1322289812160775,-0.1229672409743426,-1.2443237361095385,,1.2759967717056662,0.8866056416962451,0.7791462921430935,1.4136936840862435,,,,-0.4312882947401926,,0.4472573839662447,,0.858167025544123,,,0.4924253346789912,,1.9765077385498824,1.3722627737226278,0.6159378831221904,1.8196584319110427,2.029070469328724,,,,0.9620650953984288,1.6680328972068543,0.9257730415034068,5.466294275743111,5.011438256568893,,-0.090809866841301,0.190894857280501,0.718408266442106,0.5574527922860587,-5.759317518351614,0.6781801439497867,0.8071555655856868,1.9279609958660069,-0.9367816091954024,1.003302392002856,0.6445076164449263,0.8440497808539565,-1.142544066358752,,1.7418403273384715,2.124843945068664,1.1264218394540138,-3.4154952598888526,0.2253782499195213,0.1443260509687798,2.6455930071884364,-2.184333912587298,1.0534581218274113,,0.0,,0.5108910891089109,-4.047358347798994,0.5723766072169224,0.7146254458977408,-1.3670272566017938,,,1.0638286464895583,,1.0782056642574942,,1.0662822679914483,1.7296601687240838,1.1845174330469934,0.9489450092926642,1.032225866248396,-0.125,0.9913550049479992,1.0481673282839443,2.5746495158259863,-0.4848484848484848,-0.1434977578475336,0.1071428571428571,-100000.0,3100000.0,,0.4389093588798821,0.9777281325953036,1.2498879546724968,1.000428790348319,-1.4413309982486866,100000.0,0.7946521043216269,0.7550314204246602,,35.4294,-0.0631876351278881
2019-10-31,1.5804770236670045,1.508443951914043,,0.330896250138972,1.7203758743134092,1.4195109285433714,0.9938461538461538,0.9443033338981132,0.4450704225352113,,0.8632087604376684,0.53469521957914,0.7636438301550148,-0.3670787627660204,0.686087511663311,,1.620466390240678,-0.6467608062951385,2.5969549076043883,1.1761435120687855,0.0,1.9337929873705344,3.416272972114251,1.354635187203537,1.1181400198061135,-0.0663194108625668,-1.3213826875090304,,1.2858500562980852,0.8079581543059966,0.7850288613551969,1.703914167863223,,,,-0.4185565369618843,,0.4472573839662447,,0.7621176071767121,,,0.9762213713962268,,1.8449866550122105,,0.5471189211279117,0.7505259577470111,1.7584865327751031,,,,0.9555555555555556,1.5804770236670045,0.7001622201702064,2.259186088491316,2.051384167971029,,,,0.718408266442106,-1.371032543190036,-0.7200634866649661,-0.2163381128671565,-1.1704130956192236,-4.997868120052648,-0.9367816091954024,-0.1837736522670474,0.6844758417058439,0.6291820766107947,3.169832217928174,,1.8940907793320008,0.1273408239700374,1.0614234644133898,-21.13370382477934,0.9695695809426425,0.2469164587656508,3.2883603223152043,3.146988425850028,1.6403870558375635,,,,-0.2663366336633663,2.500022254862688,0.1576109498133554,1.0713436385255648,3.11244909685962,,,2.050344476315578,,0.9826351852957992,-0.1918180274995756,1.2488618226151282,1.882179114436872,1.9808792319353208,1.5147042746255603,1.1748181947811207,-0.5,1.7531601844763522,1.065528134998093,3.066050007226478,-0.6320346320346321,0.2152466367713004,-0.1964285714285714,,2700000.0,,0.1736182756079587,1.012555832225743,1.26237418674111,1.02430461656154,-1.3537653239929948,-100000.0,1.551642971471613,1.8568225230462587,,33.7055,-0.0152734716885968
2019-07-31,1.6096056443786435,1.6144450601074465,,0.2906605536643601,1.8098840136168124,1.3685132786961645,0.4984615384615384,1.1248302811160151,0.4450704225352113,,0.7999220406608336,0.5114650045745655,0.7612489090782301,-0.2366399393894267,0.7253744536659628,,1.5562907234715442,,3.0459785777518227,1.0533996968227763,-0.0333111259160559,2.303780424027844,3.404395323769847,1.3055124879112108,1.1830975471488947,-0.0511212125398952,-1.4468638178284736,,1.364497182408483,1.047076405753783,0.7820875767491452,1.4624446314923505,,,,-0.4344712341847696,,0.4472573839662447,,0.5373745236764955,,,0.6376709439362628,,1.851884931305421,,0.7563547200653862,0.7757215384421573,1.9431145965627308,,,,0.9510662177328844,1.6096056443786435,0.7400933389902419,2.19700950699988,1.9921089922293949,,,,0.7099389676924202,-1.652269987946967,0.0678513731825525,-0.4268129968240843,-0.0819106000409369,-1.0307176093283652,0.0172413793103448,0.6016601213852195,0.5485838758187241,0.667211758777726,1.025426524648883,,2.036825578075935,-0.5593008739076155,1.0776730581735456,8.549199084668192,-0.4108769338559715,0.4334444729417799,3.480258970019718,0.5469031771533492,1.9100571065989849,,0.4266084627213651,,0.3871287128712871,-0.5577958783994302,0.5309000414765658,0.9524375743162902,0.7965123541609413,,,1.5195560678765785,,1.1157512095638744,,1.23826042912085,2.02516562604261,1.5928044466902476,1.6322291461681426,3.1568515613859973,-0.375,1.4208040032115317,1.076795413527805,3.355109119815002,-0.4935064935064935,0.3766816143497757,-0.375,200000.0,2000000.0,,0.4241709653647752,1.0124566080102717,1.2704778340439185,1.0252791400804468,-0.6532399299474606,200000.0,1.1185387439977403,1.2422556266090856,,38.7147,-0.1247329825621792
2019-04-30,1.6016151083468515,1.7381130196664176,,0.2356011795412071,1.818066474511884,1.3388201300906106,0.5292307692307693,1.109938327557636,0.4450704225352113,,0.7564345181326175,0.5307639524245197,0.7640664632862121,-0.2269657266556627,0.5917988508569464,,1.4887779220304154,,3.1753834174557487,0.9282010052718468,-0.067288474350433,2.388237344986986,3.3669807314849733,1.251784535560229,1.126296786938198,-0.0594111388977161,-1.555162884660192,,1.3145141569305765,1.1092845133569962,0.7673811537188867,1.338282062317422,,,,-0.1575555025065648,,0.4472573839662447,,0.3829421255171288,,,0.7220415551960014,,1.8738504952917,,0.8107887208827135,0.7757215384421573,1.9986478851475007,,,,0.9369248035914702,1.6016151083468515,0.6043275350021213,2.126810140799872,1.9272767687619825,,,,0.7014696689427342,-1.5216954600241062,2.414590596037752,-0.3290925149869392,-0.3527241428174055,-1.9798676380623992,-0.3908045977011494,2.056497679400214,0.0869508740551261,0.5379108394101596,1.9208926383259497,,2.0082786183271484,-0.3720349563046192,1.0614234644133898,-7.142203334423014,-0.2442386714385805,0.3028748630184896,1.8376313869179768,2.0092462047936,1.7514276649746192,,0.0992112704003174,,1.0504950495049503,1.3694752303378288,0.3235172127747822,0.0011890606420927,1.7708546730956605,,,1.385518590998043,,0.9211970202489952,,1.0815953919276278,1.9965683237214624,1.5159979787771602,1.2331912102328633,1.3459289890203907,-0.25,1.3162425079821498,1.017699687361764,3.3262032085561497,-0.1385281385281385,0.3408071748878923,-0.3571428571428571,-200000.0,2700000.0,,1.0284450994841563,0.9596693253795202,1.2279750308434738,0.9766747795749616,-1.1786339754816113,-200000.0,0.8699745786649091,0.8491542784375605,,34.7674,-0.0253599636441034
2019-01-31,1.576963454631748,1.8577657857332144,,0.0831290665847835,1.7949160973453402,1.3117900441402637,0.4246153846153846,-0.6266458078011042,0.4450704225352113,,0.7258518295253761,0.5007433668801464,0.7643482187070103,-0.2339224639024143,0.1380346707263173,,1.3524688058127752,7.04045334852708,3.391923321143694,0.8054571900258376,-0.100599600266489,2.4943344734516733,3.328378374365659,1.1965214988563622,1.0524409681785976,-0.0455945949680147,-1.6478418937757977,,1.2743844160450886,1.18456940033626,0.8100297805066363,1.158512943757403,,,,-0.0461526219463674,,0.4472573839662447,,0.274337227624566,,,0.6900020825657209,,1.8795688032715985,,0.876665304454434,0.7186115555331595,2.0467767352543023,,,,0.922334455667789,1.576963454631748,0.143123112630712,2.0546050784227203,1.860592196052644,,,,0.6972350195678912,-1.0897950984331055,-2.5623104611285887,-0.0058632289102287,0.7252817038160567,1.690673488682498,0.3735632183908046,-0.7639235987147447,0.2568158314140258,0.0986680103821032,-1.2603685550004713,,1.9607003520791704,-0.3720349563046192,1.0614234644133898,7.176201372997712,-1.122876782366642,0.1536524516775863,2.2369544628856217,-1.866290698055674,1.0693210659898478,,-0.7391239644823652,0.1428571428571428,-0.494059405940594,-3.4464770552365693,0.4064703442554956,2.022592152199762,-1.4944412521547956,0.0,,0.0612283194381148,,0.994581495166011,,0.8624999263792118,1.948906153186216,0.590277918140475,0.6182354870449328,1.4029659204334808,-0.125,0.4125324420710645,1.0596645512734468,3.528544587368117,-0.8225108225108225,,,-100000.0,3800000.0,,-0.1358879882092852,0.9727669218217369,1.2581569825325056,1.0154120894515135,-2.054290718038529,-100000.0,0.2372657941813388,-0.0754643855715195,,31.1555,-0.0438734733835117
2018-10-31,1.5435845487968152,1.978221590498446,,-0.0587547051941107,1.7426281765036644,1.303135090510842,0.6892307692307692,0.8804806757907742,0.4450704225352113,,0.7127702170575387,0.5111076166514181,0.7632211970238175,-0.3670787627660204,0.3050041742375878,,1.3383501591235658,-0.7992115677789926,3.1790912925188985,0.680258498474908,-0.1345769487008661,2.3473613974765115,3.3147190787695946,1.1980565832092471,0.9633097491534574,-0.0345413598242535,-1.6996484185342398,0.0,1.1573990553387334,1.1027461236689706,0.8600316188095151,1.2560148385696168,0.0,0.0,0.0,0.0557014402800986,0.0,0.4472573839662447,0.0,0.2278819533815045,0.0,,0.8619472523482263,,1.880658004791579,,0.8050674295055169,0.6195089381322516,1.9712836559897884,,,,0.9171717171717172,1.5435845487968152,0.3128303676158626,2.0546050784227203,1.86244454529457,,,,0.6930003701930484,0.0753314584170349,-1.3152509707224442,-0.0359310694755041,-0.8691592709027643,-3.874460078230725,0.1436781609195402,-0.6211174580506962,0.3947062085641915,0.2602941595915612,2.3403478178904704,,1.9321533923303835,0.50187265917603,0.9964250893727656,6.195488721804511,0.7101441042246587,0.3681596679801348,1.767454858793026,3.281419062920096,1.3865799492385786,,-0.947467632323032,-0.4285714285714285,-0.4148514851485148,1.3338674500378334,0.1576109498133554,29.37098692033293,2.273015714392785,0.0,0.0,-0.1746776398681071,0.0,0.9689822597298428,,1.1133995724104624,1.9203088508650683,1.4391915108640727,1.2277249371378594,1.588335947526023,-0.375,0.2407528427656515,1.081969163873081,3.384015031073855,,,,4400000.0,3200000.0,0.0,-0.1653647752394988,1.0133496259495138,1.2741988965809223,1.0392879156647348,-24.90893169877408,800000.0,0.0753224743432821,-0.2526368241840379,,27.8637,-0.0533310364380897
2018-07-31,1.6075655075194628,2.089843969580894,,-0.0333426863680401,1.8534905430210344,1.305531846900528,0.8646153846153846,0.9479503429328184,0.4450704225352113,,0.716305787994792,0.6447706999085087,0.7840006593076847,-0.3674048598244619,0.4405441241467367,,1.2800786536971922,,3.4738673600393035,0.4347708679828895,-0.201199200532978,2.607043887543055,3.293933194166887,1.2395038607371476,1.0665299295885615,-0.0193431615015819,-1.8076871510706896,0.0,1.2145481059747631,1.2828320567905849,1.2953417405051657,1.2781051116130089,0.0,0.0,0.0,0.1607384419511418,0.0,0.4472573839662447,0.0,0.2404374329066562,0.0,,0.3567915672108037,,1.9200507930975483,,0.9626481405803023,0.8849023881211235,2.186656236066376,,,,0.9093153759820426,1.6075655075194628,0.4505927275449849,2.110764571382727,1.912457974826573,,,,0.6802964220685195,0.3465247087183608,1.8987614431879376,-0.0434480296168229,-0.6382329941166283,-3.018000481990249,0.2126436781609195,-2.120581935023206,0.8683296779060646,0.3914965630674741,1.4118908473937224,,2.1414977638214863,-0.247191011235955,0.9964250893727656,-2.8924485125858124,-0.6134939120225719,0.3681596679801348,2.633793413963887,1.176432014164399,1.6403870558375635,,0.2926732476809365,-0.7857142857142857,-1.2465346534653463,0.207771398050474,0.5309000414765658,-0.4744351961950059,1.2487071226921829,0.0,0.0,1.0423826501889928,0.0,0.948502871380908,,1.0474353462238426,2.130022401220152,1.269408792319353,1.115666338690281,1.6025951803792955,0.0,1.0772448046007057,1.0589747178940767,3.355109119815002,,,,0.0,2900000.0,0.0,-0.4748710390567428,0.989039693159036,1.2576608408609051,1.0162647975305574,-1.1786339754816113,-100000.0,1.013087279917145,1.0650831879965672,,28.1189,0.0057505805703636
2018-04-30,1.6129492020089682,2.2303757418069976,,-0.1371084299078284,1.882727872804644,1.2791675266139824,0.7538461538461538,0.8120992563900536,0.4450704225352113,,0.6774145076850053,0.6554923376029277,0.7862547026740703,-0.367187461785501,0.9060943868781614,,1.1116817040949851,,3.689665688714619,0.1892832374908709,-0.2678214523650899,2.8532012479186326,3.263051308471436,1.2072670893265585,1.0296020202087612,0.0082899263578208,-1.913382874949723,0.0,1.1423504025066755,1.4545114888847377,1.2453399022022869,1.1950761543119832,0.0,0.0,0.0,0.3930930214052677,0.0,0.4472573839662447,0.0,0.1023271581299868,0.0,,0.5404845436244119,,1.951093036416999,,1.1128729055986923,0.9403326656504448,2.3394130211879616,,,,0.8976430976430977,1.6129492020089682,0.9237764855624048,2.0686449516627223,1.8735586407461264,,,,0.6760617726936765,0.3465247087183608,-0.9468015758297196,0.1670268543401048,-0.6854679143683379,-3.144059470181488,0.1781609195402299,0.0929132452695465,0.84634715401256,0.84214829674561,2.012795739466491,,2.1319821105718906,1.0012484394506866,0.9964250893727656,-4.330827067669173,0.4147399117574656,0.3681596679801348,0.9806083000822866,2.284665070985934,1.0534581218274113,,-0.1289746515204127,-0.7142857142857143,-0.0188118811881188,0.3323986291004585,0.4064703442554956,16.410225921522,1.978214705074075,0.0,0.0,0.8493686834839022,0.0,0.910957326074528,,1.0168090983514833,2.120489967113102,1.2572814552804448,1.110200065595277,1.6168544132325682,0.0,0.972683309371324,1.0095366590392174,3.615262321144674,,,,0.0,5300000.0,0.0,0.2178334561532793,0.9458771594290044,1.2221040210628678,0.9664422826264384,-3.280210157618213,1200000.0,0.7004990113925242,0.6775184785316835,,27.8898,0.0140122912319198
2018-01-31,1.6396409925832525,2.3684983979377967,,-0.1625204487338991,1.9494847793754089,1.2528032063274368,0.5353846153846153,0.8601182086803374,0.4450704225352113,,0.6508977256556053,0.4971694876486733,0.7888609403164536,-0.3674048598244619,0.8844865687767028,,1.0998733814094646,,3.96479001840033,-0.0562043930011476,-0.3344437041972019,3.072909465787433,3.2274183634382227,1.2210828485025251,1.033161336775489,0.0,-2.019338933124025,0.0,1.1679689424469646,1.609751541191855,1.1041582411118056,1.1158558647770596,0.0,0.0,0.0,0.4281053552956155,0.0,0.4472573839662447,0.0,0.0081610616913486,0.0,,0.8694231292952918,,1.9918473266229444,,1.248712709440131,0.9042189999874022,2.454503749704225,,,,0.8841750841750842,1.6396409925832525,0.9018143702113852,2.08669621725701,1.890229783923461,,,,0.6802964220685195,-0.0050220972278023,-2.6019896267324207,-0.2990246744216638,0.1280223788555503,-0.3967150510724283,0.3103448275862069,0.5124062834701892,0.730439300755899,0.8212319715537978,0.4598689791686304,,2.1795603768198686,-2.993757802746567,0.9964250893727656,8.483818241255312,0.4658675604537105,0.3681596679801348,1.8438416991414244,0.0386897931079707,0.9106916243654822,,0.0049605635200158,1.1428571428571428,0.2138613861386138,0.1098500022254862,0.1161343840729987,0.8929845422116528,0.3543108401828765,0.0,0.0,-0.5821515695788543,0.0,0.9314367144234624,,0.8283398806754265,2.1681521376483484,0.5619807983830217,0.6264348966874385,1.5455582489662056,-0.625,0.0092238176148776,1.0373599386738126,3.759791877438936,,,,0.0,14300000.0,0.0,-4.100515843773029,0.9533189755893546,1.2421150684840887,0.9950689109943308,-11.598949211908932,-100000.0,0.798418228038791,0.7439581430113777,,33.8935,-0.1057075840500391
2017-10-31,1.6484815856397033,2.575682382133995,,-0.1476967710853579,2.006063502881573,1.1980772687629409,1.2892307692307692,0.7497961853805084,0.4450704225352113,,0.622436379610716,0.4471351784080512,0.7839302204524852,-0.3674048598244619,0.7705544369690124,,1.249274333648008,-0.4989297648562497,3.978138368627669,0.1868283611859507,-0.2684876748834111,3.066297180160739,3.2161345975110387,1.2441091137958031,1.0589663818842652,-0.0165798527156417,-2.1752791759898886,0.0,1.2003952062874703,1.5871473939846814,1.1688665024449427,1.323809124806234,0.0,0.0,0.0,-0.3039707169571098,0.0,0.4472573839662447,0.0,-0.092910548486123,0.0,,0.9954450549743952,,1.9901227575496407,,1.2289333878218227,0.7866396234100539,2.452089258896192,,,,0.8799102132435466,1.6484815856397033,0.7860141256332825,2.116781659914156,1.918015022552352,,,,0.5320836939490163,0.0150662916834069,3.49726497179945,-62.885234811042416,9.546665477046451,32.860612127616186,1.3333333333333333,1.3424669760799717,0.4286792000359714,0.710945893269697,-0.800853049297766,,1.9607003520791704,-520.0973782771536,0.9314267143321416,-4.5923504413206935,-0.7062811263231646,0.1816316538040057,7.284075206881026,-0.715433292894849,1.6086611675126905,,-1.5080113100848256,,0.6742574257425743,0.3457515467129567,-0.2156781418498548,-23.18549346016647,-1.092212756389437,0.0,0.0,-1.1611934696941264,0.0,1.416115572014916,,0.8507206002744583,1.948906153186216,-0.4243759474482061,-0.0951131518530665,1.2603735919007557,-0.375,-0.554661388800717,0.9615932391729932,2.545743604567134,,,,0.0,4900000.0,0.0,-1.1970523212969786,0.8636202848032657,1.1876221748866316,0.8826332600004385,-3.192644483362522,1018500000.0,-0.3502495056962621,-0.9945464108739585,,37.2315,-0.0903025663752467
2017-07-31,0.8212627597101305,-0.1080729480353658,,-0.1794617946179461,0.955714925058138,0.6560108652956332,-0.3753846153846153,0.855559447386956,0.1633802816901408,,0.6485996045463907,0.3249085086916743,0.1237068306671052,-0.3675135588439424,0.4739380248489908,,1.0754866280371935,,0.6469834118939363,6.270011844778171,1.3824117255163224,0.3206958528946783,0.7123263265106141,0.5963035168782524,0.782377823678131,-0.0345413598242535,0.0750504723114952,0.0,0.9087379823518716,-0.087801232953484,1.0644508989301078,1.1082385292448556,0.0,0.0,0.0,-0.3071536564016869,0.0,0.1659634317862166,0.0,0.0,0.0,,0.8833069007684133,0.7812034436091936,0.8346614784367599,,-0.2366979975480179,0.4994100034853886,0.8667345943413993,,,,-0.0664421997755331,0.8212627597101305,0.484534178542015,1.2703778731597737,1.1363236424595493,,,,0.2695354327087536,0.0150662916834069,0.1642150610775727,2.5123184184315863,0.1374693629058923,-0.1705503957881467,-0.0172413793103448,-0.7192966797572296,0.5885521010796417,0.4238217929093658,-0.8715477424827976,,0.8378532686268912,22.287141073657928,0.6714332141696457,-17.9954233409611,-0.2518131379120983,0.4800764764858122,1.488611839960254,-1.9712121708908488,1.513483502538071,,0.2480281760007937,0.5714285714285714,-0.4693069306930693,-0.7625406151244046,-0.2156781418498548,-32.63852556480381,-1.152172283708497,0.0,0.0,0.23279628984264,0.0,0.8000273058511319,,0.5326787954461125,0.8240789285544063,0.29922182920667,0.1727342298021209,0.1053757307856837,0.25,0.1249883301902645,0.7354428629694855,0.4356120826709062,,,,0.0,5200000.0,0.0,-2.5824613117170228,0.6855128180322151,1.0249703968802613,0.6968647142087966,-2.054290718038529,-1529900000.0,0.9829582901798324,1.026326717050079,,39.4252,-0.1026450087761126
2017-04-30,0.8446676631224012,-0.0631027809230126,,-0.1942854722664873,1.027860281486633,0.6147333941399307,-0.3723076923076923,1.042164742996033,0.1633802816901408,,0.6072334245805266,0.3570734217749314,0.1222276147079147,0.9767672150713363,0.6310857928595983,,1.2038379615754613,,0.6662643622223149,6.594055517027636,1.47035309793471,0.3603695666548447,0.6861955001529247,0.5272247209984189,0.8006193210826106,0.0027633087859402,-0.014764859556156,0.0,0.8666375845479,-0.063142163272931,1.483583955292474,1.0214009041777277,0.0,0.0,0.0,-0.4121906580727301,0.0,0.1659634317862166,0.0,-0.1468991104442756,0.0,,0.9121424261356658,1.8911646632018289,0.8608023149162971,,-0.2151205557825909,0.5749967455708269,0.902630024354164,,,,-0.0763187429854096,0.8446676631224012,0.6442586538221567,1.180121545188335,1.052967926572876,,,,0.2653007833339106,0.0150662916834069,-0.6577105121446589,-0.4192960366827655,-0.0315266851057799,-0.8861205346384147,-0.0862068965517241,1.163959300249911,0.3267602256206316,0.575940521577091,1.0631303610142333,,0.7997906556285089,-0.5593008739076155,0.6714332141696457,12.210526315789474,0.5113143592948172,0.4427708736505863,1.492959058516667,0.7567461228236991,1.894194162436548,,0.1835408502405873,0.0,0.6643564356435644,1.2582009169003427,0.074657818332642,-10.581450653983351,0.838983686011942,0.0,0.0,1.7286545318070932,0.0,0.7897876116766646,,0.6740307087031551,0.7859491921262094,0.8004850934815564,0.5034437520498524,0.0625980322258662,-0.125,1.1855406389454226,0.711528639151321,0.493423905188611,,,,0.0,5800000.0,0.0,1.7211495946941784,0.6776741050099795,1.0077708189314432,0.6726234416759855,11.430823117338004,510000000.0,0.933998681856699,0.9377404977438196,,38.2782,-0.077664283814857
2017-01-31,0.8546983360133742,-0.0398146586684012,,-0.2218151593280638,1.0756578274468676,0.5745211480463107,-0.3692307692307692,1.057360613973971,0.1633802816901408,,0.5690492584581905,0.4231901875571821,0.1221571758527151,1.007637736603797,0.3737563227422285,,1.2069183935803798,,0.8190288148240845,,,0.4448264876139868,0.6529380847885927,0.3906022135916369,0.7979498336575648,-0.0055266175718805,-0.100675176994779,0.0,0.8739827603349758,-0.0106482346347842,1.608588551049671,0.9924550291553518,0.0,0.0,0.0,-0.5076788414100422,0.0,0.1659634317862166,0.0,-0.2824982893159147,0.0,,1.1940897852821342,1.8820666204182823,0.8785018396159838,,-0.1691867592970984,0.7303694931908943,0.97780117151094,,,,-0.0888888888888888,0.8546983360133742,0.3827098255509246,1.0016145854226002,0.8881088440414556,,,,0.2695354327087536,0.0150662916834069,0.3059263668055437,-1.3363651739236653,0.6119178952119536,1.13453089372115,-0.7011494252873564,-1.2012674044983935,0.5945473348687793,0.3268461033836909,-0.5958384390611745,,0.7522123893805309,-11.795255930087391,0.6551836204094897,-9.103628636809416,-1.0698555170520176,-0.3686259880155751,-0.0093154683351705,-1.0400340994786714,0.9741434010152284,,-0.5853464953618731,0.2857142857142857,-0.7019801980198019,-2.302577113099212,0.0331812525922853,-1.3067776456599287,-0.7749269243260799,0.0,0.0,0.2864112805940541,0.0,0.7317626780213498,,0.5055863454051793,0.7382870215909633,0.3921980798383022,0.2191975511096534,0.0198203336660487,0.5,0.1698003995742853,0.7423411967631868,0.5512357277063159,,,,0.0,5000000.0,0.0,0.040972733971997,0.6937484279163362,1.0299318135962665,0.7097771508343139,-2.6672504378283715,-72900000.0,0.3502495056962621,-3.940038202807076,,35.3992,-0.0005875839002011
2016-10-31,0.7806300339314429,-0.0446328908590104,,-0.2069914816795226,0.8787798354227713,0.6632011344646911,-0.3661538461538461,-0.567989745826264,0.1633802816901408,,0.686606992121864,0.3602899130832571,0.1137749520839687,-0.3674048598244619,0.6369788341599961,,0.8421439036646231,-0.805371194505613,0.6295563990971325,8.813263696675484,1.4063957361758828,0.331515956647451,0.6826322056496035,0.303102405477181,0.7003652377864462,-0.0193431615015819,0.1052492505626475,0.0,0.7659549310762743,-0.081076032131515,1.320342659656605,0.8934296672366973,0.0,0.0,0.0,-0.6636428741943184,0.0,0.1659634317862166,0.0,0.1349714048953814,0.0,,1.125738910337536,0.0943012134514562,0.8195941907436932,,,,0.8889479097753075,,,,-0.077665544332211,0.7806300339314429,0.6502483216451621,0.8872899033254442,0.7825249372516694,,,,0.2822393808332824,0.5574527922860587,0.1528781566193351,-1.3213312536410275,0.4240278790995974,1.0047642882301688,0.4022988505747126,0.3874509103891467,0.5066172392947607,0.5816449739021307,-0.1363229333584692,,0.7902750023789133,-8.17478152309613,0.6226844328891777,10.641386073880351,-0.8577704557935201,-1.0681060411760592,0.0111785620022046,-0.0957408439620971,1.8624682741116751,,-0.937546505283,-2.4285714285714284,0.0207920792079207,-1.3322650999243335,-0.5060141020323518,11.41617122473246,-0.4276613286031928,0.0,0.0,-0.3408841111974908,0.0,0.6925105170192251,-0.1918180274995756,0.6528279217145987,0.7764167580191602,0.9985649317837292,0.6482999890674538,0.1196349636389562,1.5,-0.3156636854192729,0.7209563620027127,0.4067061714120538,,,,0.0,32200000.0,0.0,-0.6369933677229181,0.6893825624355973,1.0145514217766505,0.6891903414974041,-25.784588441331,-17600000.0,0.0828547217776104,-0.368906237023503,,34.1085,0.0110031223888474
2016-07-31,0.7569417781776194,0.017201088920475,,-0.2578155193316639,0.8132203621537235,0.6950247331944103,-0.4738461538461538,0.6212391169071539,0.1633802816901408,,0.689258670324804,0.335272758462946,0.1122252972695786,0.955136110194718,0.550547561754162,,0.8133932049520511,,0.4827245465964024,,,0.199270244113563,0.7622124495571122,0.2263481878329214,0.6296238210227325,0.1492186744407753,0.1531507608920615,0.0,0.7274375458513641,-0.1632729310666915,1.0350380528695908,0.9178051409397506,0.0,0.0,0.0,-0.3771783241823824,0.0,0.1659634317862166,0.0,0.1443880145392453,0.0,,1.1033112794963396,-0.1195027919618792,0.824949431550265,,-0.3027380465876583,0.5237657314906965,0.8012214104167572,,,,-0.0475869809203142,0.7569417781776194,0.5623998602410841,0.7870050944682899,0.6899074751553658,,,,0.2780047314584395,,-0.1702236204404387,-0.0133801890515475,0.3127634002844592,0.1520123092894351,-1.793103448275862,0.5213316672616922,0.3887109747750538,0.4979796731348818,0.0639786973324535,,0.7426967361309353,-0.3720349563046192,0.6226844328891777,-21.72213141549526,-0.5718343464182242,-0.5365012007740912,0.0006210312223447,-0.6728089445555592,1.0851840101522845,,0.2480281760007937,,0.2188118811881188,-1.136422308274358,0.3235172127747822,-1.187871581450654,-0.0928873010717765,0.0,0.0,0.0719513175883977,0.0,0.8256265412873002,,0.4914511540794751,0.728754587483914,0.1375240020212228,0.0552093582595386,0.0625980322258662,1.375,-0.028119573538473,0.7161275283471219,0.3778002601532013,,,,0.0,3300000.0,0.0,-3.0246131171702286,0.6641796117058776,1.0110784300754465,0.6749379350333896,-0.5656742556917689,14900000.0,0.9829582901798324,0.9266672203305372,,32.3686,0.0548665961052549
2016-04-30,0.7258296910751096,0.1199900423201394,,-0.310757225219311,0.7641255967832951,0.6874350046270714,-0.4738461538461538,0.5589360458976087,0.1633802816901408,,0.6508977256556053,0.2852384492223239,0.1135636355183701,0.945461897460954,0.4346510828463389,,0.7625660768708972,,0.4474997334964798,,,0.1529842447267022,0.778247274822058,0.1741553198348249,0.5664459519633153,0.1478370200478052,0.1000425646572764,0.0,0.6604352106229157,-0.1920418456940033,1.082098606566418,0.9231372758122935,0.0,0.0,0.0,0.0461526219463674,0.0,0.1659634317862166,0.0,0.0081610616913486,0.0,,0.918550320661722,-0.4015421182518111,0.8137851159704627,,-0.3279117286473232,0.4061863549133482,0.7538973905793007,,,,-0.0415263748597081,0.7258296910751096,0.4446030597219796,0.718811424445425,0.6269276009298793,,,,0.2822393808332824,0.5574527922860587,-1.2075503783691863,0.3399169375904384,-0.6067430472821552,-3.233042285375304,0.4712643678160919,-0.9156551231702964,0.5925489236057334,0.3857921107424344,1.7253039871806957,,0.8378532686268912,-2.3071161048689137,0.6389340266493337,-2.042497548218372,0.7991440852884925,-0.5831332043181235,0.0117995932245493,2.494508016656284,0.6410215736040609,,0.0347239446401111,,-0.5782178217821782,1.6988471981127875,-0.049771878888428,5.233055885850178,1.7383765957978363,0.0,0.0,-0.3408841111974908,0.0,0.7351759094128388,,0.4243089952823799,0.8240789285544063,0.0405053057099545,0.2383295069421668,1.3601882218736632,-0.125,-0.2783202942659223,0.6717482476076435,0.3199884376354964,,,,0.0,8800000.0,0.0,-0.3127487103905674,0.6246883739482854,0.9791599825358132,0.6333988700399799,-6.432574430823117,-2400000.0,0.0,-0.5516153143426625,,28.2588,0.238873640191415
2016-01-31,0.7658957121706914,0.168172364226232,,-0.0545193687230989,0.83118186167949,0.6920953642736829,-0.4738461538461538,0.5549851194433448,0.1633802816901408,,0.659559874451876,0.258076967063129,0.1122957361247782,0.9686147886102994,0.6350144870598635,,0.7548649968586011,,0.6981520877654027,,,0.3868187091616223,0.794875982504224,0.1710851511290545,0.6400051610090217,0.1616535639775066,0.0982202245903965,0.0,0.7338869684936746,-0.0467027834858957,0.880620611051877,0.9101878054075464,0.0,0.0,0.0,-0.0875308347258693,0.0,0.1659634317862166,0.0,0.0389219865279704,0.0,,0.9196183030827312,0.3263013044318841,0.832936909363457,,-0.2007355946056395,0.3423575504856448,0.8668955603952683,,,,-0.0352413019079685,0.7658957121706914,0.6482517657041603,0.7148000320911388,0.6232229024460272,,,,0.2907086795829683,,,-5.733786856595193,1.5671129491909708,4.560369278683054,,0.0304355587290253,0.5845552785535499,0.5797434897937841,-1.0742058629465547,,0.7807593491293178,-50.93383270911361,0.6226844328891777,-1.977116704805492,-0.2271961218731655,-0.6857236121149946,0.0049682497787576,-1.623659792124332,0.3078997461928934,,-1.7907634307257303,,-0.0534653465346534,-1.4657942760493168,0.1990875155537121,-12.781212841854934,-1.1771554200914385,0.0,0.0,-0.1800391389432485,0.0,0.6890972856277359,,0.3925048147995453,0.7668843239121109,0.1092268822637695,0.2683940089646879,1.2746328247540282,1.75,-0.2111021901898911,0.6845101651259908,0.4067061714120538,,,,0.0,7200000.0,0.0,-0.8728076639646278,0.6359007102965465,0.9883386034604228,0.6504530316208519,-3.7180385288966726,0.0,0.2560964127671594,-0.0200979985051075,,25.1255,0.3748151101365495
2015-10-31,0.7061650385713375,0.0163980502220402,,-0.2705215287446992,0.7142325425450546,0.707807433939402,0.1138461538461538,0.5562007891215799,0.1633802816901408,,0.6514280612961934,0.2201938472095151,0.0818661506785727,0.8594809730518825,0.6271570986593331,,0.7625660768708972,-0.5620659388041085,0.2224317171632902,-1.5340399285630997,-0.3804130579613591,0.0,0.8423865758818412,0.183365825952136,0.6314034793060964,0.233499592411954,0.2906072687938582,0.0,0.6715425496180061,-0.2871287128712871,1.4629949630501122,0.9299928777912774,0.0,0.0,0.0,0.1798360786186043,0.0,0.1659634317862166,0.0,0.0100443836201214,0.0,,0.9089384788726378,,0.7425331832050571,,-0.4111156518185533,0.2533331653627954,0.673414363644851,,,,-0.0172839506172839,0.7061650385713375,0.6402655419401533,0.7308456015082835,0.6380416963814357,,,,0.3076472770823401,0.0451988750502209,1.7910608508346797,10.344990885685828,-1.4401769735012098,-6.017462877481786,2.022988505747126,0.3785255265976437,0.4986235942425771,0.5721375533603978,0.7002309359977378,,0.7426967361309353,81.71285892634208,0.5901852453688657,2.73030402092187,-0.2915790868980666,-0.695050012823801,0.0068313434457917,0.7469097347454015,0.0858185279187817,,1.2996676422441589,,0.1396039603960396,-0.0459340365869942,0.0331812525922853,2.2009512485136744,0.7390511404801758,0.0,0.0,1.10672063909069,0.0,0.6805642071490131,0.1918180274995756,0.7093686870174157,0.728754587483914,0.7843153107630116,0.4979774789548485,0.0911164979324112,2.125,0.6702018410291839,0.6755423311941792,0.3778002601532013,,,,0.0,12700000.0,0.0,1.3379513633014002,0.6444339928270815,0.981888761729616,0.6281608061258548,2.84938704028021,22200000.0,0.3690801242820826,1.3529884007419095,,24.7104,-0.059144535532538
2015-07-31,0.7709960543186439,0.0774289913030909,,-0.2154621546215462,0.849243147313733,0.6799784291924929,0.0553846153846153,0.5540733671846686,0.1633802816901408,,0.599101611424844,0.2305580969807868,0.1164516285815516,0.9199176278830375,0.5426901733536316,,0.7297081354851006,,0.7838040017241619,,,0.4421214616757936,0.8893032868422381,0.2816112245367883,0.7091152243463186,0.2086298133384915,0.08858785566546,0.0,0.7437402530860935,-0.0123295348402764,1.665943600867679,0.8378231178516067,0.0,0.0,0.0,0.2052995941752208,0.0,0.1659634317862166,0.0,-0.1757767133521247,0.0,,0.4133946355242993,,0.7988085950707278,,-0.1706579485083776,0.2776888933681032,0.9118050894246912,,,,0.0004489337822671,0.7709960543186439,0.5544136364770771,0.859210156845441,0.7565920478647045,,,,0.3076472770823401,0.0451988750502209,0.5496698126576538,-0.8026610038900269,0.1164760650162435,-0.5932187679587713,,1.8512138521956445,0.0829540515290344,0.4903737367014955,1.1361815439720993,,0.8283376153772957,-9.6729088639201,0.6064348391290217,-7.861392611964694,-0.0776004090211895,-0.7603348177854462,-0.0223571240044093,1.8485851995147384,0.3713515228426396,,,,0.9564356435643564,2.344238216050207,-0.464537536291995,-1.4256837098692032,1.156269518075299,0.0,0.0,-1.2737849502720962,0.0,0.757361913457518,,0.1074451230645094,0.8145464944473572,-1.0186154623547246,-0.4804854050508363,1.3459289890203907,2.0,-0.9915790652949196,0.8092550345620895,0.3199884376354964,,,,0.0,0.0,0.0,-2.0960943257184965,0.7156769795355017,1.0780575557415168,0.7778719817179388,2.7618213660245186,0.0,-0.1996045570096977,-0.7121778368352573,,28.0399,-0.0822221191944335
2015-04-30,0.7377871598886425,0.0750198752077862,,-0.2048738134440167,0.777197576993714,0.6980872552478978,0.3630769230769231,0.4787018471340967,0.1633802816901408,,0.6127135595332692,0.0868881518755718,0.1109573978759867,0.90948252201291,0.1341059765260521,,0.6170156646385017,,0.8679727656576611,,,0.4478320719897569,0.9255301142926712,0.263190212302166,0.6382255027256579,0.1809967254790886,0.1450803977387363,0.0,0.7104182361008224,-0.0087801232953484,1.5350564358983787,0.6923320091865066,0.0,0.0,0.0,0.1989337152860666,0.0,0.1659634317862166,0.0,-0.1274381171802904,0.0,,0.3770832332099814,,0.7890057813909013,,-0.1675521046178994,-0.0599318879468541,0.8662516961797927,,,,0.0141414141414141,0.7377871598886425,0.1391300007487085,0.835141802719724,0.7343638569615916,,,,0.3118819264571831,,,0.0768233326442786,-0.5154222014621832,-2.443319800530189,,-0.7549982149232417,0.2508205976248882,0.0948650421654101,1.348265623527194,,0.7807593491293178,-2.244694132334582,0.5901852453688657,4.62634847989539,0.4715484103088488,-0.3686259880155751,-0.0198729991150305,1.592839109478999,0.4189403553299492,,,,-0.4891089108910891,1.4629456536253171,0.3649937785151389,-2.3769322235434007,1.3736228046068903,0.0,0.0,0.7421387019810739,0.0,0.677150975757524,,0.4973408171318519,0.7668843239121109,0.5053865588681152,0.3093910571772166,0.0911164979324112,1.5,0.4312041376477398,0.674967470044704,0.3488943488943489,,,,0.0,0.0,0.0,0.9694915254237289,0.6375875219595591,0.9814753103366156,0.6416823199506891,2.411558669001751,0.0,0.4331042274738725,0.2179774658804639,,27.1329,-0.0515425922035609
2015-01-31,0.7521247883712199,0.1039292683514418,,-0.1900501357954756,0.8190079564453594,0.6759838352096829,0.1384615384615384,0.4148791890267576,0.1633802816901408,,0.5966267117687666,0.0836716605672461,0.1079989659576056,0.9089390269155078,0.29911113293719,,0.6031537206163687,,1.0426136811320144,,,0.614642004845002,0.8881155220077976,0.2647252966550512,0.676339850961034,0.1740884535142379,0.1034269104957676,0.0,0.7401572405070321,0.0949000560433401,1.5350564358983787,0.811162443488892,0.0,0.0,0.0,0.1607384419511418,0.0,0.1659634317862166,0.0,-0.1845655490197309,0.0,,0.3931029695251216,,0.7886427142175744,,-0.0768287699223539,-0.0674905621553979,0.942388639659782,,,,0.0,0.7521247883712199,0.3068406997928573,0.8371474988968671,0.7362162062035176,,,,0.2949433289578113,,,0.5804596621126417,0.5751796239050683,1.5460764139925476,,0.1821670831845769,0.2088539611009247,0.2545897072665215,-1.0977707606748988,,0.7522123893805309,1.250936329588015,0.5739356516087097,-8.972866949983654,-0.4866215985911492,0.825153302711651,1.4128460308342,-1.790878389455392,0.2444479695431472,,,,0.0306930693069306,-3.045889526861619,0.1161343840729987,0.9524375743162902,-1.1921453019212032,0.0,0.0,0.0719513175883977,0.0,0.8256265412873002,,0.4655366366490173,0.7382870215909633,0.008165740272865,-0.0213184650705149,0.1196349636389562,0.625,-0.0019791997311275,0.7104938890822657,0.4067061714120538,,,,0.0,0.0,0.0,-0.7843773028739868,0.6567377955455272,1.0070266064240423,0.668481716720631,1.798598949211909,0.0,0.4105074851708878,0.1847576336406168,,24.4378,0.0415707098711717
2014-10-31,0.7305900104131986,0.1561267837497089,,-0.2027561452085109,0.7958575792788158,0.656277171561154,0.0307692307692307,0.4388886651718995,0.1633802816901408,,0.5814237567385773,0.0933211344922232,0.1079989659576056,0.9178523465129084,0.2578598438344055,,0.6552643620329054,-0.6636997797933445,0.8920739535681346,-1.3720180924383674,1.7508327781479014,0.4863035519996153,0.8340722220407581,0.327663755123344,0.6017425079166987,0.1948132694087901,0.0479757056035655,0.0,0.6810375329525188,0.0151317018494302,1.320342659656605,0.905617404088224,0.0,0.0,0.0,0.2530436858438768,0.0,0.1659634317862166,0.0,-0.2385541109778835,0.0,,0.9302981272928248,,0.7998070297973767,,-0.146628524724152,-0.0448145395297664,0.8723684062268108,,,,-0.0204264870931537,0.7305900104131986,0.2649130250318201,0.9193810421597336,0.8121625251224865,,,,0.2949433289578113,0.0451988750502209,-0.5103307541875691,-2.366188713284348,0.1815552884741546,-0.1927960995866006,-0.1034482758620689,1.0747054623348804,-0.0329538017276265,0.2146585409912436,1.1668159110189462,,0.8378532686268912,-21.97003745318352,0.5414364640883977,11.099051977770513,0.3446760968774262,-0.5644804029005106,-0.0248412488937881,1.0256073969638348,0.6410215736040609,,2.366188799047572,,0.5257425742574258,0.7018293497129122,0.3235172127747822,0.06064209274673,1.1462762635221226,0.0,0.0,1.396241589148326,0.0,0.6413120461468884,,0.6280913368946163,0.8240789285544063,1.0026073774633653,0.6701650814474691,0.2194495936118636,1.50875,0.8905278488339526,0.6939378879773827,0.3778002601532013,,,,0.0,12700000.0,0.0,1.352689756816507,0.6661640960153044,0.99511920630563,0.6632436528065059,2.411558669001751,8700000.0,0.7958196026739478,0.7512111397170778,,23.1568,0.1113107165065985
2014-07-31,0.7165924047404847,0.1432781645747508,,1.7857343279315143,0.7862781128650738,0.6361710485143439,0.0307692307692307,0.4647216458343939,0.1633802816901408,,0.5476590542878078,0.1044001601097895,0.0900370578817204,0.892525474973953,0.0201738447183617,,0.6434560393473848,,0.9069054538207336,,,0.4619583185558768,0.850107047305704,0.3153830803002625,0.6008526787750167,1.0915069704464124,0.079215821035792,0.0,0.7342452697515808,0.0,-0.328247362035369,0.8058303086163491,0.0,0.0,0.0,0.2944218986233787,0.0,0.1659634317862166,0.0,-0.3584589404430828,0.0,,0.3439757781586915,,0.7779322326044306,,-0.159869227625664,-0.0187791061447822,0.8643201035333659,,,,-0.0143658810325477,0.7165924047404847,0.0233297561706057,0.903335472742589,0.797343731187078,,,,0.2864740302081254,,-0.3402771873140039,0.2196455753293368,0.0104599106735174,-0.7563539291474334,,-1.1744912531238842,0.2288380737313835,-0.0154210361186906,0.1205344518804788,,0.7522123893805309,0.0024968789013732,0.5251868703282417,-5.638443935926773,-0.2858982370429282,-0.5644804029005106,0.0,-0.1514803764057838,0.6886104060913706,,,,-0.7217821782178218,-0.7002269995994125,0.2820406470344255,-0.5338882282996433,0.0295300672046368,0.0,0.0,0.8547301825590435,0.0,0.627659120580932,,0.5032304801842287,0.7382870215909633,0.5983628094997473,0.3859188805072701,0.1624126621987737,0.75,0.5394999719924566,0.6785316091714497,0.4067061714120538,,,,0.0,0.0,0.0,1.1168754605747973,0.6435409748878395,0.9840387089732184,0.6483821691431746,1.8861646234676008,0.0,0.4745315883626777,0.2788804916535171,,20.4959,0.0292741475124293
2014-04-30,0.7093952552650407,0.1986878347667574,,1.739145626750385,0.7864776850820266,0.6189942943882613,0.0,0.4370651606545469,0.1633802816901408,,0.5290973068672278,0.1158365736505032,0.09010749673692,0.8962212416362898,0.2775033148357315,,0.5985330726089911,,0.9158043539722928,,,0.5085448763803146,0.8388232813785199,0.295426983712755,0.5789035599468624,1.0251875595838458,0.0274092962773497,0.0,0.6882035581106416,0.0289557257612553,-0.328247362035369,0.7418446901458339,0.0,0.0,0.0,0.2785072014004933,0.0,0.1659634317862166,0.0,-0.4243752079501296,0.0,,0.3952389343671403,,0.7798383352643968,,-0.1345320800980793,0.0080961799300402,0.892811095068161,,,,-0.0186307519640853,0.7093952552650407,0.2848785844418378,0.8772614224397288,0.7732631910420391,,,,0.2864740302081254,0.0050220972278023,,-0.751696014131885,-0.3319302812577084,-1.7846245110579686,,0.305872902534809,0.1591734571016042,0.2336733820747093,1.4703553586577434,,0.7582072509277762,-7.540574282147316,0.5386740331491713,6.538738149722131,0.460849476415005,0.5995476695656229,1.475874489589964,1.8633397816321848,0.7422271573604061,,,,0.1012376237623762,1.902568211154137,0.158025715470759,0.0130796670630202,1.4521448022584755,0.0,0.0,0.5223172399002761,0.0,0.6634980501915676,,0.4620028388175912,0.7442924550784042,0.3477311773623042,0.4231715316497212,1.2408384428917725,0.25,0.3229083033030229,0.6336924395123913,0.4067061714120538,,,,0.0,0.0,0.0,0.8221075902726602,0.5990885263566803,0.9517895003191844,0.598072392479602,1.5359019264448337,0.0,0.3163543922417851,0.0463416659745868,,22.4317,-0.08778202276243
2014-01-31,0.7148985244426813,0.2267379765030877,,1.70132407206425,0.8089854397099816,0.6018907744851967,-0.0120923076923076,0.3725647667015918,0.0450704225352112,,0.5178842436397288,0.1089461344922232,0.0853451257368784,0.9056432726448592,0.2090261749251092,,0.5601534568543783,,1.0764072544575611,,,0.6282512908984894,0.7997042465562243,0.2704204596042552,0.582866265724486,1.0384790748442183,0.0024770808194802,0.0,0.7024352840746736,0.1033588641883056,-0.328247362035369,0.7896206186038186,0.0,0.0,0.0,0.2825495344951062,0.0,0.0478199718706047,0.0,-0.4641949112641484,0.0,,0.5029342817017232,,0.7862274098470171,,-0.0694270535349407,-0.0080961799300402,0.9531846328927692,,,,-0.0334163860830527,0.7148985244426813,0.215278644338516,0.844588631714068,0.7430884218910634,,,,0.2907086795829683,,,0.1386127450059196,0.7370274539853152,1.984835845244054,,0.135308818279186,0.1276984797086316,0.167387646057748,-1.2504948628522952,,0.7842801408316681,-0.3196004993757803,0.5279493012674683,-0.9473684210526316,-0.6671779431536291,0.5844389004173565,1.8100017078358608,-1.8515361159382275,0.777760152284264,,,,0.0047029702970297,-3.093826501090488,0.1571961841559518,-0.070154577883472,-1.4380543133384964,0.0,0.0,0.3249068439535694,0.0,0.5631319811248304,,0.3459882560118735,0.7704113245317191,0.1991712986356746,0.3302175576691811,1.2799087409097392,0.61625,0.1747297272065276,0.6327025286129951,0.4087295852001734,,,,0.0,0.0,0.0,0.593515106853353,0.5942969889915695,0.9510775370204376,0.6041875275607432,1.7924693520140105,0.0,0.2360982958290179,-0.0716441048639371,,21.9566,-0.0096645200076515
2013-10-31,0.6888442766368911,0.2814088510925341,,1.5247740712701243,0.7735344289515423,0.5879789351743974,-0.0715692307692307,0.4395512051465375,0.0366197183098591,,0.5104913648099322,0.1067624942817932,0.0853148370291426,0.9124858759211564,0.1780877080980209,,0.609376193266304,-0.6567548006590801,0.8888518101382574,-1.3830895845735574,,0.4714860210270682,0.7611909717994935,0.2331179098291451,0.5089511250221067,1.0332978708705804,-0.0423342614250959,0.0,0.6309040209462915,0.0059219129460115,-0.328247362035369,0.7677893349685213,0.0,0.0,0.0,0.2896156600620673,0.0,0.0393811533052039,0.0,-0.4904484189512408,0.0,,0.1027505887253095,,0.7897355464092883,,-0.1546873722926031,-0.0132276798649516,0.8651329821054038,,,,-0.0479730639730639,0.6888442766368911,0.1838328882677381,0.7958502146094909,0.6980763353122598,,,,0.2731772311711185,0.0470068300522298,0.4704815350168636,-0.5975231616334354,-0.2004912431706177,-1.2676343547818991,,-0.5451624419850054,0.2485823770102768,0.1374392713512897,0.8678244886417193,,0.7171947854220192,-5.504993757802747,0.5289242768930776,-1.1794704151683555,0.0,21.79435286437082,-0.0291263643279665,0.7319584248663891,1.000475888324873,,-0.1851282305669924,,-0.3727227722772277,-0.0948947344994881,0.0,-0.7794292508917955,0.7726784420516152,0.0,0.0,1.0683859207034287,0.0,0.6193649682996134,,0.5480154780345017,0.7032076640770221,0.780232440626579,0.5248442112167924,0.245686582061885,1.74375,0.6778198928244674,0.629057908925323,0.5552825552825553,,,,0.0,0.0,0.0,1.0014738393515106,0.6045190676694265,0.9484562551888148,0.5958443880845009,2.58231173380035,0.0,0.6541003671970624,0.5428674251861695,,22.5341,-0.0350446656400743
2013-07-31,0.6798716413892766,0.3208380511856866,,1.244564210347986,0.780952528255684,0.556998195775051,-0.4738461538461538,0.4513918278125468,0.0253521126760563,,0.4826734926756229,0.0862770185269899,0.0820626750845794,0.9212263640775828,0.2969110641850415,,0.5904546396760926,,0.9910482626287908,,,0.5725067174810798,0.7186392966056651,0.163471132738744,0.4802734148342674,1.0133329648921618,-0.1036690213903673,0.0,0.6091300535033354,0.0687110031757892,-0.328247362035369,0.6819648155271768,0.0,0.0,0.0,0.2780934192726983,0.0,0.0281293952180028,0.0,-0.5892349318551349,0.0,,1.0458431454218264,-1.2730436364877007,0.7929160148476321,,-0.0997449938700449,-0.0613680360464774,0.8889640063806944,,,,-0.0640561167227833,0.6798716413892766,0.3046045571389353,0.7048517790525092,0.6140352502060739,,,,0.2560269012030046,0.045399758939333,0.0520363914633109,0.1210982278766466,-0.2258826369681479,-1.2006006340025583,,0.0645305248125669,0.232954800933258,0.2524600450651734,0.7609105476482232,,0.85764582738605,0.3907615480649188,0.4595385115372116,2.126838836220988,-0.2076539983714897,1.0890904427708736,1.09694607896412,0.8485196235942162,0.9796954314720812,,-0.586537030606677,,-0.0345544554455445,0.7714425601994036,-0.0182496889257569,-0.9328180737217598,0.6626027431483749,0.0,0.0,0.5522880197303166,0.0,0.5274637130837693,,0.3807490473470012,0.8439063914970688,0.3959979787771602,0.2620804635399584,0.230144018251818,0.745,0.3527083294433967,0.6160671966694844,0.5902587079057667,,,,0.0,0.0,0.0,0.7753868828297715,0.5846692633643855,0.9391130806097912,0.5887730018004322,1.882661996497373,0.0,0.3493456360041427,0.0948426210447637,,21.0958,0.0307454564415664
2013-04-30,0.6645632477845389,0.3784721385723578,,1.2200416121808275,0.7734625829534393,0.5310240141674933,-0.4738461538461538,0.4192373648232302,0.0140845070422535,,0.4690279566432936,0.0207713860933211,0.0788696817783838,0.9201545917455052,0.2815498698620046,,0.5270593490148714,,1.1256478352961896,,,0.6792620689240609,0.6511623763611043,0.1280413858741537,0.4450969858150111,0.9447338242811943,-0.1613356711353048,0.0,0.5701128380236461,0.1350644498412105,-0.328247362035369,0.5744385071545824,0.0,0.0,0.0,0.2646614148165831,0.0,0.0168776371308016,0.0,-0.6376928050824581,0.0,,0.996117883899631,-1.150538490407251,0.789926156675285,,-0.0416836943195749,-0.2153046355669215,0.9166340710407582,,,,-0.0895600448933782,0.6645632477845389,0.2889914896803014,0.6585603112840467,0.5712830297024201,,,,0.2358276236850037,0.5571514664523906,,0.4690583128182963,-0.3165946771493201,-1.451569249022116,,0.1268297036772581,0.203378314240179,0.2375904393379032,0.827787727401263,,0.9197830431059092,-2.854556803995006,1.7364315892102695,0.9074861065707748,0.2326686739002821,0.4895894052087948,1.0069959167197131,0.836715957900259,0.2289022842639594,,-0.4278982092365693,,0.0,0.4612097743356923,-0.1518042306097055,-0.0469678953626635,0.851750068703625,0.0,0.0,0.8073881457255448,0.0,0.5130086781408129,,0.4326016408601263,0.9061531862161004,0.5761293582617484,0.3928883787034,0.2771994866676173,0.16625,0.5364004705267286,0.5608000457589475,0.5029628559040323,,,,0.0,0.0,0.0,1.0053058216654385,0.5418530221463488,0.8993638636867295,0.530846105682203,1.47723292469352,0.0,0.4697862724790509,0.2719043268831492,,18.2558,0.191095432684407
2013-01-31,0.6712265614484971,0.4140467529130229,,1.189949546554289,0.8004327723524625,0.5106915307949907,-0.4738461538461538,0.3706288127390025,0.0112676056338028,,0.4494179124398179,0.0398237362763037,0.0834622951373945,0.9299592433026458,0.2524775327800422,,0.4826420865306185,,1.2757426178524915,,,0.796479859579098,0.6248474464540765,0.1869272216508297,0.4434685984857333,1.018790499744394,-0.2295953233547198,0.0,0.5733429238636699,0.2079207920792079,-0.328247362035369,0.5644674149429271,0.0,0.0,0.0,0.2727779104002546,0.0,0.0140646976090014,0.0,-0.7073317722687124,0.0,,1.0002830153415674,-1.5013135299268745,0.8015951356260118,,0.0220678381691867,-0.170532088671647,0.98799193238138,,,,-0.0995061728395061,0.6712265614484971,0.2594424617534752,0.7354988166392555,0.6423391466227042,,,,0.2228272501042359,,,-13.568263394283353,2.368101733521573,7.410711306378955,,-0.6329882184933953,0.3439265783701957,0.209448474534374,-0.6049580544820435,,0.9319630792653916,-117.68414481897628,1.7364315892102695,2.6949983654789147,-0.311992274044197,0.4376413532607428,2.640823487400829,-0.9636053641102988,-0.121986040609137,,-0.7201746118359046,,-0.4214356435643564,-1.9404014777228824,-0.160929075072584,0.2003567181926278,-0.6119619257001524,0.0,0.0,0.0285767900705037,0.0,0.5687638129207875,,0.3011443615310768,0.9183547018731232,0.000121273370389,0.0002733136547501,0.2606587765578212,0.24375,0.0019791997311275,0.5870332594540946,0.5830322300910536,,,,0.0,0.0,0.0,-0.2672070744288872,0.5502930339143407,0.9182313045549112,0.5548023300857337,1.531523642732049,0.0,0.2478862630637416,-0.0543144257121501,,17.6237,-0.0491156794543711
2012-10-31,0.5471766064306814,-0.0017666851365567,,1.079026084378491,0.5910495852140936,0.4986211993102667,-0.4738461538461538,0.4176144458027864,0.0056338028169014,,0.4408353139896355,-0.0194597724153705,0.0002345613878145,0.7652552280152157,0.3906300643323675,,0.5205211320844321,-0.7088036464990222,0.4784271193982118,-1.3001147654672551,,0.1713183094189003,0.5997024649089727,-0.0329429102129162,0.3647913888267862,1.024344750404134,0.1892070607867562,0.0,0.4743711588985461,-0.1806463665234448,-0.3223794992462958,0.5591048107282554,0.0,0.0,0.0,0.2736054746558446,0.0,0.0084388185654008,0.0,-0.7378101988160183,0.0,,1.0290651415877694,-0.8059501199804392,0.6510620395570762,,-0.3179403351042092,-0.309846852862008,0.6264814913182959,,,,-0.109010101010101,0.5471766064306814,0.3998602410841299,0.4482229531870512,0.3770271647016328,,,,0.2102503414609523,,0.4953660403026954,0.6542762107003928,-0.2515574402871883,-1.4387408931650074,,1.94127097465191,-0.0919069339874799,0.343179851874388,1.240621170704119,,0.5940622323722523,0.5449438202247191,0.4088397790055249,-11.087283425956194,0.465545645628586,-0.7972673645923197,1.0394758496483412,1.1316108724876226,-0.090736040609137,,0.6166476511731733,,1.0063861386138613,0.6424088663372947,-0.2434674408958938,0.0,1.3397706548080046,0.0,0.0,1.0065678363670485,0.0,0.4291967813227978,,0.3876163944660726,0.579857966731805,0.6973623041940374,0.4195091286760686,-0.0115499786111507,0.01875,0.6527998207517225,0.4610811816040983,0.2959965312906489,,,,0.0,0.0,0.0,0.3102431834929993,0.4588857021378353,0.8276441043485163,0.4336410391344282,1.3739054290718038,0.0,0.787308163073157,0.7363729479832793,,15.1642,0.1051094024083037
2012-07-31,0.5571755438594006,0.0425931725649859,,1.13817255819617,0.6335085743708361,0.4654580800649787,-0.4738461538461538,0.3936414397479916,0.0,,0.4060983295311214,0.0501486733760292,-0.0002345613878145,0.7892918421929375,-0.0377743947355497,,0.484770151640683,,0.6964835439869853,,,0.282524931322397,0.5670270543135165,0.0107148887831386,0.3539458546382529,1.00971303038258,0.1117211611430237,0.0,0.4960519680144467,-0.111526246964319,-0.328247362035369,0.5131037214492743,0.0,0.0,0.0,0.2814991644783958,0.0,0.0028129395218002,0.0,-0.8611677851506344,0.0,,1.0634114562474302,-0.0943012134514562,0.6737147081688752,,-0.2574581119738455,-0.1462687444622213,0.7173902895618343,,,,-0.1213602693602693,0.5571755438594006,-0.0355686440889465,0.5052649524650006,0.4297079771420103,,,,0.2017810427112664,,0.2267947736870447,-0.0613383947531618,-0.0104599106735174,-0.6036371725710472,,-0.3409496608354159,-0.0167466863843244,-0.0715148173149143,0.3316288057309831,,0.6338376629555619,-3.772784019975031,0.4026649333766656,0.1150702844066688,-0.0896627468802666,0.5507705938585651,1.2288034280923474,0.3674218826846782,0.3221763959390863,,,,-0.2594554455445544,0.0587528374949926,-0.6856076316880962,-0.2217598097502972,0.3110400479676218,0.0,0.0,0.2603007800981154,0.0,0.421158621395841,,0.2229649741738275,0.6197035412992707,0.13833249115715,0.2458729638132721,1.054470269499501,-0.31625,0.1463860933211345,0.4642946554296641,0.3220118514236161,,,,0.0,0.0,0.0,0.4812085482682388,0.4482032231001912,0.0265133974789387,0.4375537510628397,1.13922942206655,0.0,0.2194143677619809,-0.0988843673006118,,14.7311,-0.0085261793077231
2012-04-30,0.5509695608747087,0.0680655600793402,,1.1684763906462594,0.6302146349300275,0.4552718654088134,-0.4738461538461538,0.3609672779712297,-0.0056338028169014,,0.3979488385207524,0.0115579254345837,-0.0014390658117268,0.793139787482547,0.036104699700437,,0.4680767772006959,,0.7344484767585756,,,0.3246031125831795,0.5436043317783512,-0.0105613803478501,0.3345105031353501,1.0906365281788413,0.087999500158153,0.0,0.4632727774349033,-0.0853726882122174,-0.328247362035369,0.5454621627900776,0.0,0.0,0.0,0.310336595846264,0.0,-0.0028129395218002,0.0,-0.8901081654561092,0.0,,1.1064084285172666,-0.2370040145113782,0.6756698248972406,,-0.2345729464650592,-0.2369560379109504,0.7225444226067165,,,,-0.1302132435465768,0.5509695608747087,0.03952182485213,0.4774660034497974,0.404034416648915,,,,0.1902627964116936,,-0.4807981180738599,0.5625692969763028,-0.1780074211308039,-1.0504421333629943,,0.6874330596215638,-0.1718433845093151,0.0,0.6915354887359789,,0.6407840898277667,0.196629213483146,0.4005524861878453,0.1150702844066688,0.3346020564676475,0.9143136934878408,1.1849337825459174,0.8939309485556903,0.0142766497461928,,-0.8012798253881641,,0.3109405940594059,0.9087995727066364,-0.362090418913314,0.5071343638525565,0.741099757663577,0.0,0.0,1.0211511138514329,0.0,0.5246477971857907,2.6572738075029707,1.5079245416369729,0.6266622181974167,0.8405861546235472,0.668579862249918,0.7826892913161272,0.62625,0.6499990664152212,1.6580605162080664,1.151033386327504,,,,0.0,0.0,0.0,1.1341193809874723,1.491837567974789,0.1055653038206216,1.5859176478900348,4.267950963222416,0.0,0.1863101402881084,-0.1467762921130581,,18.301,-0.1207037866783235
2012-01-31,0.5571217069145055,0.112015868044681,,1.08772970082642,0.6537032870043062,0.4383840535808206,-0.4738461538461538,0.3446955393280538,-0.0140845070422535,,0.391326714155277,0.0128302264409881,-0.0002880949177661,0.8040955616559861,-0.1163482787408535,,0.4582784363983845,,0.8633379218287239,,,0.4057538907289744,0.4923404015239023,0.0341863285387532,0.3313397452938234,1.1010818353896956,0.0364793431245061,0.0,0.4801774307829151,-0.03493368204745,-0.328247362035369,0.5571700075030755,0.0,0.0,0.0,0.3007241187236413,0.0,-0.0112517580872011,0.0,-0.9136245786067184,0.0,,1.1044326610383992,-0.1296925998794509,0.6874640620227652,,-0.1904372701266857,-0.2339661623351264,0.7665782963030926,,,,-0.1495892255892255,0.5571217069145055,-0.1154308817290174,0.5359320470135184,0.45803039705106,,,,0.1803113703808127,,-0.6078281325284132,0.0058632289102287,0.0938137999443677,-0.221122295756632,,-0.7922170653338093,0.00435653655344,-0.1475741816487768,-0.0517013856159864,,0.6545817870396803,-0.0711610486891385,0.3864153396165096,0.1150702844066688,-0.2513018614251359,0.5771643078644874,1.3233057491965408,-0.1039050460670841,1.1210342639593909,,-0.8561932635547398,,-0.5097524752475248,-0.7275559709796591,-0.3031936955620075,-0.1403091557669441,-0.2211757063981812,0.0,0.0,0.0769911267190306,0.0,0.505124113626473,,0.2201143772564771,0.6404842476526381,0.0173825164224355,0.170055755985569,1.085555397119635,2.665,-0.0544093209104318,0.4642107257018408,0.445440092498916,,,,0.0,0.0,0.0,0.2700073691967575,0.4427955033570033,0.0307595432850532,0.4312096029547553,3.227670753064799,0.0,0.1446191507391017,-0.2066827229189159,,16.957,-0.0009435631302707
2011-10-31,0.5530402997867774,0.1576846788246725,,1.0971745011567762,0.6557698573108541,0.4260367635799551,-0.4738461538461538,0.3241051341529479,-0.0253521126760563,,0.3864812141857712,0.0183268526989935,-0.0002852773635581,0.8129925764004646,0.0568482050778372,,0.441677474918545,,0.8566007128389809,,,0.4267929813593657,0.4616426193777894,-0.031407825860031,0.3148571434927351,1.0618014009975545,-0.0024770808194802,0.0,0.4436719071211479,-0.0218569026713992,-0.328247362035369,0.5595161468469944,0.0,0.0,0.0,0.2574679716718389,0.0,-0.0225035161744022,0.0,-0.9308318632959388,0.0,,1.1772904217996571,-0.1992016467457438,0.6910148589779024,,-0.1789946873722926,-0.2210492279654148,0.7803215779824193,,,,-0.1611919191919192,0.5530402997867774,0.0606054555891087,0.4502286493641943,0.3788795139435589,,,,0.1803113703808127,0.1295701084773001,0.073123033755633,0.4867231691503956,-0.6631730320095309,-2.960643642363235,,-1.1786861835058908,0.2670876653060817,0.0200796721841397,1.4367046847016685,,0.7187172899419545,-0.5031210986267166,0.3409164770880728,0.1150702844066688,0.4029426802249616,0.3857865653197789,0.8068002918846745,1.7197613036493,0.1138959390862944,,-0.4820675628751426,,-0.7241089108910891,1.3403658699425824,-0.4222314392368312,0.7193816884661117,1.5154270867164663,0.0,0.0,0.7808487253035948,0.0,0.4767260284492836,,0.3895717625994617,0.7047328535341499,0.568044466902476,0.5607849568164426,1.1816626265506915,0.1625,0.5290438224695184,0.4549370656385083,0.5882352941176471,,,,0.0,0.0,0.0,1.0932940309506265,0.4502948695623269,0.0297358376359841,0.4228920447208842,1.4746059544658494,0.0,0.4286602014876188,0.2039697699526617,,15.6894,0.079773605109182
2011-07-31,0.5798097289026473,0.2068707991038088,,1.148570309232504,0.7146286933957063,0.4103939335432714,-0.4738461538461538,0.3256277604249373,-0.028169014084507,,0.367944215761752,0.0,-0.0031310071136199,0.8280930441866949,0.3151009183322693,,0.4394005222615761,,1.0488651584884847,,,0.6221559657844274,0.4450792387615176,0.0,0.3612750806685731,1.0651035549967531,-0.0384891238839794,0.0,0.4718433435240183,0.0995703343919297,-0.328247362035369,0.5489432851282949,0.0,0.0,0.0,0.3061032863849765,0.0,-0.0253164556962025,0.0,-0.9966602424463096,0.0,,1.1968878992251788,0.3253460099396117,0.705481270499113,,-0.0727421332243563,-0.2641168739003179,0.8766951737548069,,,,-0.1674523007856341,0.5798097289026473,0.3230926651526117,0.4912651931485418,0.4167785794333664,,,,0.1679461942062713,0.038971474487746,-0.5455885270526882,0.4872493563602879,-0.1243170617780273,-0.9972007489386946,,1.4517136736879686,-0.0591329892735275,0.2700677879084625,0.8830945423696861,,0.6669521362641545,0.6086142322097379,0.3373415664608384,0.1150702844066688,-0.0310931848737904,0.5349157126535942,1.1355431694328433,0.6304796878586183,0.2522208121827411,,0.0005456619872017,,0.7348514851485148,0.0166911470156229,-0.5935296557445043,0.5921521997621879,0.9067129687460964,0.0,0.0,1.1327239096051256,0.0,0.3743290867046104,,0.4090312093245145,0.6528764119918021,0.8651237998989388,0.7467748988739478,1.1040923998288892,0.2075,0.8021360419739717,0.4406701616308351,0.8154357566122272,,,,0.0,0.0,0.0,0.6266764922623435,0.4452384035419076,0.0250547409644332,0.4146719388389039,1.5061295971978983,0.0,0.795066377930515,0.7481106220413587,,17.106,-0.2315548217254756
2011-04-30,0.5742310880021535,0.2534871955479534,,1.2311381937348784,0.7286356694425499,0.3785956339087767,-0.4738461538461538,0.2099233596247227,-0.0309859154929577,,0.3320263506101953,0.08215276189387,-0.006408527046055,0.8704378342155165,-0.0055591022933752,,0.3368478067645003,,1.224336637976983,,,0.7153290814333031,0.4214011467869477,0.0044670954668959,0.2884707433447268,,-0.1036586080185566,0.0,0.4061559739120854,0.1574817859144405,-0.328247362035369,0.5346303116632833,0.0,0.0,0.0,0.319630779024429,0.0,-0.0281293952180028,0.0,-1.1242113589423264,0.0,,1.564936001153421,0.4495342939350172,0.7411045138780158,,-0.0220678381691867,-0.0710599360872103,0.9635959172570095,,,,-0.176401795735129,0.5742310880021535,-0.0028251266565175,0.4971017690240282,0.4221689157273712,,,,0.1661676414688372,0.541080755323423,-0.7185330045631041,0.8707646627703757,-0.2286642489385263,-1.3576182266466454,,-0.7259907176008569,0.1022387202174271,-0.0403304779380306,0.4169808653030445,,0.6791321724236369,-0.3033707865168539,0.336041598960026,0.1150702844066688,0.4875305345679713,0.5546876821562639,0.7956589917558106,0.4319813764385717,0.0041243654822335,,-0.2626618383848405,,-0.473019801980198,-0.0564828415008679,-0.4537536291995023,0.0879904875148632,0.4516201563944337,0.0,0.0,0.340776881215988,0.0,0.4079152835968632,,0.2569129920077272,0.6650779276488251,0.2425871652349671,0.1225811741554608,0.0434906602024811,-0.21,0.2705902122971787,0.4384511975938612,0.8741147564676977,,,,0.0,0.0,0.0,0.4704495210022107,0.4291998013531206,0.0261462526419544,0.4107129370433444,1.2136602451838878,0.0,0.278693155070144,-0.0094676521883564,,18.4739,-0.0857273364981485
2011-01-31,0.5962464315314485,0.4259317256498591,,-0.763832344205795,0.7787442616750995,0.3634587857765823,-0.4738461538461538,0.243266139724514,-0.0338028169014084,,0.3202811839566397,0.0749871340347667,-0.0174399561588565,0.8859067916777856,0.1530619260423316,,0.3836215997325158,,1.3204632989891405,,,0.8175189502094893,0.3944745179901831,0.0632608261823987,0.3192988739582974,,-0.1483866432886469,0.0,0.4266346823077109,0.2209975714552587,1.076024853854921,0.5898559942717637,0.0,0.0,0.0,0.3136150234741784,0.0,-0.030942334739803,0.0,-1.1659206619248803,0.0,,1.5673069221280618,0.7392614663770456,0.757497904421659,,0.0335104209235798,-0.0878989825184662,1.015097006192364,,,,-0.1865791245791245,0.5962464315314485,0.1583967655793755,0.5739199326086084,0.4931138916931398,,,,0.154903474131755,-0.0080353555644837,0.1884193520959102,-21.548493789111685,3.183344967119248,10.833991435404036,,-0.726526240628347,0.2637303343841646,0.1132143638109544,-0.3037044019228956,,0.6260348272908935,-182.8589263420724,0.3298667533311667,-4.714612618502779,-0.5341324395462894,0.9026556926018326,2.688487633715785,-0.3817502213187317,0.0561548223350253,,,,-0.4733168316831683,-1.0776694707793653,-0.5582745748652012,0.5552913198573127,-0.3206335723386714,0.0,0.0,-0.1608985872449937,0.0,0.4228652370915855,,0.149956710976565,0.6118869453314904,-0.1129863567458312,0.0737126926861266,1.0427776985598174,-0.26625,-0.0872715051253804,0.4139264712349541,0.7957797369562075,,,,0.0,0.0,0.0,-0.0545320560058953,0.3985256273823114,0.0265621847433128,0.3841157539035758,1.1742556917688267,0.0,0.0604462856604839,-0.3307034299476787,,19.5599,-0.0568101063911369
2010-10-31,0.3655018524159329,-0.349996386325857,,-0.7520792854987374,0.3822890633926179,0.3503245607611033,-0.4738461538461538,0.1484135130802258,-0.0450704225352112,,0.318101504473823,-0.0003359446477584,-0.1107960928975797,0.5912400547190864,0.3118008152040465,,0.1609859436037075,,0.2170701298219756,,,-0.0525977265759781,0.3489771860069425,-0.0608967962789555,0.1294745892604296,,0.4225134495205293,0.0,0.1934844707756057,-0.3198206613114142,0.9805801683885436,0.1669491428593192,0.0,0.0,0.0,0.2828678284395639,0.0,-0.0421940928270042,0.0,-1.1736611150521363,0.0,,1.2548045859165158,0.7160614572790028,0.5041015244736774,,-0.4397221087045361,-0.2649063354287658,0.5151750747284906,,,,-0.2037755331088664,0.3655018524159329,0.3197384511717288,0.4116992258012756,0.343295885006159,,,,0.154903474131755,,,0.8510702272001203,,-0.7230595257957474,,0.5788111388789718,0.1329543013304423,0.2668732946064403,1.305236120275238,,0.3947092967932248,0.4469413233458177,0.2816054598635034,0.1150702844066688,0.320096953170861,0.3681596679801348,0.9118849850176216,0.5937571723663071,-0.0212563451776649,,,,,1.2170739306538478,-0.6478639568643716,0.9369797859690844,1.397331801034302,0.0,0.0,0.9651770635069564,0.0,0.0744255104914199,,0.1057253414532154,0.3801534721891235,0.616877210712481,0.5007379468678255,0.6961357478967631,,0.6163526709860523,0.2453334927614921,-0.0563665269547622,,,,0.0,0.0,0.0,1.1201179071481209,0.2717210489785611,0.0078766624880512,0.2330146641426507,-0.4763572679509632,0.0,-0.2560964127671594,0.3917171884948647,,17.0805,0.0777179976983694
2010-07-31,0.3542402969532539,-0.374288306953512,,-0.7246766585312912,0.3845472230274406,0.320851114824604,-0.4738461538461538,0.1513736687467281,-0.056338028169014,,0.2923271923412462,-0.0346308897529734,-0.1323355904290501,0.5579292401992888,0.1832539409713696,,0.167041559520043,,0.2765592773351502,,,-0.0240446750061614,0.305689096615761,-0.0336951015458299,0.142823509434228,,0.4523711898448798,0.0,0.2033341723554456,-0.3020736035867737,1.109305489172396,0.177499152571422,0.0,0.0,0.0,0.274528527094772,0.0,-0.0534458509142053,0.0,-1.265190560790493,0.0,,1.2342993234331363,0.9401462510377456,0.4778944282350079,,-0.4241928892521455,-0.3454985995456397,0.5150205473167764,,,,-0.2201369248035914,0.3542402969532539,0.1890838303925728,0.4472401620602511,0.3761195135730891,,,,0.1169186692394137,,,0.8510702272001203,,0.5852473907643253,,1.062120671188861,-0.1060357016172143,0.1424401745562411,0.513290602318786,,0.2790941098106385,1.0599250936329587,0.2712057198570036,0.1150702844066688,0.0362438220757825,0.3681596679801348,0.4489869428185502,0.3801108233056821,0.3362944162436548,,,,,0.1611697155828548,-2.0808793031936954,0.1165279429250891,0.5014115472056362,0.0,0.0,0.9392810229740236,0.0,0.0046931931632975,,0.0486073891712655,0.2643343977884753,0.5994138453764527,0.2850114791734995,-0.3677456152858976,,0.6002203260078047,0.2086435547573928,-0.0416245122127475,,,,0.0,0.0,0.0,1.1174649963154015,0.2396279687265117,0.0042242328822854,0.1995215089522166,-0.521015761821366,0.0,0.5337727144336691,0.365418154638319,,16.2809,-0.1187367233536958
2010-04-30,0.3276680810671049,-0.4386759497940206,,-0.7150412680597394,0.3529818833330755,0.3005372728906879,,0.1477995998927171,-0.0619718309859154,,0.2679405918015413,-0.0423325994967978,-0.1432705183102282,0.5330219468755282,-0.0516623287334872,,0.1042058806730487,,0.3023623798996093,,,-0.0390725968850123,0.2952842766660629,-0.0868550726862441,0.1124032171772617,,,,0.1750480795500452,-0.3114141602839529,1.2090297437405786,0.0,,,,0.2838545396673828,,-0.0590717299578059,,,,,1.2137299820044962,,0.4539528711578983,,,,0.5035034261624566,,,,,0.3276680810671049,-0.049684294591829,0.377782903445786,0.3119726593251892,,,,0.1051886904710988,,,,,-1.6704669743989025,,-0.0261513745091038,-0.1013594192616869,-0.0849583099609245,0.920232821189556,,0.2337044438100675,0.1816479400749063,0.2687682807929801,,0.7979700429850972,,0.5377633560527255,0.1058395357224827,0.0,,,,,1.3565674099790803,-0.7756117793446703,2.448870392390012,0.9858095785344893,0.0,0.0,-0.1293729726831622,0.0,0.1846899505934756,,-0.061152371472828,0.2188646870978504,-0.2000606366851945,-0.2579260959877555,-0.3802937401967774,,-0.1383199208320107,0.2157821805115747,-0.0335308570602688,,,,0.0,0.0,0.0,0.0,0.2261652271713607,0.0128728091210684,0.1943443527580233,0.3739054290718038,0.0,-0.2560964127671594,-0.3178030617612047,,16.0697,-0.0642140176854577
2010-01-31,0.3516351555250164,-0.417042087258185,,-0.662713685960389,0.4006896217956809,0.2931898830249729,,0.151631998553353,-0.0647887323943662,,0.265403819654062,-0.0529255775388838,-0.1433057377378279,0.5406906626998771,-0.0470657565191769,,0.1652343727438242,,0.4784085800228961,,,0.1043328504361102,0.2741183073163344,-0.0689713399751316,0.1629336480362397,,,,0.2353000190795419,-0.2609751541191855,1.1757196955770433,0.1714890748365129,,,,0.2673669133444736,,-0.0618846694796061,,,,,1.2241428106093373,,0.4614139015697663,,,,0.5421932268703853,,,,,0.3516351555250164,-0.0450123536898849,0.401149263909503,0.3335525279936279,,,,0.0979474400401173,,,,,0.2395491537363513,,-1.1634237772224203,0.1579544262311462,-0.0805088371473935,-0.5443020077292865,,0.2281853649253021,0.1541822721598002,0.2638934026649334,10.906178489702516,-0.442613948380011,,0.8523839836047757,-0.0076723827010721,0.399746192893401,,,,,-1.7693060933814038,-0.6470344255495645,2.0517241379310347,-0.6298248682139556,0.0,0.0,0.2323137549258772,0.0,0.1430143953033936,,-0.0105483865268068,0.2133358753157618,0.0690449722081859,-0.0737673554170766,-0.3687437615856267,,0.1102750340758444,0.224710923885222,-0.0225466107819049,,,,0.0,0.0,0.0,0.3733235077376566,0.2404763357687917,0.0109204916433204,0.206680602352987,-0.5788091068301225,0.0,-0.2560964127671594,-0.0845444730504111,,14.4953,0.0295138532317361
2009-10-31,0.3499078396509099,-0.3947657937636015,,-0.6138590797672683,0.4066947498037955,0.2811182200089213,,0.1577437778606797,-0.0704225352112676,,0.2554016894725723,-0.0588939558554437,-0.1437234401491613,0.549323538827018,0.2078279231940283,,0.1836861604532855,,0.3553479145520192,,,0.0435809734486676,0.2543242063503846,-0.0792564051394624,0.1476285867993105,,,,0.1855642214695905,-0.2600410984494676,1.2074708628993711,0.210924020886734,,,,0.2650433675499323,,-0.0675105485232067,,,,,1.2572395858364172,,0.4680144627808494,,,,0.5403099240401191,,,,,0.3499078396509099,0.2140607452145049,0.3877110995226443,0.3211417880727232,,,,0.0979474400401173,,,,,-1.6703557458799103,,0.9390396287040342,-0.0534774853991077,0.1662277407516566,1.1834527288151568,,0.3196307926539157,0.8545568039950062,0.219694507637309,-0.6616541353383458,0.6350811414720976,,0.6742163362263037,0.2656808419948195,-0.2279505076142132,,,,,2.047714425601994,-0.6909995852343426,-2.272889417360285,1.300771978914233,0.0,0.0,0.2633032195801946,0.0,0.1505747028355419,,0.0058013181065911,0.304942567084505,0.1010207175341081,0.1303979446813162,0.5836304006844432,,0.1398136564781447,0.221641165347025,0.0390229801994507,,,,0.0,0.0,0.0,0.0974207811348563,0.2386119127600852,0.0114141526065629,0.2027008919326506,-0.7653239929947461,0.0,-0.2560964127671594,0.0511031752622982,,14.012,0.0488951509402377
2009-07-31,0.3726389311949676,-0.3715981273137552,,-0.4869472224134006,0.4591263626416775,0.2645632910128293,,0.2611060922526131,-0.076056338028169,,0.2407273022975024,-0.0866844407593778,-0.1424970996801371,0.5638055091924044,0.0,,0.2782040824708658,,0.4817122967041625,,,0.1142122062792668,0.2277360905314356,-0.0401731575150054,0.1835806502203995,,,,0.19224653992954,-0.2161404819727255,1.5765873745358283,0.2323287337322278,,,,0.2760881674226147,,-0.0731364275668073,,,,,1.2595998269868478,,0.4824182452146612,,,,0.5656202263504649,,,,,0.3726389311949676,0.0028251266565175,0.4387761241927073,0.368302599772161,,,,0.0720737323598269,,,,,0.5953691859926219,,-0.2246519100321314,-0.00435653655344,-0.0349492779114098,-0.1159864266189084,,0.2416024360072318,1.2072409488139826,0.2153071173220669,0.1771820856489048,0.0867087049555946,,1.136803862814203,,0.0985088832487309,,,,,-0.904215070993012,-0.5703027789299046,2.1658739595719383,-0.1282884053264046,0.0,0.0,0.0429992225826341,0.0,0.1760203428590932,,-0.0058013181065911,0.2267766074067013,0.0,0.0396851426697277,0.4667046912876087,,0.0464925219859215,0.2275380910183406,0.0517415811533458,,,,0.0,0.0,0.0,-0.0828297715549005,0.2412215096269814,0.0126660834245682,0.2071045200837115,-0.8861646234676007,0.0,-0.2560964127671594,-0.1086842178113667,,15.4522,-0.04556632712494
2009-04-30,0.3499225739726707,-0.4222859299589647,,-0.3937698200511417,0.4300017911606471,0.2500522626046084,,0.2481440143084321,-0.0816901408450704,,0.2310875681370811,-0.041374799862763,-0.1499650271083934,0.556217230642471,,,0.2066738842899893,,0.5172077846836951,,,0.0721340250184843,0.2041886526886541,-0.0371950938704081,0.1341980989541912,,,,0.1784053623366258,-0.2422940407248272,,0.0525596151722089,,,,0.2290443224317657,,-0.0787623066104078,,,,,1.328281776481959,,0.4762579029512369,,,,0.5634922551183181,,,,,0.3499225739726707,,0.4426671747763648,0.3718961573014976,,,,0.05581267876043,,,,,-1.7433216543388392,,-1.07292038557658,-0.2855130171513647,0.0117892014717487,0.6347912150061269,,0.1747073936625749,0.9463171036204744,0.2120571985700357,0.117685518143184,0.6963396390766725,,1.0368302566411527,,-0.0983502538071066,,,,,-0.1589887390394801,-0.6640398175031107,5.743757431629013,0.6986783920853424,0.0,0.0,0.2491488620218213,0.0,0.1679821829321364,,0.0104188139396545,0.1597635956341452,0.085699848408287,0.0784136875478298,0.3664622843291031,,0.1256605112310249,0.2079422241550331,0.0057811822517704,,,,0.0,0.0,0.0,0.3882092851879145,0.226413287710039,0.0120516946545696,0.1872473852315833,-0.6646234676007006,0.0,-0.2560964127671594,-0.0727514326052653,,12.7566,-0.0302510073217002
2009-01-31,0.3785173588728244,-0.4015193492174388,,-0.4822036455658674,0.4906378178374654,0.2363268376796735,,0.2566172319657303,0.1126760563380281,,0.220311147920333,-0.0696048719121683,-0.1508504435182517,0.5622391563216904,-0.2280803417963954,,0.2674225704536513,,0.6397085610200365,,,0.2073853219281425,0.179008038198517,-0.0061556882550696,0.1978149503901715,,,,0.2365540734822134,-0.1582290304502148,1.52148240744145,0.2115867290780358,,,,0.2277393172594891,,0.1153305203938115,,,-1.7944043122731106,,1.2889159444435545,,0.4831216878629821,,,,0.6232122707642185,,,,,0.3785173588728244,-0.2289949836531982,0.4832223514781981,0.4093506589732428,,,,0.0522979197793104,,0.2720290224754131,,,-0.2068108929796266,,0.9990182077829348,-0.5103742524692869,-0.2557305977315294,0.2802808935809218,,0.1152345608526025,-0.2378277153558052,0.2068573285667858,0.1346845374305328,-0.366433751822606,,1.05179710909966,-0.0725925440178366,0.0923223350253807,,,,,-0.6072016735656741,-0.8407299875570303,8.071343638525565,0.2928023584080745,0.0,0.0,0.4111197490818433,0.0,0.2895273527830635,,0.135762623020337,0.1001858824650874,0.2221728145528044,0.0310757625450967,-0.3618993298160559,,0.2517317997647366,0.240577091610735,0.1083971672206966,,,,0.0,0.0,0.0,0.5820191599115696,0.2579278907858905,0.6690532459241961,0.2129748061307274,-0.9754816112084064,0.0,-0.2560964127671594,0.0217036237300334,,11.9226,-0.0832863939270518
2008-10-31,0.3662062663370334,-0.3788656275345909,,-0.1115269976229174,0.4783002633854333,0.2238637044533065,,0.2582249551151961,0.1098591549295774,,0.2070704347603192,-0.0736755203568161,-0.1517992548977897,0.5607510667450024,-0.4491086775033148,,0.2309066160620142,,0.6925531964200466,,,0.216402075055453,0.1668809592388803,-0.0151666334065056,0.1684980462688907,,,,0.1974741552823906,-0.1526246964319073,-0.3187764256038825,0.0992005606358951,,,,0.2332458024986074,,0.1125175808720112,,,-1.7944043122731106,,1.4762721005612247,,0.4813462893854135,,,,0.6262078490267188,,,,,0.3662062663370334,-0.4536474581347176,0.4714489149183681,0.3984773689231368,,,,0.0522979197793104,,,,,-2.141186066774188,,-0.4143163156015709,-0.4187870642838943,-0.4696855896026849,0.4144122914506551,,0.3692073460843086,21.61548064918852,0.162820929476763,0.3046747303040209,,,-0.3669114564734742,,0.3055203045685279,,,,,-0.6770819424044153,-0.0663625051845707,2.5,0.4014290354011042,0.0,0.0,0.3165429053963488,0.0,0.4357672517514143,,0.2520363510003592,0.3546065487822315,0.215421930267812,0.2219853503881053,0.6579210038499929,,0.2454954534421271,0.2400884596336812,1.5042636219106806,,,,0.0,0.0,0.0,0.3130434782608696,0.2573404834303002,0.0263595935607426,0.2002292566578228,-2.373905429071804,0.0,-0.2560964127671594,0.0250809733410846,,11.7186,-0.0820575836704043
2008-07-31,0.4011028073133239,-0.4592337404739534,,0.725650785919624,0.5463404193112065,0.2150649454405038,,0.3072954616771531,0.1014084507042253,,0.197354685824747,-0.0818847209515096,-0.1451153119279044,0.5664110246893518,-0.3590826499042381,,0.2706518900054742,,0.8794931334788675,,,0.3817092157228129,0.1456377851749132,-0.0403113151067651,0.2545282107352695,,,,0.2139058509699662,-0.0498785727629366,-0.3145115629251075,0.0941502671780438,,,,0.3118007479907694,,0.1040787623066104,,,-1.7944043122731106,,1.2280302666218117,,0.4845857562394228,,,,0.7110417883972449,,,,,0.4011028073133239,-0.3621452993586064,0.4385956115367644,0.3681358883403877,,,,0.0599202886540277,,-0.3978119774395601,,,-0.5202899356728399,,-1.0863084612638343,-0.1767394921037774,-0.3825405729171618,0.0328494674333113,,-0.0793605481016271,1.2166042446941323,0.1563210919727007,-0.7571101667211507,,,-0.1279324318030089,-0.04990327551723,0.7311230964467005,,,,,-0.9259358169760092,2.751970136872667,-1.28359096313912,-0.0701276638269168,0.0,0.0,0.5334155429858188,0.0,0.3053988787534879,,0.1896648192756892,-0.0947523950240694,0.3818898433552299,0.2056958565649939,-0.0142592328532724,,0.399275538211625,0.285660002397171,0.5714698655875127,,,,0.0,0.0,0.0,0.6840088430361091,0.3007560389097838,0.0185759576361164,0.2599797299108067,-2.4378283712784588,0.0,-0.2560964127671594,0.1097915455526949,,17.0627,-0.1174257298082952
2008-04-30,0.4071229111619571,-0.4408602150537634,,2.228115222328694,0.5739262889995295,0.1923996191820403,,0.3134467502490223,0.0929577464788732,,0.1797422392008195,-0.0877101440988106,-0.1390399606669432,0.5875725498018145,-0.1211609291361783,,0.3034456557245015,,0.8957632892559685,,,0.431301357923021,0.1023912675529371,-0.0692783568457086,0.244209158788898,,,,0.244640932873155,-0.0190547356622454,-0.0471046729659178,0.176044241484771,,,,0.3189941911355136,,0.0956399437412095,,,-1.7944043122731106,,1.2827216464017002,,0.5005434661750737,,,,0.7349774406075503,,,,,0.4071229111619571,-0.1203224437844717,0.4007481246740744,0.3331820581452427,,,,0.0450566693483289,,-0.0013604285349885,,,-0.4058728658027918,,1.2596394144948233,-0.4599543363026394,-0.1522328177142259,0.7473136016589688,,0.0388238652583499,0.3077403245942571,0.153233669158271,1.1343576332134684,,,-0.1155118073561148,-0.0747893373553231,0.5304568527918782,,,,,0.776116081363778,-1.5304852758191625,4.796076099881094,0.718939715691908,0.0,0.0,0.1724258102565477,0.0,0.3416473961311022,,0.1948123847834665,0.0236404365854821,0.3126427488630621,0.1928227834262599,0.1628404391843718,,0.1672610489758575,0.3018848834799564,2.0422026304379246,,,,0.0,0.0,0.0,0.4686809137803979,0.3085937596898648,0.0240748611630222,0.2690695980334115,-3.455341506129597,0.0,-0.2560964127671594,0.0519890374553608,,14.8469,0.0253386228775031
2008-01-31,0.4106466808815091,-0.4214427393256081,,2.257699047578711,0.5940501534959813,0.1738260886933017,,0.3263693189286607,0.0845070422535211,,0.1715397146263918,-0.056077739021043,-0.1408586919081956,0.6038915335964212,-0.3995482001669695,,0.2952722428047847,,1.002075483066598,,,0.4748823313716886,0.0472908568832456,-0.1181400917980443,0.235886290217033,,,,0.2546805341196851,0.008032878759574,-0.0241773594617449,0.1194017344673006,,,,0.318102968091032,,0.0872011251758087,,,-1.7944043122731106,,1.3388654822741617,,0.511281177826217,,,,0.7725646238464771,,,,,0.4106466808815091,-0.4032743517432429,0.3369068153556099,0.2742217817747358,,,,0.0286262297739383,,-0.1204546098687753,,,11.67395213466066,,-11.872367011781506,2.19711329493053,-0.421711145549101,-0.922000188519182,,0.0229327243315253,-0.4606741573033708,0.1449463763405915,-0.09807126511932,,,1.9369963824931296,-0.1354798517984196,0.7531725888324873,,,,,-1.6258957582231717,-1.476150974699295,0.8382877526753865,-1.0859170060209358,0.0,0.0,-0.3247459989813152,0.0,0.2999889069979776,,0.0121974921814722,0.0077212716267098,-0.2087923193532087,-0.16428883787034,0.1390275203194068,,-0.1463860933211345,0.2932631159601288,0.9940742881919352,,,,0.0,0.0,0.0,-0.2041267501842299,0.2928190939142315,0.018200543771272,0.2685884270459512,-3.6584938704028014,0.0,-0.2560964127671594,-0.4482462696896714,,14.6084,-0.0249308616960105
2007-10-31,0.1229539481606891,-0.6808563604680109,,1.5175316459046944,0.0881894658798864,0.1728753753253929,,0.0421639832024842,0.0816901408450704,,0.1722927912360267,-0.3939022472552607,-0.3515589175238488,0.1097164423028322,2.2122280606983256,,0.0477620982362601,,-0.6626083974100493,,,,0.0308106198053847,-0.3547579939517676,0.1800969691307148,,,,0.0122915246524701,,-0.0289716533696091,0.0972733747462475,,,,0.3701758574043128,,0.0843881856540084,,,-1.7944043122731106,,0.8310612007326359,,0.0846400347818352,,,,0.1117571215406383,,,,,0.1229539481606891,2.251326461853303,0.0277488066107746,-0.011299330375749,,,,0.0286262297739383,,0.5238783550151631,,,-0.0318484326047865,,2.571224562656194,1.6202319156270766,2.1064831100674075,1.1705627297577528,,-0.1548196783709201,1.102996254681648,0.103022424439389,1.4874141876430207,,,-0.2150817432346411,,0.1491116751269035,,,,,1.8694084657497665,-1.5367067606802156,0.4185493460166468,1.227721288130512,0.0,0.0,0.4083317695627697,0.0,0.0,,-0.0989875669212964,-0.1703445974929698,0.1574936836786255,0.0323056739914726,-0.1273349493797233,,0.1919823739193756,0.0543105819578103,-0.339066339066339,,,,0.0,0.0,0.0,0.5360353721444363,0.0955871518532354,0.002902842230256,0.0379491639806362,0.3800350262697022,0.0,-0.2560964127671594,0.0248595077928189,,16.4761,-0.1028884262659244
2007-07-31,0.0797925860859832,-0.682791683731239,,1.5348541720711324,0.0242634912065986,0.1567651777927205,,0.0322076485377393,0.0788732394366197,,0.1564605045790063,-0.6092141754345837,-0.3504037202985762,0.0303302874056424,1.6451799833030496,,0.0379637574339488,,-0.5555731679621055,,,,0.014633262760306,-0.3963434290714275,0.1794740887315374,,,,0.057998224617267,,0.0021471377624177,0.093152396223325,,,,0.3568711705259807,,0.0815752461322081,,,-1.7944043122731106,,0.1575060474504589,,0.0158914501765187,,,,0.014781512726781,,,,,0.0797925860859832,1.6749806583643216,-0.0265855028280316,-0.0614794713395263,,,,0.0380694978798381,,-0.0603123317178244,,,0.0741152698218489,,0.7658871831488754,1.4475691824999126,1.5575816925110049,0.1229145065510415,,-0.1626225140355885,0.9369538077403246,0.1002599935001625,0.6623079437724747,,,-0.0823487400829076,,0.6797271573604061,,,,,0.0542573552321182,-1.4873496474491912,0.6361474435196195,0.0334524196167586,0.0,0.0,0.0,0.0,-0.0376820745620397,,-0.2151670602924806,-0.1781611934607502,-0.1509853461344113,-0.1785011479173499,-0.1390275203194068,,-0.092985043971843,0.0558259159478267,-0.3434022257551669,,,,0.0,0.0,0.0,-0.141930729550479,0.0893231271305299,0.0010571952119021,0.0422736120957859,0.393169877408056,0.0,-0.2560964127671594,-0.150928771143039,,17.5232,-0.103342996712929
2007-04-30,0.0580696621731707,-0.673074915480177,,1.5537014193671348,-0.0021558788736343,0.1409785423726556,,0.005165076545401,0.0732394366197183,,0.1460341058850462,-0.6350783394327539,-0.3504213300123761,0.0291313372207726,1.4754603938515936,,-0.0114232686849058,,-0.5235371274164917,,,,-0.0193486891530345,-0.4892160324209815,0.1332341173840358,,,,0.0145255329955149,,0.014456413838744,0.0143815294848015,,,,0.3494230922256704,,0.0759493670886076,,,-1.7944043122731106,,0.1444873417383549,,0.0093989014495003,,,,0.0031323994082887,,,,,0.0580696621731707,1.5024782250617683,-0.1479301215451883,-0.1735466004760537,,,,0.0219778302554348,,,,,0.5164710898541053,,0.7105498036415566,1.2872965992036332,1.3932934655498617,-0.1682769346781035,,-0.1035303073555999,0.8064918851435705,0.0966850828729281,0.1497221314154952,,,-0.0835535406542564,,-0.1898794416243654,,,,,-0.6315484933457961,-1.4782248029863128,1.0820451843043994,-0.1383066430159642,0.0,0.0,0.4739029032517491,0.0,-0.0481436287769538,,-0.1194482563652533,-0.1189647776559744,0.206488125315816,0.0801628949382311,-0.0504776843005846,,0.2372425639972366,0.0230116918134886,-0.3422459893048128,,,,0.0,0.0,0.0,0.4647015475313191,0.0697779411669859,0.0004643059143394,0.0083796841082013,0.3896672504378283,0.0,-0.2560964127671594,0.0626193837721119,,19.5075,-0.0291375112136358
2007-01-31,0.0506526312806817,-0.6952387835569797,,1.4517145171451715,0.0150123210897441,0.1006424638655685,,0.027825159347702,0.0507042253521126,,0.1270145020280919,-0.6287954597438243,-0.3523337449310438,0.018897324536684,1.3179197564209597,,0.0282295922984065,,-0.4937999694100307,,,,-0.132970273215606,-0.4697358119828684,0.1259048913537156,,,,0.0285727338117252,,0.0152358542593477,0.0752516577226452,,,,0.3368823108140367,,0.0534458509142053,,,-1.7944043122731106,,0.1191547987120132,,0.0020050384646978,,,,0.005962182635304,,,,,0.0506526312806817,1.3423544385934263,-0.1224778370572425,-0.1500402885960119,,,,-0.0211309003804663,,-0.6325992687696624,,,0.0748938694547948,,-3.873170296322742,2.153328104157195,1.2407944400604671,-1.1828164765764917,,-0.1145684651251308,-0.0792759051186017,0.0791355216119597,-0.2595619483491337,,,-0.0611529444642829,,-0.2249365482233502,,,,,-2.2845951840477143,-1.6180008295313149,1.916765755053508,-1.2083843405701151,0.0,0.0,-0.1769294694796665,0.0,0.0715242638086542,,-0.1794521435428679,-0.1300224012201515,-0.2832541687721071,-0.2541270361867279,-0.0670183944103807,,-0.2151726198256063,0.0434916951246888,-0.3353085706026882,,,,0.0,0.0,0.0,-0.1426676492262343,0.0754317369645427,0.0062699903748515,0.0215260063782564,0.3686514886164623,0.0,-0.2560964127671594,-0.3133183844088254,,17.8315,0.0621147968482742
2006-10-31,0.063790545949124,-0.6864133882611803,,1.0843626083319655,0.0483867829307878,0.0869769578503758,,0.1424141832181359,0.0422535211267605,,0.1221230396364018,-0.6420331084172004,-0.3545814488004615,0.0157026603541522,2.1691892157344204,,0.1235946331173394,,-0.6544844431466882,,,,-0.1793406123521604,-0.4585296962068065,0.163562460629695,,,,0.0285297376607764,,0.0068090738630096,0.071031653837804,,,,0.3469085700644545,,0.0450070323488045,,,-1.7944043122731106,,-0.0483796036717235,,0.0,,,,0.0,,,,,0.063790545949124,2.2075819211859544,-0.107836254964098,-0.1365181391299515,,,,-0.0211309003804663,,,,,-0.3339080140147934,,7.35469475187433,0.5054181925369331,2.0648215932535345,1.9706381374304835,,-0.1067656294604624,0.9094881398252184,0.0,-0.6472703497875123,,-0.7527804332113129,0.2624477945628716,,-0.3066307106598985,,,,,1.3091200427293364,-1.5118208212360016,-0.5273483947681332,2.147725285432333,0.0,0.0,4.915207892126639,0.0,0.0314529272725721,,0.9115490402794056,-0.1222058052523712,3.555937342091965,2.343828577675741,-0.0553258234706972,,3.3314039247904104,0.0183852092825129,-0.3364648070530423,,,,0.0,0.0,0.0,6.06352247605011,0.1479993669495053,0.0043251150221775,-0.0022097320791215,0.37215411558669,0.0,-0.2560964127671594,2.613736400631177,,13.634,0.3891081120727592
2006-07-31,0.0096702487125177,-0.6793627084889221,,1.11828765346477,0.0025141110030649,0.0210275427255114,,0.0436622960809088,0.0338028169014084,,0.0227681929431771,-0.640353385178408,-0.3545948321829494,0.0160874548831132,0.5493689534940824,,0.0043793475003256,,-0.3487293575642968,,,,-0.1402572104748981,-0.4394178960133859,0.0195599275827383,,,,0.0015245718523906,,-0.0103386153902717,-0.0352149421653799,,,,0.3499641919312485,,0.0365682137834036,,,-1.6181144805837704,,-0.0899027602005671,,0.0014513610253743,,,,0.0007565404531838,,,,,0.0096702487125177,0.561201926676483,-0.0828653375586666,-0.1134563910679719,,,,-0.0393398926922909,,,,,0.1325843946387853,,2.362995358800428,-0.0248402519996602,0.4968387826698738,0.3751296069375059,,-0.0771719478542201,0.49812734082397,0.0017874553136171,-0.013076168682576,,,-0.047484047260476,,-0.328997461928934,,,,,0.2433791783504695,,0.178359096313912,0.4597146925825068,0.0,0.0,0.5509476449615313,0.0,-0.1022945448029285,,-0.1394377727650201,-0.092559935179448,0.2651035876705406,0.1273641631135891,-0.0109796092970198,,0.291390481169595,0.0114845760442137,-0.338488220841162,,,,0.0,0.0,0.0,0.5983787767133383,0.061268472448164,-0.0021379571532052,0.0,0.3782837127845884,0.0,-0.2560964127671594,0.1599534922348642,,11.2624,0.6816220343798836
2006-04-30,-0.0025275028866519,-0.6684735037381452,,1.257905520231673,-0.001244831703244,-0.0026164590587405,,0.0261900836304759,0.0253521126760563,,0.0017792760741727,-0.6378052092863677,-0.355295698792185,0.0172766221562298,0.0281490939449,,-0.007120931984703,,-0.2503446006386814,,,,-0.1751834354316189,-0.4198762722011575,-0.0158715857904667,,,,-0.0052007427585076,,-0.0132210743042023,-0.0255485433750128,,,,0.3499641919312485,,0.0281293952180028,,,-1.6181144805837704,,-0.0872755234448841,,0.0035998110235362,,,,0.001904228417269,,,,,-0.0025275028866519,0.0314357732910729,-0.0573328252236351,-0.089875985218253,,,,-0.0179125668555856,,,,,-0.4876629034351074,,-0.637986433416637,0.116827122437662,-0.0077010106388035,0.0043123762842869,,-0.0698448948520315,0.3732833957553059,0.0086122846928826,-0.2510624387054593,,,-0.1120464531354313,,-0.0482233502538071,,,,,-0.0728179107134908,,-0.0808561236623067,0.0223599070627326,0.0,0.0,-0.0008578398520226,0.0,-0.0834876398358235,,-0.2460995706435634,-0.0852199609170201,-0.1509853461344113,-0.1518530665792063,0.0,,-0.092985043971843,-0.0102152826261726,-0.3387772799537505,,,,0.0,0.0,0.0,0.092557111274871,0.032327745521639,-0.0011142515041361,-0.0244995212653213,0.3791593695271453,0.0,-0.2560964127671594,-0.2198599230407219,,11.9431,-0.0724680177274363
2006-01-31,0.0,1.274133320484714,,1.238867682794475,0.001244831703244,0.0,,0.0649760247145645,0.0140845070422535,,-0.0044998979103891,-0.6453532422232388,-0.3563487596774182,0.0176885914400609,0.6525561066640475,,0.0101038169761324,,-0.3682068252710225,,,,-0.1405363352109915,-0.4211810939011098,0.0,,,,-0.0411114863321506,,-0.0152946799514688,-0.0716486580159126,,,,0.3400015914697223,,0.0168776371308016,,,-1.4136188625279602,,0.0496291431043045,,-0.0020658522162301,,,,-0.004880490753305,,,,,0.0,0.6660810102573061,-0.0660174896706646,-0.0978966574357929,,,,-0.0062672810747675,,-0.4213360541904033,,,0.0816788091133233,,1.2077829346661906,0.3387906614241678,0.5967237428813189,0.1980394005090018,,-0.1117137691502521,-0.3289637952559301,-0.0359116022099447,-0.3563255966001961,,,-0.0726668633265537,,-0.3185279187817258,,,,,1.2894912538389638,,-13.467895362663496,0.2703175356634272,0.0,0.0,-0.5550759992493901,0.0,0.1749963734416465,,-0.1898532884933653,-0.1271626709880368,-0.5668317331985852,-0.4450366240297365,-0.0627406245543989,,-0.4771365087663611,0.0,-0.3049573637808932,,,,0.0,0.0,0.0,-0.440972733971997,0.0309366220207309,0.0113405582586088,-0.0320240609856818,0.3353765323992995,0.0,-0.2560964127671594,-0.5743155330398915,,12.8788,-0.1072693108053546
2005-10-31,0.0,1.274133320484714,,1.166866962787275,0.001244831703244,0.0,,0.0578370045291293,0.0140845070422535,,-0.0044998979103891,-0.6528691102470265,-0.35763074684205,0.0109622961146078,0.6525561066640475,,0.0101038169761324,,-0.3682068252710225,,,,,-0.4265231874491503,0.0,,,,-0.0411114863321506,,-0.0152946799514688,-0.0716486580159126,,,,-2.215962441314554,,0.0168776371308016,,,-1.4136188625279602,,0.0496291431043045,,,,,,,,,,,0.0,,-0.0660174896706646,,,,,-0.0444638184358509,,1.3989173256242382,,,0.0816788091133233,,1.2077829346661906,0.3387906614241678,0.5967237428813189,0.1980394005090018,,-0.1117137691502521,20.742197253433208,-0.0359116022099447,-0.3563255966001961,,,-0.0726668633265537,,-0.3185279187817258,,,,,0.0208750612008723,,,0.2703175356634272,0.0,0.0,-0.5550759992493901,0.0,0.1749963734416465,,-0.1898532884933653,-0.1271626709880368,-0.5668317331985852,-0.4450366240297365,-0.0627406245543989,,-0.4771365087663611,0.0,-0.3243243243243243,,,,0.0,0.0,0.0,-0.440972733971997,0.0309366220207309,0.0113405582586088,-0.0320240609856818,0.4851138353765324,0.0,-0.2560964127671594,-0.3249453256927719,,13.2582,-0.0164124843493084
2005-07-31,-0.0149360686279371,1.2726396685056254,,0.0166554606722537,-0.0218227229932639,-0.0043128299701071,,0.011723614459479,0.0056338028169014,,-0.0017792760741727,-0.656385807410796,-0.3584872833212765,0.0045784027005184,0.3855816922850267,,-0.0467121843279171,,-0.3178130952877542,,,,-0.1683478488094142,-0.4149947039589825,-0.0314910533241236,,,,-0.0306598386390285,,-0.0258980109562851,-0.1067721921549061,,,,0.3370732871807114,,0.0084388185654008,,,-1.4136188625279602,,-0.1118177594796789,,-0.0067149273706811,,,,-0.006464396723375,,,,,-0.0149360686279371,0.3947290923157553,-0.0509547113803201,-0.0839855146289281,,,,0.0096126540808934,,-0.2465209874443783,,,-0.9305007137163304,,-0.8363084612638343,0.5248627341263695,0.3382930377159373,-0.3086059006503912,,-0.1130459606051955,20.416978776529337,-0.0274618134546636,0.0,,-2.164890764531698,0.0881678026362775,,0.1046954314720812,,,,,-1.2405750656518448,,-0.6450653983353151,-0.3334749044395033,0.0,0.0,0.8822882878052704,0.0,-0.1707469003592426,,-0.1118741496798968,-0.1284972117630237,0.5188883274381001,0.288646550781677,-0.0647369171538571,,0.5258322908303303,-0.0407277627180125,3.66902731608614,,,,0.0,0.0,0.0,0.8548268238761975,0.0224370757234561,-0.0053943003244766,-0.0505229536833334,0.2924693520140105,0.0,-0.2560964127671594,0.344987957810813,,13.3147,-0.0020967248239975
2005-04-30,-0.0180098748291031,1.2086615754013186,,-0.5476819474077094,-0.0187602873241207,-0.015621525535442,,0.0197470343358302,-0.0056338028169014,,-0.0560485221755428,-0.654784709515096,-0.3648021266899162,-0.0005478430581816,0.5684820507783725,,-0.0399840074238411,,-0.3523371200007416,,,,-0.0359417638901673,-0.4454968300508113,-0.0295942342037716,,,,-0.0750659050376261,,-0.0284863414096106,-0.106916921530018,,,,0.3343677886528209,,-0.0028129395218002,,,-1.0152469656411574,,-0.1067128035072542,,-0.0127990255277067,,,,-0.0057432688020423,,,,,-0.0180098748291031,0.5806284159824303,-0.0908078944201532,-0.1207916940659992,,,,0.0197758125805165,,-0.00572513675141,,,-0.0238399792373431,,-0.9390396287040342,0.7339365204662294,0.5153402230440859,-0.3599538128004524,,-0.1082881339803977,0.2353308364544319,-0.0248618784530386,0.3406341941811049,,,-0.0512847583412256,,-0.0501269035532994,,,,,-0.6145012685271732,,0.2764565992865636,-0.3635296175081819,0.0,0.0,-0.2511326166796236,0.0,-0.0698176481129096,,-0.3044896901448268,-0.123730994709499,-0.4314502273875695,-0.3525199518967967,-0.0576073007272208,,-0.3074481393655358,-0.0272426698736254,0.3593004769475357,,,,0.0,0.0,0.0,-0.5559322033898305,0.0119341925158151,-0.0004643059143394,-0.0434978572664128,1.531523642732049,0.0,-0.2560964127671594,-0.3056224566065941,,12.1763,0.0663319541432939
2005-01-31,-0.0163244951015463,1.2255494792294042,,1.009651272983318,-0.0091269364118013,-0.0245161548038321,,0.0561381061537958,-0.0169014084507042,,-0.0654107140173897,-0.6698521843549863,-0.3636631304013394,0.0,0.7739920443942445,,-0.0043793475003256,,-0.3911289089114142,,,,-0.0445649365882049,-0.4547073361681224,-0.025041275095499,,,,-0.0651122960929935,,0.0016765322254494,-0.0924744533609588,,,,0.3366595050529163,,-0.0140646976090014,,,-0.9542591030765282,,-0.1211732854877208,,-0.0128861616493052,,,,-0.0125295976331551,,,,,-0.0163244951015463,0.7895080985300357,-0.1028420714830117,-0.1319057895175556,,,,0.0070718644559877,,0.0116203270696936,,,0.2599781250579315,,-0.0404319885755087,0.7418102608426301,0.7142734904593034,0.0159770006598171,,-0.122656770387287,0.0099875156054931,-0.0300617484562885,0.0013076168682576,,,-0.1414025990156655,-0.0517721892521066,-0.0053934010152284,,,,,0.1604575599768549,,-0.0957193816884661,0.0279811127488944,0.0,0.0,-0.2087767739860065,0.0,-0.1256069152067991,,-0.320921850060958,-0.1381249702111434,-0.3024557857503789,-0.2694326008527386,-0.0791387423356623,,-0.2329107306234479,-0.0205604838721267,-0.3009105362046538,,,,0.0,0.0,0.0,-0.1152542372881356,0.0196816192598171,-0.0032683332616684,-0.0322871823357866,0.2644483362521891,0.0,-0.2560964127671594,-0.4839022229604407,,12.0707,0.0803515951850347
2004-10-31,-0.034674392740513,1.1272976944758968,,0.8308777205419113,-0.0261175171020916,-0.0449591552765257,,0.009432077116006,-0.0422535211267605,,-0.0702562139868954,-0.6770821420402562,-0.3689798551918015,-0.0139352142973994,0.7817315719687669,,-0.042895015668489,,-0.3925898116862952,,,,-0.1197979612016616,-0.4712862471792825,-0.0524480126593025,,,,-0.0834895676109994,,-0.0008823853818155,-0.0897017432272365,,,,0.3387284156918914,,-0.0393811533052039,,,-0.9542591030765282,,-0.1036797334315877,,-0.0255027459224152,,,,-0.0157859409029229,,,,,-0.034674392740513,0.7973745289375826,-0.124503590196157,-0.1519111613303572,,,,0.0070718644559877,,2.251282487316838,,,0.0464193685927738,,1.232506247768654,0.4646705868834276,0.7217653378461889,0.1668866057121312,,-0.2118184413359977,0.0,-0.0805979850503737,-0.1909120627656096,-0.5458539264140582,,-0.0568305671567638,0.0463949637693039,-0.416243654822335,,,,,1.0448658031779945,,0.5011890606420928,0.2526794413770705,0.0,0.0,-0.6866471865533603,0.0,-0.1705591726327107,,-0.4682105436747963,-0.2274438777941947,-0.6620313289540172,-0.5381545862031267,-0.2127477541708256,,-0.5650801949325018,-0.028822388312383,-0.2957074721780604,,,,0.0,0.0,0.0,-0.7236551215917465,0.0037253731698713,-0.0062526254163455,-0.0366445206196995,0.2486865148861646,0.0,-0.2560964127671594,-0.6116324779226532,,13.5565,-0.0392907500894963
2004-07-31,-0.0584249860094781,1.0904301878307516,,0.839390746848645,-0.0804769975557392,-0.0282271326138625,,-0.005165076545401,-0.0478873239436619,,-0.0424171284269626,-0.8375457456541628,-0.3729899392183118,-0.0290661178090843,0.5093159161223788,,-0.0674794300944088,,-0.3411690003105345,,,,-0.1375075348831684,-0.4790691248484104,-0.0932066364940435,,,,-0.107762686327851,,-0.0077649913599764,-0.1260669030579793,,,,0.3324261955916289,,-0.0450070323488045,,,-0.9542591030765282,,-0.0765743395863704,,-0.0385976711963834,,,,-0.0880580894295202,,,,,-0.0584249860094781,0.5204921510394569,-0.1346724698142725,-0.1613025719869224,,,,-0.0003811184437358,,0.4942890343791628,,,-0.3264557032423113,,-0.9579614423420209,0.6779810051009447,0.4580675217006874,-0.1788104439626732,,-0.1445427728613569,-0.179151061173533,-0.0810854728631784,1.1212814645308924,,-0.5070297745342629,-0.0556816593954261,-0.0126233647004819,-0.2766497461928934,,,,,-0.5258824053055593,,0.2057074910820452,-0.13580832937767,0.0,0.0,0.223735356405651,0.0,-0.1429631968325212,,-0.2385725812626259,-0.1600495686573566,0.0237695805962607,-0.0551546955285886,-0.111934977898189,,0.0684504359840917,-0.0569606918568906,-0.3000433588668882,,,,0.0,0.0,0.0,0.2675018422991894,-0.0037253731698713,-0.0041605613677633,-0.0695395620004044,0.2618213660245184,0.0,-0.2560964127671594,-0.0812224898264263,,11.768,0.1027539707830871
2004-04-30,-0.060796645108276,1.086479237434452,,0.9048055186434216,-0.0829467037405321,-0.0305040511840642,,-0.0110519569622542,-0.0535211267605633,,-0.0574874995470049,-0.8457942589204026,-0.3736710829480915,-0.0330401539612911,0.7189903255905319,,-0.0679081235484266,,-0.3807468587345949,,,,-0.0965830975125234,-0.4731897517768601,-0.0945591767894,,,,-0.1368101693063018,,0.0148681936835913,-0.1125842191659779,,,,0.3300708204026418,,-0.050632911392405,,,-0.8166183858311027,,-0.0982971020297005,,-0.0415684683421309,,,,-0.0917731859528144,,,,,-0.060796645108276,0.7336045321819861,-0.1269906534558145,-0.1542080743903455,,,,-0.0038111844373586,,0.4283082504322195,,,0.0083792150974176,,-2.7301856479828635,1.2880959637088514,0.6610319354255997,0.191134885474597,,-0.0331144733085926,-0.3458177278401997,-0.0792980175495612,-1.1297809741745668,,,-0.3325746401900356,-0.079248499950818,-0.126744923857868,,,,,0.5172475185828104,,0.1623067776456599,0.232792864816249,0.0,0.0,-0.3302147280379594,0.0,-0.1789557218557739,,-0.3705481509402847,-0.0484247652638101,-0.3944618494188984,-0.3059199737618891,0.0550406388136318,,-0.3179042888884739,-0.0834985819612595,-0.3040901864431276,,,,0.0,0.0,0.0,-0.2810611643330877,-0.03689404391763,-0.0048700439581521,-0.0966118253556401,0.2740805604203152,0.0,-0.2560964127671594,-0.3921601195913961,,11.986,-0.0606624395127649
2004-01-31,-0.0648225151770598,0.745187790599629,,0.9347917008581852,-0.0860979490462194,-0.0357582738027868,,-0.0060707504556861,-0.0591549295774647,,-0.0608533630792701,-0.851698307410796,-0.3867959548374236,-0.0764828040868657,1.3187054952610129,,-0.0717740657145992,,-0.4939482844125567,,,,-0.1093575083069303,-0.5071304668191517,-0.0425442143123826,,,,-0.1267006993144801,,-0.0221331666605389,-0.1365407394147601,,,,0.3336038831861224,,-0.0562587904360056,,,-0.8166183858311027,,-0.0755277168137812,,-0.0798511787656533,,,,-0.0944323451627286,,,,,-0.0648225151770598,1.343153060969827,-0.1713365959324481,-0.195163516129331,,,,-0.0190559221867932,,0.0013604285349885,,,0.0449363216728769,,-1.811942163513031,1.6926143715745985,1.2415550337038057,-0.722381939862381,,-0.2493101151394043,-0.465043695380774,-0.0833604159896002,0.5099705786204642,,0.2106367600083937,-0.0106320545265413,0.0601331191186596,-0.4397208121827411,,,,,0.2712867761605911,,-17.803804994054698,-0.6864116721213182,0.0,0.0,-0.293649304345495,0.0,-0.2024899523000913,,-0.4086307122369529,-0.2650016681759687,-0.3665285497726124,-0.3491308625778944,-0.2689291316127192,,-0.2921000056015086,-0.1067379187899402,-0.3014886544298309,,,,0.0,0.0,0.0,-0.2353721444362564,-0.0562645952619444,-0.0081148104904195,-0.1164543423549848,0.266199649737303,0.0,-0.2560964127671594,-0.4546134042023088,,11.8305,-0.0596032574650239
2003-10-31,-0.0610493953969412,0.7428750391481366,,0.8598050686389217,-0.0744299593820645,-0.0424625340372695,,0.0378635517157278,-0.0676056338028169,,-0.0649228052280487,-0.8582027676120768,-0.526438872104875,-0.0790133172603716,1.716328635269852,,-0.037085834312547,,-0.5690030914408339,,,,-0.1255764371212143,-0.4901831355632992,-0.030854825487821,,,,-0.1435820630807279,,-0.0132504871502628,-0.1437238868216286,,,,0.3336357125805682,,-0.0646976090014064,,,-0.7918448168383998,,0.0212742098265062,,-0.0809621643160336,,,,-0.0973619273431426,,,,,-0.0610493953969412,1.7472959145474056,-0.1491937101367884,-0.1747135804984672,,,,-0.0190559221867932,,,5.816323078946874,,-0.6005227740392637,,7.49946447697251,0.0122902292677321,1.6264534469153171,-0.0730747478555943,,-0.2237130078979922,71.13607990012484,-0.1195970100747481,1.105590062111801,0.2107027211270806,-1.3350276294620995,0.5508298529708581,,-0.1551395939086294,,,,,-0.2684381537365914,,-29.850178359096315,-0.0428460788967446,0.0,0.0,0.141007425676219,0.0,-0.1760203428590932,,-0.2948070840867194,-0.2393594204280063,-0.0386053562405255,-0.120066688531759,-0.2305717952374162,,0.0108295834344716,-0.1073507207752807,14.481283422459892,,,,0.0,0.0,0.0,0.1211495946941783,-0.0487443919713718,-0.0068322842693321,-0.1189929761217374,0.2618213660245184,0.0,-0.2560964127671594,-0.1132242615508125,,9.9926,0.1267237755939396
2003-07-31,-0.0927865577649167,0.5898801063223237,,-0.2317470233525864,-0.0854004441479688,-0.1023934275613669,,-0.0159632624623237,-0.076056338028169,,-0.1707389078091039,-0.8599825594693504,-0.4004188294330165,-0.0961214559364067,0.0646466630653636,,-0.0640293462489001,,-0.2572338325060137,,,,-0.0359358250659951,-0.4378214082863853,-0.0956269717594183,,,,-0.1166628895742395,,0.0088091473951248,-0.0887648109567754,,,,0.3259329991246916,,-0.0731364275668073,,,-0.5239851857284294,,-0.1087953692282225,,-0.0921518945979689,,,,-0.0981635382914097,,,,,-0.0927865577649167,0.0685317826748858,-0.0807794135344378,-0.1115299478563688,,,,0.0003811184437358,,0.1557123827338945,,,-0.0124205179541367,,1.4539450196358443,-0.3144300281276385,0.0276285640942755,0.2740597605806391,,-0.2331335046150918,-0.1772784019975031,-0.1096847578810529,0.7250735534488395,,0.1074867681689943,-0.0597432035895604,-0.087806157578937,-0.4268718274111675,,,,,0.4183469087995727,,2.713436385255648,0.3679766157843455,0.0,0.0,-0.0638018389941827,0.0,-0.217303376539154,,-0.3687576933723622,-0.248796530193985,-0.1946033350176857,-0.2282442330818847,-0.244688435762156,,-0.1332785630263084,-0.1136167073045594,-0.0945223298164474,,,,0.0,0.0,0.0,-0.1046425939572586,-0.0579811741895986,-0.0088325621086682,-0.1226852021039962,0.2959719789842381,0.0,-0.2560964127671594,-0.2245106995543005,,10.3513,-0.1060446513964429
2003-04-30,-0.0985046080174545,0.6117709412416584,,0.7438627327449745,-0.0869281694687437,-0.1137900041943236,,-0.0056543835908906,-0.0845070422535211,,-0.1831929564355788,-0.8676020699908509,-0.3984986662402768,-0.0917158846768622,-0.256504444335314,,-0.0624865632197702,,-0.1966137830985785,,,,-0.0436622353140301,-0.4100363814991634,-0.1192860455881715,,,,-0.0750372409369936,,0.1046656127063495,-0.1100247944271573,,,,0.3192488262910798,,-0.0815752461322081,,,-0.4829892559862124,,-0.1083681762598187,,-0.0868302375049297,,,,-0.1015953345598946,,,,,-0.0985046080174545,-0.2578851481194938,-0.0444763127281479,-0.0780024265775069,,,,-0.0151600447619377,,0.1068503245188901,,,0.0758207737797304,,-0.0621206711888611,-0.3017001483820363,-0.2832450727793043,-0.2063342445093788,,-0.2164811114282995,-0.247191011235955,-0.1134221644458888,0.1431840470742072,,,-0.0534769985561024,-0.0924620479359979,-0.3104378172588832,,,,,-0.3168202252192104,,0.703923900118906,-0.1596672246233792,0.0,0.0,-0.0579041900115272,0.0,-0.1188145847377358,,-0.2999310909422872,-0.2321147705066488,-0.1916927741283476,-0.221493385809555,-0.2197347782689291,,-0.1305898388632671,-0.0898588457190521,-0.3223009105362046,,,,0.0,0.0,0.0,0.0094325718496683,-0.0374060408694621,-0.0040605061306572,-0.1045432286451443,0.329246935201401,0.0,-0.2560964127671594,-0.2831990698446973,,8.7863,0.0531850722146978
2003-01-31,-0.1055413800675795,0.5770475479213343,,0.6876174644099382,-0.0908816950865819,-0.1250481015692096,,-0.0366083727729501,-0.0957746478873239,,-0.1924243321527472,-0.8673697678408051,-0.4015444423391053,-0.0967540842297832,-0.2439915533074694,,-0.0728239796229422,,-0.1989756995138049,,,,-0.0624289196981889,-0.3923675605974548,-0.132534118459246,,,,-0.0874738775989157,,0.1050773925511967,-0.0631172422198439,,,,0.3170525980743216,,-0.0928270042194092,,,-0.4829892559862124,,-0.111828439303889,,-0.0899925525846071,,,,-0.1014907066248798,,,,,-0.1055413800675795,-0.2451670867753126,-0.021390749729231,-0.0566818868029378,,,,-0.0111371278558369,,-0.0095229997449196,,,-0.2142261275791112,,-0.743841485183863,-0.1363316163649898,-0.2711326190091366,0.0855170138561598,,-0.2355124179274907,-0.3651685393258427,-0.1182970425739356,0.500817260542661,,-0.4989158059176012,-0.1292428076821562,-0.0580019017016951,-0.347239847715736,,,,,0.4670850580851916,,0.539833531510107,0.1555450071201938,0.0,0.0,-0.5439776961638474,0.0,-0.1163229258219487,,-0.4056269840802408,-0.2511796387207473,-0.560323395654371,-0.4761943806712583,-0.2482532439754741,,-0.4711242227906716,-0.0899554223921639,-0.3376210435033964,,,,0.0,0.0,0.0,-0.5081798084008843,-0.0465376454192892,-0.0039397783239011,-0.10482340415683,0.3756567425569176,0.0,-0.2560964127671594,-0.5876034659358303,,9.5819,-0.1341278869535269
2002-10-31,-0.1126444565656279,0.5028387417989673,,0.6385299147109118,-0.1080359249947737,-0.118847160176561,,-0.0929516231849481,-0.1070422535211267,,-0.191890460941222,-0.8727734732387923,-0.4109128100806454,-0.1163231687068566,-0.0814418307714973,,-0.1130723907938722,,-0.229658365661369,,,,-0.0365415851315598,-0.3958829037655619,-0.1240837077104065,,,,-0.0889948664387273,,0.1137541821390492,-0.0413316625977399,,,,0.3170525980743216,,-0.1040787623066104,,,-0.3466246195592387,,-0.1539389861642877,,-0.1065411543448475,,,,-0.1039245133593776,,,,,-0.1126444565656279,-0.0799520826574159,-0.0259837939748886,-0.0609237665669485,,,,-0.0111371278558369,,,,,-0.8450030587842723,,1.4826847554444842,-0.4694867580273682,-0.1137848090434584,0.7914035253087002,,-0.2251403558854315,0.5655430711610487,-0.1496587585310367,-1.5573716900948025,0.8938059800412809,-0.2811443493669705,-0.1452033100964151,-0.1288566838256992,-0.1660850253807106,,,,,1.328036676013709,,2.0558858501783592,0.8753841157218877,0.0,0.0,0.0799935662011098,0.0,-0.1233712486453737,,-0.2710364040073267,-0.2407892855440636,-0.0817382516422435,-0.1496392259757297,-0.2327106801654071,,-0.0290158149261534,-0.0987933377041942,-0.279520161873103,,,,0.0,0.0,0.0,0.0610169491525423,-0.0424178559929193,-0.0042812891745194,-0.1136842592524917,0.1996497373029772,0.0,-0.2560964127671594,-0.1790548957727763,,9.1988,-0.0980671391920686
2002-07-31,-0.1127986002394327,0.4538533811944397,,0.746912175004103,-0.1032671468706827,-0.1255727249122853,,-0.0748898109405712,-0.1154929577464788,,-0.2054458399146513,-0.884006175663312,-0.4123504671152682,-0.1209091803387387,-0.4089181358346019,,-0.1312418055695494,,-0.1122262545363534,,,-0.4297985657351358,-0.0211481528772118,-0.360529911118616,-0.1216455758621981,,,,-0.060769684847171,-0.5542686344106109,0.076135152027648,-0.1405169885625707,,,,0.3179438211188032,,-0.1125175808720112,,,-0.2445088188918631,,-0.0225451089075073,,-0.1082802461050834,,,,-0.0848387683521422,,,,,-0.1127986002394327,-0.4127979235818214,0.0202073889847165,-0.018264163525391,,,,0.0399750900985174,,,,,0.7676621619116475,,-0.0024991074616208,-0.4701062655189125,-0.4307812247459142,0.2039306249410877,,-0.2173375202207631,0.147940074906367,-0.1564835879103022,1.425956194834913,0.6732564524986271,,0.0838019531431942,,7.517131979695431,,,,,0.1504428717674812,,3.004756242568371,-0.9575036850126164,0.0,0.0,-0.0499691713803179,0.0,-0.0886586853939295,,-0.2767729358203417,-0.2329726895762833,-0.4150783223850429,-0.3727724937137859,-0.2210181092257236,,-0.1231585040237503,-0.1364812346637824,1.2149154502095678,,,,0.0,0.0,0.0,-0.3728813559322034,-0.0774449962964561,-0.0025993689077937,-0.156093086486526,5.498248686514886,0.0,-0.2560964127671594,-0.1368657088281704,,10.261,-0.0557645453659486
2002-04-30,-0.1335178901584648,0.1213150561725569,,0.5875788169646402,-0.1268815294416418,-0.1427441529130576,,-0.6073196990913629,-0.1239436619718309,,-0.2199911787505115,-0.8908858931838975,-0.4415191970534018,-0.1668127762653517,-0.4095270834356431,,-0.1485435653305079,1.199325520873435,-0.1614742511251083,-0.1866319710815571,,-0.4698119105297643,-0.048858706464707,-0.345393979399168,-0.1147004594113706,,,,-0.0424372009864033,,0.1056215302033163,-0.1467708210345103,,,,0.317975650513249,,-0.1209563994374121,,,-0.2445088188918631,,-0.0392910732689339,,-0.1457161023468208,,,,-0.1120822729694534,,,,,-0.1335178901584648,-0.4134168559235319,0.0399835532913474,0.0,,,,0.0533142356292727,,,,,-0.74230205958141,,-0.4419850053552303,-0.3723240024180776,-0.4313706848195016,0.3220143274578188,,-0.217622989818251,-0.1204744069912609,-0.1470588235294117,-1.1435109512912716,0.5870211516976273,,-0.1801673679144219,,-0.501269035532995,,,,,0.4286286553611964,,0.5261593341260404,0.4305343892872311,0.0,0.0,0.3166501353778516,0.0,-0.2667610994018312,,-0.369770715417371,-0.2332586625994948,-0.254754926730672,-0.2644582923362851,-0.2214458862113218,,-0.0282689471030864,-0.2228909134859839,2.04509322156381,,,,0.0,0.0,0.0,0.4352247605011053,-0.1494976526031224,-0.0112289263824987,-0.2349332573204988,4.250437828371278,0.0,-0.2560964127671594,-0.0728621653793981,,11.8457,-0.1044345205433196
2002-01-31,-0.1280775252006488,0.0308447164068836,,0.6526547618417361,-0.118688092074638,-0.1408946558990166,,-0.5918898117003648,-0.8338028169014085,,-0.2368311031246492,-0.8896421832113449,-0.4462167643066598,-0.1727423077780127,-0.3134115798261553,,-0.1307771737421409,1.1103651118742204,-0.149060285413683,-0.0074505495854327,,-0.4450428896890422,0.0174720207146187,-0.3190979844342446,-0.0949136253975033,,,,-0.0293574135665396,-0.5805305436203998,0.0773116658700687,-0.1443180389931405,,,,0.3179119917243574,,-0.829817158931083,,,,,-0.0336414462617945,,-0.149112595753294,,,,-0.1100058108745446,,,,,-0.1280775252006488,-0.3157253737303152,0.0743411288058085,0.0317307425141936,,,,0.0187594967305542,,,,,0.0474945776096991,,0.4022670474830417,-0.4635714606887524,-0.3383310673981042,-0.0406258836836648,,-0.2151489199733561,-0.2808988764044944,-0.1548586285342866,-0.932984635501798,0.4523282016322975,,-0.0372059805306711,0.0,-0.4248096446700508,,,,,0.0577736235367427,,-0.0683709869203329,0.0340270317535663,0.0,0.0,-0.2021285151328311,0.0,-0.2526815199119386,,-0.4229897107586475,0.074162337352843,-0.2969176351692774,-0.2922542910243795,-0.217738485669471,,-0.2277946860354388,-0.2177654514772638,-0.297152767741003,,,,0.0,0.0,0.0,-0.1068533529845246,-0.1503757869100438,-0.010546731584048,-0.2305077023902625,0.2530647985989492,0.0,-0.2560964127671594,-0.3527946183871771,,9.3857,0.1302939578294639
2001-10-31,-0.125020720139976,0.0308447164068836,,0.6255486084272608,-0.1043897405910431,-0.1527918883111522,,-0.6056268790644206,-0.8394366197183099,,-0.2431527039604581,-0.8949208028362305,-0.4494548384801831,-0.177482672017557,-0.4031036684182095,,-0.0902027501840237,1.2001262723478958,-0.125118536130925,0.0389711613406079,,-0.4393593296344608,-0.0143363215516959,-0.2934927774281197,-0.0829202116162003,,,,-0.0015245718523906,-0.5805305436203998,0.0537372697525644,-0.0482939072741745,,,,0.3178801623299117,,-0.8354430379746836,,,,,-0.0306297358345481,,-0.1515569454977174,,,,-0.1123832794901883,,,,,-0.125020720139976,-0.4068881179964561,0.1077961410405551,0.0626279278695205,,,,0.0187594967305542,,0.7745939971090894,,,-0.0811968188643568,,0.0541770796144234,-0.4768808797006379,-0.4251528317852083,-0.0497219342068055,,0.0892568274812065,7.775905118601748,-0.2117322066948326,-0.9447531873161163,,,-0.0814668757471781,,-0.2598350253807107,,,,,0.7108648239640362,,0.6914387633769322,-0.0015989207285082,0.0,0.0,-0.9679114280352786,0.0,-0.1731873608041573,,-0.5351053366236918,0.074162337352843,-0.8699747347145023,-0.5922706898436646,0.2384143733067161,,-0.7571745990253375,-0.1776734851905707,-0.2662234426940309,,,,0.0,0.0,0.0,-0.9067059690493736,-0.1298413355182505,-0.006695018406856,-0.193703603544342,0.159369527145359,0.0,-0.2560964127671594,0.2727348226891454,,8.3502,0.0580465138559555
2001-07-31,-0.140239574404783,0.078376576967244,,0.512295711192406,-0.1289051917215448,-0.155837100457381,,-0.6063927509617086,-0.8450704225352113,,-0.2344375216001287,-0.9468492680695334,,-0.178402265722362,-0.4161862201050926,,-0.1324021016247353,0.8989359244829763,-0.1129381665484781,0.1032398230034184,,-0.4314877041543187,-0.0576362885912218,-0.2959489123927359,-0.1212555340884275,,,,-0.0341550674099029,-0.5805286755090603,0.0298981580205154,-0.0425504362828926,,,,0.3202991963077902,,-0.8410689170182841,6400000.0,,,,-0.0670372565667569,,-0.1524700594386346,,,,-0.1254682100091911,,,,,-0.140239574404783,-0.4201851805635279,0.1045870271571262,0.0596641690824388,,,,0.0186748037430573,,0.1414845676388062,,,-0.9017666796433272,,0.0371295965726526,-0.4863733332001059,-0.4378167159467965,0.3416674521632576,,0.0239794461889808,8.078027465667915,-0.2049073773155671,0.088264138607388,,,-0.2147401760623515,,0.0203045685279187,,,,,0.3813148172875773,,0.8008323424494649,0.3692257726034926,0.0,0.0,0.22218052167386,0.0,-0.2229864068059834,,-0.3062565890605398,0.0087698393784852,0.0333501768569984,-0.0002733136547501,0.1405960359332667,,0.0773008196874358,-0.2082135586175854,-0.2231536349183408,,,,0.0,0.0,0.0,0.2869565217391304,-0.1340256206846768,-0.0091079207364065,-0.2225068643000363,0.0288966725043782,0.0,-0.2560964127671594,-0.0696509149295462,,11.1117,-0.1108111270102685
2001-04-30,-0.137535259657002,0.039718294024589,,0.2583237597081853,-0.1083881699576956,-0.1768606485889096,,-0.6120395366171104,-0.8535211267605634,,-0.2505703317868157,-0.9459557982616652,,-0.182927405903335,-0.4255168688307224,,-0.1829442897454344,0.8611774126487934,0.0018279824061328,-0.1305380475141309,,-0.3398865091339709,-0.0971888575780881,-0.3189905285295427,-0.1057784392174397,,,,0.0069510444033791,-0.5058042219316271,0.0292951946762748,-0.0871575531594803,,,,0.3202991963077902,,-0.849507735583685,6400000.0,,,,-0.0680091205698754,,-0.1576110906129436,,,,-0.060679373326959,,,,,-0.137535259657002,-0.4296688212832863,0.0744815275382085,0.0318604069611284,,,,-0.0173197159431076,,-0.399285775019131,,,0.4597074689950503,,-0.0121385219564441,-0.4848345565275606,-0.4468487654614426,-0.1537373927797153,,0.0404415263107812,0.3882646691635456,-0.212707182320442,-0.2196796338672768,,,0.0078746758993308,,0.0598032994923857,,,,,-0.375395023812703,,0.1474435196195005,-0.1622155045344392,0.0,0.0,0.1663137013108865,0.0,-0.1799114266453908,,-0.2855603130944878,0.0252609503836804,0.0023446184941889,-0.0165081447469115,0.1652645087694282,,0.0486584386728158,-0.209585177320233,-0.1436623789564966,,,,0.0,0.0,0.0,0.3071481208548268,-0.135970415307915,-0.0070208181045403,-0.2270347441997578,-0.2119089316987741,0.0,-0.2560964127671594,-0.134927885280846,,9.3581,0.1054380696936342
2001-01-31,-0.1504447923381527,0.0022163868076802,,0.2242716544812507,-0.1220888026515164,-0.1889110071037196,,-0.5909871769642753,-0.8676056338028169,,-0.2647020088230172,-0.9508913254803294,,-0.1901482817674243,-0.4240043215636203,,-0.1850415505354496,0.8015368268682918,-0.0183613973127175,-0.1363315555937425,,-0.3560204860631052,-0.1416409565070212,-0.3304729594891239,-0.1286010736530118,,,,-0.0219065389083814,-0.5153913693256118,0.0623846464943564,-0.1148465678190425,,,,0.3213813957189464,,-0.8635724331926864,6400000.0,,,,-0.0769160939610934,,-0.1643196643080915,,,,-0.08146491986305,,,,,-0.1504447923381527,-0.428131473208715,0.0594789201331782,0.0180048346315214,,,,-0.0558550252541784,,,,,-0.3414715533062677,,-0.0063370224919671,-0.4845947471759951,-0.4453846226980158,0.0751955886511452,,0.0316871253211532,,-0.2270068248293792,-0.5707747629944426,0.2346569713495805,,-0.1129096865344905,-0.0318043214531624,-0.2190672588832487,,,,,0.1234254684648595,,0.133769322235434,0.1244160191870487,0.0,0.0,-0.1544111733640726,0.0,-0.2009539981739212,,-0.3691699697860285,0.0164911110051951,-0.2347448206164729,-0.1793210888816005,0.1521460145444175,,-0.1703605504415856,-0.2259227311883156,-0.1098424627836392,,,,0.0,0.0,0.0,-0.036551215917465,-0.155889676563786,-0.0080403892396794,-0.2428427338308275,-0.3143607705779334,0.0,-0.2560964127671594,-0.3370151980732497,,9.1353,-0.0280122163475748
2000-10-31,-0.148320783185872,0.0059344559814337,,0.1980337450433328,-0.1070310788824155,-0.2040132354213963,,-0.6017762453586112,-0.8788732394366198,,-0.2725403695909079,-0.9490186127630376,,-0.1885601890928143,-0.4237685999116043,,-0.1502172667198469,0.8116540137667657,0.0338046969507362,0.184790813852867,,-0.3136988524678853,-0.1826425985919048,-0.3272953348786516,-0.1255163326285145,,,,-0.0141027375111857,-0.5135232579861759,0.0469576087356152,-0.0891152083912568,,,,0.3213813957189464,,-0.8748241912798875,6400000.0,,,,-0.0757626729464033,,-0.1628056741953183,,,,-0.079011797202088,,,,,-0.148320783185872,-0.4278918864957947,0.0636307112198644,0.0218391975623084,,,,-0.0558550252541784,,-0.0145679222288354,,,0.5300780453441596,,-0.0210639057479471,-0.4810575592404039,-0.4451564446050142,-0.4480158356112734,,0.0152250451993529,0.229712858926342,-0.273643158921027,-0.5014710689767898,,,0.0331071744631961,-0.1231187907800255,0.1383248730964467,,,,,-1.0143321315707483,,0.0404280618311533,-0.4865715641941689,0.0,0.0,0.3368093719003833,0.0,-0.24518947700762,,-0.2923923222352449,0.0,0.133521980798383,0.0649393243686454,0.1274775417082561,,0.1698377429654387,-0.2287177060970635,-0.1248735366382425,,,,0.0,0.0,0.0,0.4166543846720707,-0.1492624912124554,-0.0101837212609936,-0.2426466109726475,-0.2688266199649737,0.0,-0.2560964127671594,0.0,,8.3647,0.0615323920762252
2000-07-31,-0.1674550001062571,0.0092670665799384,,0.2090032665032532,-0.1250494564900136,-0.2249275979840615,,-0.6040009208697813,-0.8873239436619719,,-0.2916430593648877,-0.9386686585086916,,-0.185730753615737,-0.4202917055443697,,-0.2168059385595001,0.6383683148801182,-0.0018279824061328,-0.1691778005535746,,-0.3420505298845254,-0.212027900595961,-0.3620956971585589,-0.1760882888474376,,,,-0.0747488084243791,-0.5042088548477489,0.0330894518180815,-0.085580764704314,,,,0.322972865441235,,-0.8832630098452883,6400000.0,,,,-0.0462436388297048,,-0.1625006977697237,,,,-0.0663228431756026,,,,,-0.1674550001062571,-0.4243579824802216,0.0181615788840306,-0.0201535597521556,,,,-0.1088728354272121,,-0.303602301391605,,,-0.5147655858962238,,0.0033023920028561,-0.4829760340529279,-0.4417908177332408,0.2959751154679989,,0.0,0.0774032459425717,-0.2796555086122847,0.2745995423340961,,,-0.1376764116815973,-0.1471195776910718,0.0902601522842639,,,,,0.4542662571771932,,0.1307966706302021,0.3097659080120918,0.0,0.0,0.2189636222287751,0.0,-0.2727854528078094,,-0.3362114153449281,-0.0152518945712787,0.0485093481556341,0.0030884442986771,0.1046627691430201,,0.0913045913699423,-0.2437848168248061,-0.0974129209423327,,,,0.0,0.0,0.0,0.3942520265291083,-0.1643525099013364,-0.011520823065957,-0.2566407687041517,-0.3520140105078809,0.0,-0.2560964127671594,-0.1132796279378789,,7.7389,0.1473723655816718
2000-04-30,-0.1753134939468856,0.0017666851365567,,0.1769417694176941,-0.1258846662179618,-0.2422774511827327,,-0.6089638923311758,-0.8929577464788733,,-0.3071978037033337,-0.9478499542543458,,-0.1868623104085289,-0.422177478760497,,-0.2149705144899029,0.5650687568333359,0.0655218602409191,0.2493786094353171,,-0.2877456313831098,-0.2371431880202038,-0.3898960747893096,-0.1924240688401485,,,,-0.0920350526120609,-0.5023071175042032,0.0366778190374646,-0.1613123145654881,,,,0.322972865441235,,-0.8888888888888888,6400000.0,,,,-0.0471087045907224,,-0.1650893667155445,,,,-0.068821036331648,,,,,-0.1753134939468856,-0.4262746761835833,-0.0181615788840306,-0.0536996045234368,,,,-0.1234400292766719,,,,,1.138720501269859,,-0.0157086754730453,-0.4806378928751642,-0.4436162424772535,-0.7723159581487417,,-0.0436768484156437,-0.1454431960049937,-0.2837179070523237,0.3831317423994769,,,0.1447499573041034,,-0.1343591370558375,,,,,-1.4810611118529398,,0.0190249702734839,-0.7874434756539336,0.0,0.0,-0.0216604562635712,0.0,-0.253500695445896,,-0.3768736490585374,-0.0590057671226347,-0.1367155128852956,-0.1346889690608942,0.0392128903464993,,-0.0798028268947103,-0.2636980070426239,-0.1245844775256539,,,,0.0,0.0,0.0,0.1108327192336035,-0.1860845975738687,-0.010586422917776,-0.2791157173589438,-0.2697022767075306,0.0,-0.2560964127671594,-0.2552944107632256,,7.4662,-0.120695170060774
2000-01-31,-0.1881130859195137,-0.0116360307403213,,0.1955560732077909,-0.1388897897357015,-0.2549975699553271,,-0.5832707136816784,-0.8985915492957747,,-0.3182623729514681,-0.9513023215919488,,-0.1892036872881388,-0.4198791926533418,,-0.212146785152061,0.5730454734443092,-0.0365336929972144,-0.1001957763853173,,-0.3701196823698431,-0.256889778392776,-0.4040956050534977,-0.2213538972847976,,,,-0.1295008236450166,-0.5269045395105548,0.0427074524798705,-0.1128051218964118,,,,0.3240232354579454,,-0.8945147679324894,6400000.0,,,,-0.0465426739075874,,-0.1678840762822284,,,,-0.0915703687249396,,,,,-0.1881130859195137,-0.4239387057326112,-0.0367142685226042,-0.070833835011253,,,,-0.1616365666377553,,,,,-0.1637283799566208,,0.0,-0.4818169555203613,-0.441391506070488,0.0332500706946931,,-0.0530021886002474,,-0.2895677608059798,-1.145472376593658,0.190308470147134,-0.4143253514887267,-0.0249157726404695,0.0765270992491557,-0.2082804568527918,,,,,0.2314060622245961,,-0.0035671819262782,0.0782471831513728,0.0,0.0,-0.2091520789212664,0.0,-0.254917186473364,,-0.4216468675827056,-0.068347552547543,-0.2870136432541688,-0.2389854597135673,0.0252388421502923,,-0.2186455552028679,-0.2725382217992522,-0.1884665414077178,,,,0.0,0.0,0.0,-0.0577745025792188,-0.1974031038326841,-0.0106550558490141,-0.2883809997149518,-0.0761821366024518,0.0,-0.2560964127671594,-0.385571519530493,,6.0213,0.1951073688406158
1999-10-31,-0.1928076675143624,-0.0303147108659166,,0.1012986600454239,-0.1460903553233643,-0.2564196454132074,,-0.6041012136182357,-0.895774647887324,,-0.3252274476978571,,,,-0.42103815744242,,-0.2254568184399794,0.536364896287285,-0.0366412213740458,-0.0840672390619917,,-0.3703841737949109,-0.2394533906231905,,-0.2281877850929148,,,,-0.1262223671351754,,0.0143534688775322,-0.0869518851001108,,,,0.3219543248189703,,-0.8917018284106891,,,,,-0.0443105906476779,,-0.1712206636051027,,,,-0.0948395892790169,,,,,-0.1928076675143624,-0.4251166737378022,-0.0477455974968911,-0.0810217558418464,,,,-0.1616365666377553,,,,,-0.111006061954285,,0.0028561228132809,-0.4836355097697331,-0.4425133816944125,0.0,,-0.0683223903320962,,-0.3303542411439714,-0.4818568159529258,,,-0.0798087223835178,,0.0647208121827411,,,,,-0.1295233008412338,,-0.1266349583828775,0.0,,,0.3066241321073372,,-0.3075833468440409,,-0.3471426299701394,-0.0836947714598922,0.0934209196563921,0.0138296709303596,0.0022814772565235,,0.1327930989413148,-0.2852851929277132,-0.2488798959387194,,,,,,,0.5235077376565954,-0.1990661016839837,-0.0132068778466128,-0.2981274530584202,0.1068301225919439,,,,,6.8127,-0.1020924350425385
1999-07-31,-0.2036424943506627,-0.0284275699245946,,0.1116117043523376,-0.1556658302927674,-0.2690998182459738,,-0.6008067487902187,-0.8985915492957747,,-0.3426719547022651,,,,-0.4228257133035407,,-0.2434234381086661,0.4558739740371733,-0.0240529855346524,0.0945986584100993,,-0.3604537230173663,0.1215617919808057,,-0.2495362692504338,,,,-0.1510848914212825,,0.0009265046509062,-0.1641459633834681,,,,-1.6019097636667463,,-0.8945147679324894,,,,,-0.0624128926837864,,-0.1755084869220935,,,,-0.0990198776979922,,,,,-0.2036424943506627,-0.4269335396441139,-0.0967848690280396,-0.1263116948069389,,,,-0.1059932738523189,,,,,0.4087648072965908,,0.0099071760085683,-0.487032808916911,-0.4442437322330078,-0.320930342162315,,-0.0783138262441716,,-0.3446538836529086,0.3282118339326577,,,0.0180347466968901,,0.0455266497461928,,,,,-0.5746205545911782,,0.0326991676575505,-0.3372223748969445,,,0.118221054606868,,-0.2936744289237228,,-0.3780515816690127,-0.0937038272722939,-0.0455987872662961,-0.0830326883131081,-0.0126907172394125,,0.004369176764942,-0.2976757501434997,-0.2272004624945801,,,,,,,0.3112748710390567,-0.213171816155389,-0.0125329520760221,-0.3122482988473823,0.0411558669001751,,,,,7.9703,-0.0892881347578031
1999-04-30,-0.2161133976070894,-0.0265725505312101,,0.0837643670554352,-0.1660954743507292,-0.2844843312051024,,-0.6033930860306638,-0.904225352112676,,-0.356612710907855,,,,-0.4261651033737661,,-0.2415854470123981,0.4427077719090223,-0.0493777722159651,0.1677539722967209,,-0.3814928136477575,0.0847173268164636,,-0.2748222473598954,,,,-0.179553717868215,,0.0057207985587705,-0.168396436610438,,,,-1.5211267605633805,,-0.90014064697609,,,,,-0.0800986815757012,,-0.1800068891996138,,,,-0.1169965665940709,,,,,-0.2161133976070894,-0.4303276847438169,-0.1415319507401019,-0.1676376063943095,,,,-0.1199676167893007,,,,,0.3410266392302986,,-0.4052124241342377,-0.3974840002198252,-0.447476255217197,-0.2796446413422566,,-0.0982015415358264,,-0.3381540461488462,-0.2543314808761033,,,0.0025338073871663,,-0.0126903553299492,,,,,-0.4071304580050741,,-0.0737217598097502,-0.2842831089014915,,,-0.1328579470820041,,-0.3215263970782739,,-0.4529209783908262,-0.1136266145560268,-0.2365639211723092,-0.2178583142013775,-0.042492513902752,,-0.1720410030434863,-0.3087981636635441,-0.2390518861107096,,,,,,,0.0282977155490051,-0.2274581186989522,-0.0138824574227755,-0.3220446965211946,0.0770577933450087,,,,,8.7624,-0.0967086642928877
1999-01-31,-0.2208578492140514,-0.0556666425755057,,0.0431686669807874,-0.1650157886570137,-0.2970726283762641,,-0.5882306459688773,-0.9126760563380282,,-0.3655842221611354,,,,-0.3381427098168246,,-0.2649633589030581,0.3976193042701612,-0.0827152769087445,-0.2067619567819026,,-0.395047999182481,0.0434781317646919,,-0.2752048738908187,,,,-0.1835971475636858,,-0.0025883304533254,-0.1372567689547873,,,,-1.4393888756266413,,-0.9085794655414908,,,,,-0.1072681543661791,,-0.1873717068105501,,,,-0.1005957353653688,,,,,-0.2208578492140514,-0.3408620130275275,-0.1829094628745637,-0.2058515712552444,,,,-0.117342134176898,,,,,-0.2389559349683925,,0.3977151017493752,-0.4877122687463466,-0.3622707523221875,0.0954614006975209,,-0.105528594538015,,-0.3545661358466038,0.6518470088264139,,,-0.0906705584623266,,-0.0951776649746192,,,,,0.4370409934570703,,-0.0077288941736028,0.1263896869613011,,,-0.2598182451813527,,-0.2838613886731916,,-0.4537808691964732,-0.1209665888184547,-0.3287316826680141,-0.2822783426259976,-0.0534721231997718,,-0.2571839348731258,-0.313604002873156,-0.2136146842029194,,,,,,,-0.1148120854826823,-0.2338680030184006,-0.0120574829740716,-0.3298250486652682,0.0,,,,,9.2604,-0.1169608428827459
1998-10-31,-0.2280119291335793,-0.0528560071309836,,-0.017460174601746,-0.1687457933918645,-0.3089046157533471,,-0.609544374602533,-0.9183098591549296,,-0.3722717545889501,,,,-0.4268329813878112,,-0.2908800601711052,0.373658356303608,-0.0270489485856774,-0.1460528657612264,,-0.3634953744056456,0.0,,-0.292375610228141,,,,-0.1925923006434194,,0.0094856428545167,-0.167726111083604,,,,-1.3687276199570304,,-0.9142053445850914,,,,,-0.1007000624769716,,-0.1883211274688,,,,-0.0903615136603841,,,,,-0.2280119291335793,-0.4310065137637575,-0.2056741144851377,-0.2268757351511054,,,,-0.117342134176898,,,,,-0.4204808779637766,,-0.0026776151374509,-0.4882918080126299,-0.4481227598140349,0.1564237911207465,,-0.0853554096488724,,-0.4302892427689307,-0.3066361556064073,,,-0.1313977860236923,,-0.21875,,,,,0.359371522677705,,-0.0005945303210463,0.2104829240262822,,,0.1403640457872021,,-0.309921410347211,,-0.3807726059992108,-0.1007578285115104,-0.0164527539161192,-0.0653492948507707,-0.0232425495508341,,0.0312937617865078,-0.3211300850420841,-0.1381702558173146,,,,,,,0.3080324244657332,-0.2326981495179935,-0.0133201635282949,-0.3359389655920108,-0.2285464098073555,,,,,7.9149,0.072165575645487
1998-07-31,-0.2310942359049919,-0.0572646895853911,,-0.0166554606722537,-0.160521422331233,-0.327121295846288,,-0.6099668198157197,-0.8056338028169014,,-0.3879060492734844,,,,-0.4274026420468497,,-0.290235736476743,0.2359599008300097,0.0363075126183623,0.1747503697657434,,-0.3122261161237579,-0.0405562302719684,,-0.3004760215145856,,,,-0.2012381099966946,,0.0,-0.1961844766319189,,,,-1.306596641998886,,-0.8016877637130801,,,,,-0.0962679354297828,,-0.1883002511063337,,,,-0.0774987162957204,,,,,-0.2310942359049919,-0.431585514986648,-0.2184905130570821,-0.238712246807013,,,,-0.1592651629878432,,,,,0.1473036353187624,,0.0005355230274901,-0.4895907753336098,-0.4486741902054553,-0.1940333678951833,,-0.1167570653725378,,-0.4341891452713682,0.0921869892121608,,,-0.0301759070937291,,-0.4750951776649746,,,,,-0.3549205501402056,,0.0142687277051129,-0.1206935318659904,,,-0.0201056215317802,,-0.328079801349933,,-0.4286084493106149,-0.1322148610647729,-0.1376048509348155,-0.1562807477861593,-0.0702980179666333,,-0.080624381500084,-0.3314511421197602,-0.1393264922676687,,,,,,,0.1672807663964627,-0.2445792570785315,-0.0141999880925998,-0.3455782213483995,-0.2250437828371278,,,,,8.3952,-0.0741495140080046
1998-04-30,-0.2406466100434237,-0.0710368032635492,,-0.0179895916606224,-0.1667061653346052,-0.3413127567358841,,-0.6181938643631752,-0.8112676056338028,,-0.3999800240242045,,,,-0.4286794676619359,,-0.2946458882971179,0.2019433622322487,0.0393628016703977,0.291209701671157,,-0.3099448775825483,-0.0781430484578358,,-0.3237865789295133,,,,-0.2291049903303448,,-0.000514724806059,-0.2079608773647066,,,,-1.226927667701122,,-0.8073136427566807,,,,,-0.0908853040278957,,-0.1893331772144488,,,,-0.084709995509047,,,,,-0.2406466100434237,-0.4328832763482992,-0.2207770066990252,-0.2408239249428087,,,,-0.3490621479683041,,,,,0.2335428137107687,,-0.0058014994644769,-0.489470870657827,-0.4499101548758806,-0.2901545857290979,,-0.1295080407269959,,-0.437601559961001,-0.3510951291271657,,,-0.0136378456426896,,-0.1472081218274111,,,,,-0.3810032492099524,,0.0434007134363852,-0.274239888075549,,,-0.2419108382703804,,-0.3255881424341459,,-0.4732049779432118,-0.1449883227682188,-0.2965538150581102,-0.2674100798075872,-0.0894053899900185,,-0.2274585955150587,-0.3407294010722885,-0.0800693741870212,,,,,,,-0.0856300663227708,-0.2564881474194014,-0.0140792602858437,-0.3555865778875741,-0.404553415061296,,,,,8.2026,-0.0669543803184356
1998-01-31,-0.2392372154965395,-0.0815887317609835,,-0.0673100848655545,-0.1549962655048902,-0.3536267584535595,,-0.6032259314499064,-0.943661971830986,,-0.4078113136502206,,,,-0.4285616068359279,,-0.2799111552069248,0.2908883721646468,0.0322807602997817,0.0791820352152005,,-0.3156675102340148,-0.1125050851181974,,-0.3165685815419033,,,,-0.2149467161241836,,-0.0110004044266333,-0.179959551948324,,,,-1.194620832338665,,-0.939521800281294,,,,,-0.0949863565245716,,-0.1914934268957439,,,,-0.0750600805796065,,,,,-0.2392372154965395,-0.4327634829918391,-0.2244073167796542,-0.2441766770706949,,,,-0.1892464805617313,,,,,0.1557940789351723,,-0.0076758300606926,-0.4889312996168046,-0.4497960658293798,-0.2537939485342633,,-0.1238938053097345,,-0.4470263243418914,-0.1301078783916312,,,-0.024201586734773,,-0.3837246192893401,,,,,-0.2505007344104686,,0.0778834720570749,-0.1984410522897044,,,-0.3675307616009436,,-0.3207584200151889,,-0.4997437996572216,-0.1393641866450598,-0.3990702374936837,-0.3351098720892095,-0.0809924426065877,,-0.3221614354799559,-0.3496408986114516,-0.1358577829166064,,,,,,,-0.2290346352247605,-0.2666953424649378,-0.0138452467974055,-0.3653732303261974,-0.2355516637478108,,,,,8.6623,0.0406451612903226
1997-10-31,-0.2473994630473127,-0.0726348502734346,,-0.0593264756176973,-0.1632475788148104,-0.3617943716170782,,-0.6133798124373645,-0.9492957746478872,,-0.4133232687413986,,,,-0.4280312331188921,,-0.293868079215876,0.2120759481975392,0.0314279490352572,0.1246708931453716,,-0.3162776438622961,-0.1443490603295453,,-0.3367054150181655,,,,-0.2393237422058279,,-0.0165153130629802,-0.1710548867111773,,,,-1.1198854141799952,,-0.9451476793248944,,,,,-0.0905649093015929,,-0.1922422529407306,,,,-0.0796186392251738,,,,,-0.2473994630473127,-0.4322244128877686,-0.2201752978458823,-0.2402682201702309,,,,-0.1892464805617313,,,,,0.9039170976771778,,0.0052659764369867,-0.4912894249071988,-0.4492826651201262,-0.2841219719106419,,-0.1391188505090874,,-0.5188495287617809,-0.6204642039882314,,,0.1020789020167989,,-0.0453680203045685,,,,,-0.5514309876708061,,2.024970273483948,-0.2838833787193644,,,-0.0552234404739565,,-0.2958930293281907,,-0.4233548698678948,-0.1546160812163386,-0.1958160687215765,-0.2020607849568164,-0.1038072151718237,,-0.1343988647609089,-0.3561977648823647,-0.3662378956496603,,,,,,,0.1388356669123065,-0.2673651059193694,-0.0126404494382022,-0.3740952158204148,0.4623467600700525,,,,,7.624,0.0368704092339979
1997-07-31,-0.2800886892829061,-0.2030483348992588,,-0.8419743020959621,-0.2115201066513927,-0.3741869336830822,,-0.6195797277963632,-0.9549295774647888,,-0.4255015428347677,,,,-0.4306438147620685,,-0.3874618716319808,-0.0584548576356272,-0.044223825878187,-0.1010795318550886,,-0.3780003246031125,-0.1696781454239875,,-0.3970061698528111,,,,-0.3054339073020901,,-0.0374719658810985,-0.2293732075457325,,,,-1.0610328638497653,,-0.9507735583684952,,,,,-0.0590914673544473,,-0.2076934841695905,,,,-0.0987993542041918,,,,,-0.2800886892829061,-0.4348798322893009,-0.257681816358458,-0.2749071509942484,,,,-0.2760567927460117,,,,,0.1209795524905919,,0.0096394144948232,-0.4946267717164854,-0.4515264163679752,-0.1743566782920162,,-0.2116281282710058,,-0.5219369515762106,0.3517489375612945,,,-0.0281637659333322,,-0.2001903553299492,,,,,-0.2459162326968442,,-0.0225921521997621,-0.1431283883378719,,,-0.2011634452993057,,-0.4192984102874794,,-0.5294277014412005,-0.2272532291120537,-0.2675290550783223,-0.2713731278014649,-0.2124625695137601,,-0.2006460406669529,-0.4111855332742568,-0.0922098569157392,,,,,,,-0.0297715549005158,-0.3165813090353074,-0.0186197834837745,-0.4235474117873492,-0.3677758318739054,,,,,6.4774,0.1065087843887979
1997-04-30,-0.2841270268547182,-0.213046166694773,,-0.0873432263734402,-0.2110630862745704,-0.3842852672716257,,-0.6202848162097395,-0.9605633802816902,,-0.4349238393825479,,,,-0.43362962235427,,-0.3738951356769859,-0.0207887402023437,-0.0420473032161181,0.0074505495854327,,-0.3766928953996525,-0.1939144868707444,,-0.4046809461998178,,,,-0.3166523196871313,,-0.032148240744145,-0.2396566105142082,,,,-1.0028169014084507,,-0.9563994374120957,,,,,-0.0475145379107059,,-0.2094643443074924,,,,-0.1065691856244436,,,,,-0.2841270268547182,-0.4379145973196236,-0.2839564362790324,-0.29917292606348,,,,-0.2980769694951951,,,,,0.0569860778970394,,-0.4393073902177793,-0.3974440319945643,-0.454701894828914,-0.2459704024884532,,-0.215434389570844,,-0.5245368865778356,-0.491010134030729,,,-0.0382120511108696,,-0.2749048223350254,,,,,-0.1441224907642319,,-0.1296076099881093,-0.2072850825692657,,,-0.3524113342090448,,-0.4138372400610968,,-0.5609845160758353,-0.2310662027548734,-0.3887620010106114,-0.3544331474800481,-0.2181662626550691,,-0.3126388707358515,-0.424019883297438,-0.1436623789564966,,,,,,,-0.204274134119381,-0.3306334424303582,-0.0183551745922542,-0.4375354787468602,-0.2119089316987741,,,,,5.2269,0.3712334270791483
1997-01-31,-0.2883495434485397,-0.2296289158174532,,-0.1216706284709906,-0.2126716383432113,-0.3920600786935014,,-0.6083469399694715,-0.9633802816901408,,-0.4414805556856842,,,,-0.338103422874822,,-0.3838115597061524,-0.115693188992747,-0.0524664321435689,-0.0572108922861649,,-0.3705224306761964,-0.2113746299370187,,-0.4100688616527019,,,,-0.32730819909726,,-0.0457810948931946,-0.2319935709688108,,,,-0.9770032625129308,,-0.959212376933896,,,,,-0.0485184413864547,,-0.2129298204768978,,,,-0.1029458397518547,,,,,-0.2883495434485397,-0.3408220819087075,-0.2995406955754342,-0.3135656796732456,,,,-0.3134910932196234,,,,,-0.1532728991713475,,0.4226169225276687,-0.4932478679449837,-0.3622327226400205,0.0212319728532378,,-0.2200019031306499,,-0.5268118297042574,-1.440339980385747,,,-0.0725612880187551,,-0.4573286802030457,,,,,0.3670717051675791,,-0.0659928656361474,0.1047293077172908,,,-0.4457014181165054,,-0.422848170934628,,-0.5865103157448363,-0.2356417711262571,-0.4550176856998484,-0.4005411610364053,-0.2250106944246399,,-0.3738446888361932,-0.4252063967099547,-0.1144674085850556,,,,,,,-0.3120117907148121,-0.3332837212255977,-0.0187917792632626,-0.4381494285637716,-0.3003502626970227,,,,,5.2325,0.3697658862876254
1996-10-31,-0.2969192516664659,-0.2649385273876348,,-0.1650616506165061,-0.2169943725624124,-0.4064273017183412,,-0.6206768696809702,-0.9774647887323944,,-0.446278325447537,,,,-0.4322742228551785,,-0.4038959763782205,-0.1646776205361955,-0.0169709441640363,-0.0847546044273694,,-0.3561587429443907,-0.2677043772103561,,-0.4266701073393478,,,,-0.3302391033869322,,-0.0857090334203463,-0.2279106791235493,,,,-0.931996498766611,,-0.9732770745428974,,,,,-0.0412134416267508,,-0.216495140118968,,,,-0.0973249051507527,,,,,-0.2969192516664659,-0.4365369737203324,-0.3006839423964058,-0.3146215187411434,,,,-0.3134910932196234,,,,,0.160762286116827,,-0.0225812209925026,-0.4893709500946747,-0.4533898707941548,-0.2765812046375718,,-0.2092492149586069,,-0.5744231394215145,0.2353710362863681,,,-0.0221459733888121,,-0.4070431472081218,,,,,-0.2965237904482129,,0.0493460166468489,-0.2189272241237164,,,-0.2406776934830978,,-0.4682270822844758,,-0.5723986830713415,-0.2248701205852914,-0.2991005558362809,-0.2920356401005794,-0.208897761300442,,-0.2298112291577198,-0.4331981164099576,-0.1049284578696343,,,,,,,-0.0573323507737656,-0.3363537184522808,-0.020990513771239,-0.4433777472427075,-0.329246935201401,,,,,4.8606,-0.1205818211743406
1996-07-31,-0.3020484957532567,-0.263308358829812,,-0.13765902364906,-0.2189022829564827,-0.4159331038661012,,-0.6207650057326424,-1.2535211267605637,,-0.4553011024794075,,,,-0.4284633894809213,,-0.3920132099192477,-0.027533531467993,-0.0196702772100094,-0.1629178659760281,,-0.3577637250010519,-0.2857762191663672,,-0.4390505967972825,,,,-0.3481899964080299,,-0.0830030515827787,-0.2360155241298146,,,,-0.8967931885095886,,-1.248945147679325,,,,,-0.0385862048710678,,-0.21713323067609,,,,-0.1078536947343174,,,,,-0.3020484957532567,-0.432663655194789,-0.2933430943880621,-0.307841920515694,,,,-0.3929331154916771,,,,,0.2074782640935802,,-0.005980007140307,-0.489211077193631,-0.4497009916239625,-0.0943774154020171,,-0.2805214577980778,,-0.5765355866103348,0.1000326904217064,,,0.3398841776770327,,-0.4024428934010152,,,,,0.095784929006988,,-0.1307966706302021,-0.026482124565918,,,-0.3253893788703321,,-0.4898840354634741,,-0.6050863130120325,-0.2962680520470902,-0.3599797877716018,-0.3536678692467476,-0.315699415371453,,-0.2860503762346659,-0.4390927426366754,-0.0835380835380835,,,,,,,-0.1575534266764922,-0.3429352606644946,-0.0220398534066741,-0.4480773869126364,-0.3940455341506129,,,,,4.8184,-0.0604972605014111
1996-04-30,-0.3114467262178838,-0.3224200374216033,,-0.129378940848232,-0.2290435451609475,-0.424482866520642,,-0.6201602100677204,-1.2563380281690142,,-0.4627540860151375,,,,-0.4283062417129106,,-0.4113249515634155,-0.1136297140393292,-0.0256733269372488,-0.1591619052295002,,-0.3626057214304177,-0.2965433073905697,,-0.447201431735089,,,,-0.3629752978155268,,-0.0483253060774293,-0.253413518485369,,,,-0.9092384817378848,,-1.2517580872011251,,,,,-0.0807074315556766,,-0.2271974527207119,,,,-0.1121031985564564,,,,,-0.3114467262178838,-0.4325039307195088,-0.2768963857354888,-0.2926526567319002,,,,-1.2754340452089474,,,,,0.195984650464379,,-0.006069260978222,-0.4890312201799569,-0.4495488728952947,-0.2719389197850881,,-0.2454086973070701,,-0.5788105297367566,0.4112455050670153,,,-0.3734260739958701,,-0.3075824873096446,,,,,-0.1418970044954822,,-0.1284185493460166,-0.2296699727683813,,,-0.4510629171916467,,-0.4816922801239003,,-0.6288805517436348,-0.2610933701920785,-0.4610409297625063,-0.4119110090740133,-0.2630828461428775,,-0.3794088541180425,-0.4590312267450701,-0.1286313051018933,,,,,,,-0.3061164333087693,-0.3626233294983174,-0.0216429400693936,-0.4697873346050865,-0.2574430823117338,,,,,4.6609,0.0337917569568108
1996-01-31,-0.3146537080195796,-0.3234479269556,,-0.17365938365266,-0.2295045569821088,-0.4314028348301965,,-0.6097388817510506,-1.2619718309859156,,-0.4678682893758745,,,,-0.4281294504738987,,-0.4004125211859919,-0.1331403316958992,-0.0301153612629022,-0.090425368691735,,-0.3661793612532084,-0.3118357796339903,,-0.4546240898252857,,,,-0.3690234230489824,,-0.0416632964447222,-0.2588294440487662,,,,-0.9005490570541895,,-1.2573839662447257,,,,,-0.0717897783402485,,-0.2277910675491014,,,,-0.1196895286752976,,,,,-0.3146537080195796,-0.4323242406848187,-0.2932829235027478,-0.3077863500384362,,,,-1.2889849232084447,,,,,0.4024618578870289,,-0.0107997143877186,-0.4877922051968685,-0.4493777393255436,-0.299957583184089,,-0.2857550670853554,,-0.5836854078648034,0.0509970578620464,,,0.0214442081075626,,-0.2606281725888325,,,,,-0.1620599100903547,,-0.1866825208085612,-0.2667699302970495,,,-0.5123448516205131,,-0.4851908423001766,,-0.6447473040067377,-0.3015108908059673,-0.5072056594239515,-0.4547119274078933,-0.3235419934407529,,-0.4220550068151689,-0.4665343144680192,-0.1283422459893048,,,,,,,-0.378481945467944,-0.3702318423406595,-0.0218124551405238,-0.4774872885588502,-0.2583187390542907,,,,,3.8047,0.2664336215733171
1995-10-31,-0.3223059213555576,-0.3218498799457145,,-0.1950690095136245,-0.23923669614182,-0.4363960773087089,,-0.6194429649575617,-1.2619718309859156,,-0.4718846979605943,,,,-0.4269115552718165,,-0.4027613505897423,-0.1420255932490491,-0.0583471219937244,-0.0797712055283814,,-0.3888775344590248,-0.3208627923757375,,-0.4620971715668445,,,,-0.376175116156789,,-0.0431045259016875,-0.2403878747252998,,,,-0.8992122224874671,,-1.2573839662447257,,,,,-0.1543982186053217,,-0.2354735689366988,,,,-0.133915708516231,,,,,-0.3223059213555576,-0.4310863760013976,-0.2991395563400056,-0.3131952098248604,,,,-1.2889849232084447,,,,,0.0124205179541367,,0.0659585862192074,-0.5037395270759746,-0.4481988191783687,-0.1526062776887548,,-0.275858787705776,,-0.6231719207019825,0.2392938868911409,,,-0.0458755763946032,,-0.299492385786802,,,,,0.0,,-0.1230677764565992,-0.1044295100806955,,,-0.3496769696807227,,-0.5050217166847284,,-0.6233324891482959,-0.2915971593346361,-0.3867407781707933,-0.3704219962829343,-0.3087123912733495,,-0.310771701178184,-0.4714206342385576,-0.1439514380690851,,,,,,,-0.2011790714812085,-0.3714919898771455,-0.0227733161778568,-0.4812489493418311,-0.2110332749562171,,,,,3.5783,0.3465612162199926
1995-07-31,-0.3288184915738097,-0.3243714214588001,,-0.2406200532593561,-0.24481573746674,-0.444253443672896,,-0.6200295255773102,-1.2647887323943665,,-0.4795692613927144,,,,-0.4425870451308746,,-0.4338865489727722,-0.2060857112059009,-0.0432004523607577,-0.2113771242351526,,-0.3789981786158682,-0.3325622759949757,,-0.4782312569541074,,,,-0.3907221472277783,,-0.0403103055259384,-0.2587532706934441,,,,-0.8859393650035808,,-1.260196905766526,,,,,-0.1299200615157874,,-0.2360299693798222,,,,-0.1233981865564371,,,,,-0.3288184915738097,-0.4470188924105917,-0.3147238156364074,-0.327587963434626,,,,-1.3119367228200935,,,,,-0.094618393489424,,-0.0924669760799714,-0.4842150490360163,-0.4633726623629743,-0.0514657366387029,,-0.3093538871443524,,-0.6252843678908028,-0.189604445897352,,,-0.061556614758807,,-0.345494923857868,,,,,0.3088529843770864,,-0.1979785969084423,0.0100432208259424,,,-0.429992225826341,,-0.5223097336826207,,-0.6520269275394754,-0.3251513273914494,-0.4442647801920161,-0.4189351700010932,-0.3589048909168686,,-0.3639113467894019,-0.478222391359147,-0.1222720046249458,,,,,,,-0.2938835666912306,-0.378774055050587,-0.0236109687000757,-0.4872215603583323,-0.276707530647986,,,,,3.3572,0.4352436554271414
1995-04-30,-0.3312740229657073,-0.3507191211544484,,-0.2613520252849587,-0.2444794582811743,-0.4504716949728035,,-0.6237859448830564,-1.267605633802817,,-0.4857370648927528,,,,-0.4233953739625792,,-0.4203172459911065,-0.2548237576802846,-0.0252728764304286,0.0292007536470256,,-0.361529722223892,-0.3442676984383861,,-0.4765198189049391,,,,-0.3878163240261595,,-0.0471634986580389,-0.2596140296085832,,,,-0.8607623139969762,,-1.2630098452883265,,,,,-0.1346939429376992,,-0.2410103433299341,,,,-0.1313643965624089,,,,,-0.3312740229657073,-0.4275125408670044,-0.3328553090777809,-0.3443332005816377,,,,-1.3209988724822574,,,,,0.4156609754741115,,-0.0930024991074616,-0.4645706663202754,-0.4447951626244283,-0.4663021962484683,,-0.3099248263393282,,-0.6267468313292168,-0.3053285387381497,,,0.0229036314800726,,-0.4219543147208122,,,,,-0.4686428984733164,,-0.119500594530321,-0.4177180403227821,,,-0.528643808808943,,-0.4967275644034098,,-0.6510610227988857,-0.3257232734378724,-0.5015462354724608,-0.4578277030720454,-0.359760444888065,,-0.4168269320536998,-0.4896954701803713,0.0,,,,,,,-0.4078113485630066,-0.3900816466457006,-0.0223714414238604,-0.5012035365458501,-0.6471103327495622,,,,,3.0686,0.5617281949891418
1995-01-31,-0.3364871393455977,-0.3489444056309073,,-0.3032395029832651,-0.2499008375547015,-0.4554862419525575,,-0.613309911430866,-1.2704225352112677,,-0.4900363191524529,,,,-0.4040858419682758,,-0.4364253383501591,-0.2474630037419732,-0.0577946486093151,-0.2113771242351526,,-0.3849372133423901,-0.3563116338596121,,-0.4871310314194962,,,,-0.3977000642255004,,-0.056619728666495,-0.2626609638214648,,,,-0.8386408848571656,,-1.2658227848101269,,,,,-0.1462174732603901,,-0.2428656165856346,,,,-0.1300090623888328,,,,,-0.3364871393455977,-0.4078863959669569,-0.3418207709896105,-0.3526132016930472,,,,-1.33090795201939,,,,,0.2713975863411378,,-0.3949482327740092,-0.3773200305756923,-0.4261035738393816,-0.3405834668677538,,-0.3279094109810638,,-0.6290217744556386,-0.5714285714285714,,,-0.0006893446568026,,-0.3941941624365482,,,,,-0.2091957092624738,,-0.1438763376932223,-0.2888050565868039,,,-0.5800069699487976,,-0.492597554419708,,-0.6659972082997132,-0.3437395739001954,-0.5625871652349671,-0.504263693014103,-0.38671039498075,,-0.4732154526952593,-0.4906428413547062,-0.1595606301488654,,,,,,,-0.4670596904937362,-0.3923975398348016,-0.0221713309496482,-0.5025020891347937,-0.1637478108581436,,,,,3.1466,-0.0947371766350981
1994-10-31,-0.3424256377198637,-0.385338119443976,,-0.3368892512454536,-0.2572460929996552,-0.4596379566320246,,-0.6203820697839983,-1.2732394366197184,,-0.4933774336881573,,,,-0.3183224475764867,,-0.4411717706644043,-0.2964936324858713,-0.0887739447619312,-0.2112789291829558,,-0.3969264894173374,-0.3636876534814872,,-0.492388438598267,,,,-0.4071448853839063,,-0.0720614728482664,-0.2347967504446619,,,,-0.838163443940479,,-1.2686357243319268,,,,,-0.160603196471386,,-0.2491593860352565,,,,-0.1388815112780865,,,,,-0.3424256377198637,-0.3207167635828196,-0.3558606442296121,-0.3655796463865297,,,,-1.33090795201939,,,,,0.027510520364088,,0.6113887897179578,-0.5153902647395321,-0.3430847776689706,-0.0474832689226128,,-0.3147778094966219,,-0.6603834904127397,-1.0715920235371037,,,-0.0419071868838205,,-0.5063451776649747,,,,,0.2938086972003382,,-0.0356718192627824,0.0395982711669623,,,-0.4714366136771841,,-0.5045609304468773,,-0.6509314502117334,-0.3305848148324675,-0.4825467407781708,-0.4463758609380124,-0.367032653643234,,-0.399275538211625,-0.4918902900490672,-0.172568290215349,,,,,,,-0.3883566691230656,-0.3915094831063331,-0.0227509898026348,-0.502969860423869,-0.1243432574430823,,,,,2.764,0.0425470332850942
1994-07-31,-0.3508179673719778,-0.3832823403759827,,-0.3437504963284927,-0.2673654022602551,-0.4658535448692769,,-0.6220840073335273,-1.2732394366197184,,-0.499695498953029,,,,-0.4540391887246476,,-0.4593950930001675,-0.3804647438365235,-0.0533377827834091,-0.0894188694067177,,-0.3889677019902979,-0.3747398052659554,,-0.5124881958602924,,,,-0.4152156212182422,,-0.0987536306481856,-0.2808816304144973,,,,-0.8137502984005729,,-1.2686357243319268,,,,,-0.1674169243174257,,-0.250299416959503,,,,-0.1437780986367784,,,,,-0.3508179673719778,-0.458658813546632,-0.3577459986361266,-0.3673208546739402,,,,-1.3699514192554418,,,,,-0.139740096027288,,-0.1144234202070689,-0.490949694992481,-0.4744583147146348,-0.1338250541992647,,-0.3730136073841469,,-0.6618459538511537,0.3249427917620137,,,-0.070114425002717,,-0.4876269035532995,,,,,0.1783949793029777,,-0.0535077288941736,-0.0548879506333225,,,-0.5393131919684744,,-0.5420552772823851,,-0.6845732055669095,-0.3889233115676088,-0.5091864578069732,-0.4811140264567617,-0.4542991587052616,,-0.423884832981683,-0.5003212036672692,0.0028905911258852,,,,,,,-0.4670596904937362,-0.3994394824068024,-0.0245676952234787,-0.5092263014152518,-0.6558669001751314,,,,,2.7463,-0.0179487179487179
1994-04-30,-0.3512656640716314,-0.3806804949930537,,-0.3505270346821115,-0.2641951975939574,-0.4711357296458792,,-0.6229106627147272,-1.276056338028169,,-0.5047354553240837,,,,-0.430015223690026,,-0.4467781569133558,-0.3832827730639523,-0.0312128922815945,0.0870867369170435,,-0.3673575503285103,-0.3880902820050658,,-0.5129968815196205,,,,-0.4180229115739368,,-0.0940328688554726,-0.2947451810831089,,,,-0.7776875944935148,,-1.2714486638537272,,,,,-0.1659003892795924,,-0.2507051445256958,,,,-0.1465756886530199,,,,,-0.3512656640716314,-0.4342409343881804,-0.3661899795418989,-0.375119244982449,,,,-1.375879928380222,,,,,0.4986003744693473,,0.0510531952873973,-0.5035596700623005,-0.4512031640695563,-0.3900461871995475,,-0.3651156151869826,,-0.6633084172895678,0.1575678326250408,,,0.0376841745718766,,-0.3868972081218274,,,,,-0.2776516668892153,,-0.1629013079667063,-0.3423938841282135,,,-0.5863871538482159,,-0.506045686102175,,-0.6766574984245152,-0.3810113912587579,-0.5673168266801415,-0.5181480266754127,-0.4424639954370455,,-0.4775846294602013,-0.5091223278657331,-0.1589825119236884,,,,,,,-0.4744288872512896,-0.4084619403196111,-0.0228229303450169,-0.52112157911791,-0.1654991243432574,,,,,2.3548,0.1224814644158671
1994-01-31,-0.3587257645200365,-0.4161828358508596,,-0.3983863368045445,-0.2743394533816763,-0.4751276605660339,,-0.6148720469673981,-1.2788732394366198,,-0.5083275953963331,,,,-0.4424102538918626,,-0.4705026174045691,-0.3616316851198817,-0.0665748967588537,-0.1625250857672409,,-0.3979183322613415,-0.3966718829338979,,-0.5235828822084966,,,,-0.4257478866943932,,-0.0930769513585058,-0.318549354621247,,,,-0.7624094851595449,,-1.2742616033755274,,,,,-0.1644692928354399,,-0.2561747514918657,,,,-0.1480630149907686,,,,,-0.3587257645200365,-0.4468392023759016,-0.3905993020177303,-0.3976623352566893,,,,-1.3817237445175052,,,,,0.1127115659121665,,-0.0621206711888611,-0.4908297903166982,-0.4632015287932231,-0.250683382034122,,-0.3820534779712627,,-0.6719207019824505,0.3092513893429225,,,-0.0269713859864304,,-0.3477157360406091,,,,,-0.0415275737748698,,-0.1153388822829964,-0.2008144502460838,,,-0.6317990510146637,,-0.5230777107457057,,-0.698696617566509,-0.3979791239693055,-0.6026073774633653,-0.5468732917896578,-0.4678454299158705,,-0.5101854099370764,-0.5139051726293661,-0.16649804885099,,,,,,,-0.52689756816507,-0.4134558950842835,-0.0236481793254457,-0.5249733833263899,-0.1427320490367775,,,,,2.3701,0.1306273996877769
1993-10-31,-0.3602031636288934,-0.4140306921390542,,-0.3975816228750523,-0.2744482202399157,-0.478453825822387,,-0.4211976321793842,,,-0.5110676628727044,,,,-0.4296616412120022,,-0.4642159690878648,,-0.0682656877876499,-0.1077567954044715,,-0.3973382544768179,-0.4071420299494903,,-0.5258193194512571,,,,-0.4302338184433781,,-0.0885326666421559,-0.2979216100000381,,,,-0.7336675419750139,,,,,,,-0.026614121931553,,-0.2571722785505814,,,,-0.152180526648735,,,,,-0.3602031636288934,-0.4338815543188,-0.4124012194632757,-0.4177973715164257,,,,-1.3817237445175052,,,,,0.370761729974232,,-0.3801320956801142,,-0.5630484593225012,-0.2824252992742011,,-0.3801503473213436,,-0.677283067923302,0.2458319712324289,,,0.0155257805586175,,-0.5011104060913706,,,,,-0.0548359816619931,,0.2984542211652794,-0.2103080420716016,,,-0.5875130686539957,,-0.4867609287402616,,-0.6393641519768654,-0.3960726371478957,-0.5699039919151087,-0.5242155898108669,-0.464993583345216,,-0.4799746064940157,-0.5213185820129971,-0.1714120537649949,,,,,,,-0.6075165806927045,-0.4190511485947122,-0.0201520343462341,-0.5379783996862034,-0.12784588441331,,,,,2.1133,0.2680168456915723
1993-07-31,-0.3778843497417952,-0.5778505866197692,,-0.437817319349664,-0.2977981696234122,-0.4888397701776928,,-0.4342660812204107,,,-0.5119515556070178,,,,-0.3471590630064332,,-0.4981007211419674,,-0.1224006637096363,,,-0.4285963319848278,-0.4178319134594541,,-0.5376837080070163,,,,-0.4490446344834505,,-0.0855913820361042,-0.3283909521288548,,,,-0.7050210869738204,,,,,,,-0.0437018406677026,,-0.278230174603542,,,,-0.1685990641433628,,,,,-0.3778843497417952,-0.3500262047967256,-0.4364695735889927,-0.4400255624195386,,,,-0.6874953260057525,,,,,0.0778599632945887,,-0.1123705819350232,-0.5005820372803621,-0.5060039360721043,-0.2682863606371948,,-0.4182129603197259,,-0.709782255443614,-0.4079764628963713,,,-0.0341567172289586,,-0.5804251269035533,,,,,-0.0325811189744959,,-0.2366230677764565,-0.182826592050366,,,-0.5821515695788543,,-0.5516123251785546,,-0.6900152542273057,-0.4342023735760926,-0.5739464375947448,-0.5378812725483765,-0.522030514758306,,-0.4837089456093508,-0.5361499996694549,-0.2292238762826998,,,,,,,-0.4748710390567428,-0.4319502966059861,-0.0236250260474377,-0.5485763429543168,0.0472854640980735,,,,,2.1772,-0.1014545620354748
1993-04-30,-0.3798678161326655,-0.5939113605884667,,-0.4484056605271935,-0.2980975279488416,-0.4931006704260234,,-0.4366974205768808,,,-0.5160174621848591,,,,-0.3255512449049747,,-0.4973306131407379,,-0.1216590886970063,-0.1961323423815982,,-0.4246890722963266,-0.4261462673005372,,-0.5405015002890091,,,,-0.4520901951756527,,-0.097356520460311,-0.3299144192352957,,,,-0.689106389750935,,,,,,,-0.0394299109836652,,-0.2796824432968496,,,,-0.1695648604665762,,,,,-0.3798678161326655,-0.3280640894457061,-0.4364695735889927,-0.4400255624195386,,,,-0.6980819494428598,,,,,0.1260589881912389,,0.1018386290610496,-0.4066567079172058,-0.4603683174717867,-0.2423649731360166,,-0.4086973070701303,,-0.693532661683458,-0.6041189931350115,,,-0.0409880606747504,,-0.5011104060913706,,,,,0.0742422219254907,,-0.1771700356718192,-0.1678367102206011,,,-0.6464895584805511,,-0.5601454036572774,,-0.707684243384436,-0.4246699394690434,-0.6143708943911066,-0.5624795014758938,-0.5077712819050335,,-0.5210523367627015,-0.5390243054168303,-0.1714120537649949,,,,,,,-0.5485630066322771,-0.4354231441474829,-0.0240384774404381,-0.5510126517515842,-0.12784588441331,,,,,2.666,-0.1006001500375093
1993-01-31,-0.3817946120552253,-0.598729592779076,,-0.4822883522952876,-0.29899560292513,-0.4964294987450317,,-0.4257563934727655,,,-0.5188459189346618,,,,-0.3491234101065658,,-0.491169749130901,,-0.1172096386212266,-0.1961323423815982,,-0.4246890722963266,-0.4279279145521978,,-0.5443574265696308,,,,-0.4497612369992628,,-0.1135335857935953,-0.3390552218739407,,,,-0.7082040264183974,,,,,,,-0.0372939461416465,,-0.2804085776435034,,,,-0.1748767402442499,,,,,-0.3817946120552253,-0.3520227607377274,-0.444492358297565,-0.4474349593872428,,,,-0.6753963398909137,,,,,0.1297666054909812,,0.3071224562656194,-0.4766011021238115,-0.3709985643794982,-0.1386794231313036,,-0.4277286135693215,,-0.693532661683458,-0.4079764628963713,,,-0.0546507475663338,,-0.5169733502538071,,,,,0.2389282058129701,,-0.0582639714625445,-0.0554125964973642,,,-0.6732970538562583,,-0.5396660153083428,,-0.7041504455530099,-0.4437348076831419,-0.6467104598281961,-0.5898108669509129,-0.5362897476115785,,-0.550927049685382,-0.5398291110260955,-0.2581297875415522,,,,,,,-0.5780397936624908,-0.436911507379553,-0.0231288843758372,-0.553205329669125,0.1348511383537653,,,,,2.1796,0.1299505522436342
1992-10-31,-0.3838914193827169,-0.6163964441446433,,-0.4907590252373112,-0.3003926084438007,-0.4994920207985193,,-0.4360895857377633,,,-0.5209672614970138,,,,-0.415911211511074,,-0.494506883802896,,-0.1042320759002025,-0.193677466076678,,-0.4243885138587495,-0.4386177980621616,,-0.5453955605682598,,,,-0.442774362470093,,-0.1252987242178021,-0.3238205508095323,,,,-0.6859234503063579,,,,,,,-0.0415658758256839,,-0.2831315814434552,,,,-0.1750377062981188,,,,,-0.3838914193827169,-0.4199056627317876,-0.4525151430061374,-0.4548443563549472,,,,-0.6753963398909137,,,,,0.0,,0.0750624776865405,,-0.4660727697968264,-0.1834527288151569,,-0.4277286135693215,,-0.709782255443614,-0.0156914024190912,,,-0.0471983728981974,,-0.5486992385786802,,,,,-0.0014243112119998,,1.0713436385255648,-0.0978839283483648,,,-0.5446210760528644,,-0.4816410816530279,,-0.634652421534964,-0.4437348076831419,-0.5456493178372915,-0.5214824532633651,-0.5362897476115785,,-0.4575685718020053,-0.5391392776467254,-0.2292238762826998,,,,,,,-0.4306558585114222,-0.4338355566999415,-0.0203174149034342,-0.5566161619852993,0.0472854640980735,,,,,2.2435,-0.0074365897923951
1992-07-31,-0.3844581240658227,-0.6188055602399479,,-0.5119357075923701,-0.2977981696234122,-0.5042855335778913,,-0.4366974205768808,,,-0.5259170608091684,,,,-0.4355546825123999,,-0.4916831544650541,,-0.1005242008370528,-0.1961323423815982,,-0.4243885138587495,-0.4415872101482627,,-0.5491031819919344,,,,-0.4433118143569522,,-0.1282400088238538,-0.3131562810644465,,,,-0.6954722686400892,,,,,,,-0.0212742098265062,,-0.2817700795434793,,,,-0.1726232154900853,,,,,-0.3844581240658227,-0.4398712221418054,-0.4545208391832805,-0.4566967055968732,,,,-0.7298418197541819,,,,,-0.0519066421963924,,-0.0409675116029989,,-0.4907920632053317,-0.1928786879064944,,-0.4277286135693215,,-0.693532661683458,,,,-0.0540297163439892,,-0.6280139593908629,,,,,0.1053990296879868,,-0.2366230677764565,-0.0953856147100707,,,-0.5875130686539957,,-0.5430792466998319,,-0.6864814563958795,-0.4437348076831419,-0.577988883274381,-0.5433475456433804,-0.5362897476115785,,-0.4911776238400209,-0.5345403884509246,-0.2292238762826998,,,,,,,-0.4748710390567428,-0.43075960602033,-0.0232115746544373,-0.5474800039955464,0.1348511383537653,,,,,1.9798,0.1325891504192343
1992-04-30,-0.3839480898510275,-0.6163964441446433,,-0.5055827028858524,-0.2940062975013059,-0.5081469744279409,,-0.4397365947724684,,,-0.5298061888401471,,,,-0.425732947011737,,-0.4862923984564468,,-0.0949623882423281,-0.1961323423815982,,-0.4183773451072092,-0.4481199167376851,,-0.5470269139946766,,,,-0.4422369105832338,,-0.1282400088238538,-0.2895425409146134,,,,-0.6827405108617809,,,,,,,-0.0319540340365997,,-0.282223913510138,,,,-0.169886792574314,,,,,-0.3839480898510275,-0.4298884424367965,-0.4505094468289943,-0.452992007113021,,,,-0.7323328099024397,,,,,0.2632408282817047,,-0.0141913602284898,-0.4845947471759951,-0.485087610880292,-0.3766848901875765,,-0.4277286135693215,,-0.709782255443614,0.1804511278195488,,,-0.0043472185564129,,-0.6280139593908629,,,,,-0.2284239106244714,,-0.2960760998810939,-0.2902540784970145,,,-0.6464895584805511,,-0.5447858623955765,,-0.6970828498901578,-0.4437348076831419,-0.6103284487114704,-0.5652126380233956,-0.5362897476115785,,-0.5210523367627015,-0.5359200552096648,-0.1425061425061425,,,,,,,-0.563301400147384,-0.4327440903297568,-0.0232942649330374,-0.5488199738340435,-0.12784588441331,,,,,2.1425,-0.0362193698949824
1992-01-31,-0.3857048743686556,-0.6188055602399479,,-0.4907590252373112,-0.2942058697182589,-0.5120084152779905,,-0.4300112373465882,,,-0.5329882026836751,,,,-0.4237685999116043,,-0.4847521824539876,,-0.0986702633054779,-0.193677466076678,,-0.4210823710454023,-0.4570281529959883,,-0.5504379257044574,,,,-0.4481488813386851,,-0.1252987242178021,-0.3101093468515647,,,,-0.6700087530834726,,,,,,,-0.0404978934046745,,-0.2829500478567918,,,,-0.1711745210052652,,,,,-0.3857048743686556,-0.4278918864957947,-0.444492358297565,-0.4474349593872428,,,,-0.7591586361481697,,,,,0.4115455202713975,,-0.0498928953945019,-0.4746026908607657,-0.4451564446050142,-0.4685879913281176,,-0.4086973070701303,,-0.709782255443614,-0.1464530892448512,,,0.022978155226754,,-0.4535215736040609,,,,,-0.2417768282369697,-2.4554126918291166,-0.4744351961950059,-0.4151697604117221,,,-0.7001045492319653,,-0.5362527839168537,,-0.7053283781634853,-0.4246699394690434,-0.6669226882263769,-0.5980102765934187,-0.5077712819050335,,-0.5695987452620572,-0.5417836389343109,-0.2581297875415522,,,,,,,-0.6075165806927045,-0.4390944401199224,-0.0227981232614368,-0.5557634539062557,0.1348511383537653,,,,,2.2964,-0.0369273645706324
1991-10-31,-0.3921653077560619,-0.6308511407164711,,-0.5182887122988877,-0.303785336132001,-0.5144051716676764,,-0.4357856683182046,,,-0.5349327666991645,,,,-0.4139468644109414,,-0.4903996411296714,,-0.126479326279101,-0.193677466076678,,-0.4421214616757936,-0.4665302716715117,,-0.5633404482588453,,,,-0.4614060278812124,,-0.1326519357329313,-0.312394547511226,,,,-0.641362298082279,,,,,,,-0.0554496472988054,,-0.2854007512767484,,,,-0.1830860089915637,,,,,-0.3921653077560619,-0.4179091067907859,-0.4404809659432789,-0.4437302609033907,,,,-0.7591586361481697,,,,,-0.5561425949613481,,-0.2016244198500535,,-0.5250187771555699,-0.232939014044679,,-0.3896660005709392,,,0.1804511278195488,,,-0.14656336847335,,-0.659739847715736,,,,,0.4659278052254417,,-4.933412604042807,-0.1328603192844829,,,-0.5821515695788543,,-0.4987072386104735,,-0.6499655454711436,-0.4056050712549449,-0.5739464375947448,-0.5296818629058708,-0.4792528161984885,,-0.4837089456093508,-0.5283318880365934,-0.2292238762826998,,,,,,,-0.5190862196020634,-0.4252030499539351,-0.0208135565750348,-0.5444346179989621,0.0472854640980735,,,,,2.0541,0.0766759164597632
1991-07-31,-0.3899551594919492,-0.612381250652469,,-0.5797010911285584,-0.296301377996265,-0.5191986844470483,,-0.4743831806021668,,,-0.5397057874644564,,,,-0.3707312282080243,,-0.5058018011542635,,-0.0556589125729408,0.059174793330101,,-0.3781025144718887,-0.4599975650820894,,-0.5648234968283152,,,,-0.4635558354286492,,-0.1194161550056987,-0.3398169554271611,,,,-0.7050210869738204,,,,,,,-0.0426338582466932,,-0.2809531784034938,,,,-0.1613555917192623,,,,,-0.3899551594919492,-0.3739848760887469,-0.4124012194632757,-0.4177973715164257,,,,-0.7454431573274721,,,,,0.0556142594961348,,-0.0141913602284898,-0.4706058683346739,-0.485087610880292,-0.2682863606371948,,-0.4182129603197259,,,0.1804511278195488,,,-0.0422301231194398,,-0.5962880710659898,,,,,0.0386344416254951,,-0.4149821640903686,-0.1803282784120718,,,-0.6089590649545613,,-0.5499057094828101,,-0.6935490520587317,-0.4342023735760926,-0.5901162203132896,-0.5488138187383842,-0.522030514758306,,-0.498646302070691,-0.5402889999456756,-0.2003179650238473,,,,,,,-0.5043478260869565,-0.4359192652248396,-0.0235423357688376,-0.5530835142292615,-0.0402802101576182,,,,,1.9939,0.1091830081749334
1991-04-30,-0.3896151366820857,-0.6099721345571643,,-0.5945247687770996,-0.2930084364165411,-0.5227938190315773,,-0.4692165844696679,,,-0.5434181369485724,,,,-0.3726955753081569,,-0.4970739104736613,,-0.0489847374592713,0.1009076905137442,,-0.3729930210330794,-0.4665302716715117,,-0.5643785822574743,,,,-0.4617643291391185,,-0.1179455127026729,-0.3398169554271611,,,,-0.689106389750935,,,,,,,-0.0458378055097213,,-0.2806808780234986,,,,-0.1615165577731312,,,,,-0.3896151366820857,-0.3759814320297487,-0.4063841309318464,-0.4122403237906475,,,,-0.8039481838139336,,,,,0.2298722725840238,,0.2357193859335951,-0.4845947471759951,-0.4318460558465882,-0.2400084833631822,,-0.4277286135693215,,-0.709782255443614,-0.6694998365478915,,,-0.0074523746681364,,-0.4217956852791878,,,,,0.1543597276004807,,-0.2960760998810939,-0.1778299647737777,,,-0.6625740557059754,,-0.5516123251785546,,-0.7041504455530099,-0.4437348076831419,-0.6184133400707428,-0.5706789111183995,-0.5362897476115785,,-0.5285210149933716,-0.547877167118747,-0.11360023124729,,,,,,,-0.563301400147384,-0.4432618571697185,-0.0236250260474377,-0.5610015178203807,-0.2154115586690017,,,,,1.8452,0.1985692607847387
1991-01-31,-0.3923353191609937,-0.6188055602399479,,-0.6644078205487938,-0.2956028752369296,-0.5257231879523045,,-0.4777262722173131,,,-0.5462465936983751,,,,-0.4237685999116043,,-0.5037481798176513,,-0.0500970999782162,0.0419906591956597,,-0.3817092157228129,-0.4712813310092735,,-0.5655650211130502,,,,-0.4504778395150751,,-0.135593220338983,-0.3200118830434302,,,,-0.6827405108617809,,,,,,,-0.0682654363509176,,-0.2843115497567677,,,,-0.1615165577731312,,,,,-0.3923353191609937,-0.4278918864957947,-0.4224297003489911,-0.4270591177260561,,,,-0.8568813009994705,,,,,0.4337912240698515,,0.0304355587290253,-0.4925883922281786,-0.4451564446050142,-0.4544490526911113,,-0.4182129603197259,,-0.72603184920377,-0.2118339326577313,,,0.0267043425608222,,-0.5169733502538071,,,,,-0.3307962789869586,,,-0.3901866240287805,,,-0.7269120446076723,,-0.5516123251785546,,-0.7182856368787142,-0.4342023735760926,-0.6709651339060131,-0.6034765496884225,-0.522030514758306,,-0.5733330843773923,-0.5500616394867525,-0.1425061425061425,,,,,,,-0.6369933677229181,-0.44633780784933,-0.0236250260474377,-0.5633160111777847,-0.2154115586690017,,,,,1.7948,0.024793848896813
1990-10-31,-0.3978323545871202,-0.6196085989383828,,-0.641113469958229,-0.303785336132001,-0.5277204849437095,,-0.4676969973718741,,,-0.5478376006201392,,,,-0.4316259883121348,,-0.5255679065191567,,-0.0801308879897291,-0.166673826722556,,-0.4072566829168595,-0.4790018024331363,,-0.5769844950979683,,,,-0.4646307392023676,,-0.1429464318541123,-0.3451490902997041,,,,-0.6604599347497414,,,,,,,-0.0853531550870672,,-0.2861268856234022,,,,-0.1610336596115245,,,,,-0.3978323545871202,-0.4358781102598018,-0.4284467888804203,-0.4326161654518343,,,,-0.8568813009994705,,,,,-0.0370761729974232,,-0.0409675116029989,,-0.4907920632053317,-0.2188000754076727,,-0.3991816538205348,,-0.72603184920377,1.8149722131415496,,,-0.052166622676955,,-0.6914657360406091,,,,,0.4614768326879423,,0.5362663495838288,-0.0878906737951882,,,-1.0271559928155911,,-0.5294263211338754,,-0.7524456825824994,-0.4151375053619942,-0.8488327438100051,-0.7182682846835028,-0.493512049051761,,-0.7376440054521352,-0.5463825281301118,0.2043647926000867,,,,,,,-1.462343404568902,-0.447528498434986,-0.0223846718684364,-0.5612451487001074,-1.266199649737303,,,,,1.6752,-0.0701408787010505
1990-07-31,-0.3991357753582636,-0.6324572181133409,,-0.696172844081382,-0.3030868333726657,-0.5317150789265195,,-0.4804615289933419,,,-0.5517267286511178,,,,-0.425732947011737,,-0.5268514198545394,,-0.0693780503065949,-0.08811778496511,,-0.3976388129143949,-0.4879100386914395,,-0.5786158485243852,,,,-0.4635558354286492,,-0.1341225780359572,-0.341340422533602,,,,-0.6381793586377019,,,,,,,-0.0853531550870672,,-0.2872160871433829,,,,-0.1591020669650977,,,,,-0.3991357753582636,-0.4298884424367965,-0.420424004171848,-0.4252067684841299,,,,-0.8098296459841592,,,,,0.1445970746899505,,-0.1391467333095323,-0.5105740935955915,-0.5117083883971439,-0.3154161560938825,,-0.4277286135693215,,-0.72603184920377,-0.0156914024190912,,,-0.0217360927820646,,-0.5328362944162437,,,,,-0.0370320915119953,,-0.4149821640903686,-0.2402878057311314,,,-0.630405061255127,,-0.5720917135274893,,-0.7147518390472881,-0.4437348076831419,-0.6062860030318342,-0.5624795014758938,-0.5362897476115785,,-0.5173179976473664,-0.5563851121309786,-0.2003179650238473,,,,,,,-0.5190862196020634,-0.4503067764681835,-0.0246173093906388,-0.5685540750919097,0.0472854640980735,,,,,2.1621,-0.1110956940012026
1990-04-30,-0.4001558437878541,-0.6332602568117758,,-0.6855845029038525,-0.3024881167218068,-0.5349107541127673,,-0.4692165844696679,,,-0.5550855210415084,,,,-0.3943033934096154,,-0.5245410958508506,,-0.0771645879392093,-0.1028470427946311,,-0.39914160510228,-0.4926610980292012,,-0.5796539825230141,,,,-0.468213751781429,,-0.1370638626420089,-0.3580985607044512,,,,-0.6286305403039707,,,,,,,-0.0917610496131233,,-0.2882145218700319,,,,-0.1595849651267044,,,,,-0.4001558437878541,-0.3979435473807681,-0.4284467888804203,-0.4326161654518343,,,,-0.7963863280787827,,,,,0.2113341860853122,,0.0572117101035344,-0.468607457071628,-0.4698757380135195,-0.3460505231407296,,-0.4086973070701303,,,-0.2772147760706113,,,-0.0167678430033069,,-0.5645621827411168,,,,,-0.0815418168869898,,-0.2960760998810939,-0.2677692557523671,,,-0.684020052006541,,-0.5601454036572774,,-0.7159297716577635,-0.4246699394690434,-0.6467104598281961,-0.5843445938559091,-0.5077712819050335,,-0.550927049685382,-0.5659278072122654,-0.2003179650238473,,,,,,,-0.5780397936624908,-0.4594354042915465,-0.0239557871618381,-0.5796392801194766,-0.0402802101576182,,,,,2.1985,-0.0526267909938594
1990-01-31,-0.4024226625202774,-0.631654179414906,,-0.7025258487878997,-0.3044838388913364,-0.537573816767974,,-0.4655695754349628,,,-0.5572068636038605,,,,-0.4080538231105436,,-0.5281349331899221,,-0.0830971880402489,-0.1593091978077954,,-0.4060544491665515,-0.4997876870358437,,-0.5860310913717347,,,,-0.4723342162473496,,-0.1444170741571381,-0.3603837613641124,,,,-0.6158987825256624,,,,,,,-0.0971009617181701,,-0.2879422214900367,,,,-0.1605507614499178,,,,,-0.4024226625202774,-0.4119194389677806,-0.4164126118175619,-0.4215020700002778,,,,-0.788110595152021,,,,,0.2298722725840238,,0.0215101749375223,-0.4746026908607657,-0.4299445717382417,-0.3861108492789141,,-0.4182129603197259,,,-1.1271657404380515,,,-0.0136626868915834,,-0.167988578680203,,,,,-0.1394044598744825,,-1.96076099881094,-0.3726984285607215,,,-0.6679355547811168,,-0.5686784821360003,,-0.7359546260358445,-0.4342023735760926,-0.7477716018191005,-0.6554061440909588,-0.522030514758306,,-0.5920047799540676,-0.5647780849133153,0.2621766151177916,,,,,,,-0.651731761238025,-0.4595346285070179,-0.0244519288334386,-0.5776902330816627,1.7110332749562172,,,,,1.9263,0.0812438353319837
1989-10-31,-0.4044627993794584,-0.644502798589864,,-0.7300555358494761,-0.3052821277591482,-0.5413021044852633,,-0.4330504115421758,,,-0.5609192130879765,,,,-0.4139468644109414,,-0.5327555811972997,,-0.0927376632044383,,,-0.414770643856285,-0.5069142760424864,,-0.5924082002204552,,,,-0.4735882706500212,,-0.173829920217655,,,,,-0.5999840853027771,,,,,,,-0.0597215769828428,,-0.2873068539367147,,,,-0.1589411009112288,,,,,-0.4044627993794584,-0.4179091067907859,-0.4404809659432789,-0.4437302609033907,,,,-0.788110595152021,,,,,,,,,,,,,,,,,,,,,,,,,,,,,,,,,,,0.909617230798226,,,-13.211435443314748,,,-17.736355658457345,-0.0352159940168451,,,,,,,,,-0.4580462652749478,-0.5573080841323971,,,,,,,1.884,0.1055201698513802
1989-07-31,,,,,,,,,,,,,,,,,,,,,,,,,,,,,,,,,,,,,,,,,,,,,,,,,,,,,,,,,,,,,-0.8125021755511164,,,,,,,,,,,,,,,,,,,,,,,,,,,,,,,,,,,0.8872365111991943,,,3.725811741554608,,,5.405343839274044,,,,,,,,,,-0.4599315253689032,,,,,,,,2.0125,-0.0319006211180125
1989-04-30,,,,,,,,,,,,,,,,,,,,,,,,,,,,,,,,,,,,,,,,,,,,,,,,,,,,,,,,,,,,,-0.8219877901507645,,,,,,,,,,,,,,,,,,,,,,,,,,,,,,,,,,,0.7977136328030673,,,3.5180933639444625,,,5.12153406650858,,,,,,,,,,-0.4674725657447248,,,,,,,,1.9411,0.0037092370305496
1989-01-31,,,,,,,,,,,,,,,,,,,,,,,,,,,,,,,,,,,,,,,,,,,,,,,,,,,,,,,,,,,,,-0.8307958608504379,,,,,,,,,,,,,,,,,,,,,,,,,,,,,,,,,,,0.7470625305526271,,,3.4005684924018804,,,4.960957484549172,,,,,,,,,,-0.4717392070099924,,,,,,,,1.6914,0.0759134444838595
1988-10-31,-0.4146634836753632,-0.677427385225694,,-0.734290872320488,-0.3157596691491787,-0.5512885894422881,,-0.4263642283118831,,,-0.5701116975248351,,,,-0.3943033934096154,,-0.5265947171874629,,-0.1179512136338566,-0.2231359817357203,,-0.432203033235752,-0.5395778089895982,,-0.608276819913783,,,,-0.4936531410927651,,-0.1782418471267326,,,,,-0.498130023076311,,,,,,,-0.1045768386652355,,-0.2939328298499307,,,,-0.1797057218603168,,,,,-0.4146634836753632,-0.3979435473807681,-0.420424004171848,-0.4252067684841299,,,,-0.8307958608504379,,,,,,,,,,,,,,,,,,,,,,,,,,,,,,,,,,,0.7647315197097574,,,-12.074450639553952,,,-16.182870586477957,-0.0971860259302618,,,,,,,,,-0.4702508437779223,-0.5127380239669503,,,,,,,1.5629,0.1643739202764093
1988-07-31,,,,,,,,,,,,,,,,,,,,,,,,,,,,,,,,,,,,,,,,,,,,,,,,,,,,,,,,,,,,,-0.8633179680492317,,,,,,,,,,,,,,,,,,,,,,,,,,,,,,,,,,,0.6975893609126622,,,3.2857767574068,,,4.804115241705099,,,,,,,,,,-0.4759066240597885,,,,,,,,1.4344,0.0
1988-04-30,,,,,,,,,,,,,,,,,,,,,,,,,,,,,,,,,,,,,,,,,,,,,,,,,,,,,,,,,,,,,-0.8162286670009781,,,,,,,,,,,,,,,,,,,,,,,,,,,,,,,,,,,0.6280913368946163,,,3.124521701104188,,,4.5837892339003306,,,,,,,,,,-0.4817608527725974,,,,,,,,1.3417,0.0740658362989324
1988-01-31,,,,,,,,,,,,,,,,,,,,,,,,,,,,,,,,,,,,,,,,,,,,,,,,,,,,,,,,,,,,,-0.8348611242502871,,,,,,,,,,,,,,,,,,,,,,,,,,,,,,,,,,,0.5833298976965527,,,3.0206625122991144,,,4.441884347517598,,,,,,,,,,-0.4855313729605082,,,,,,,,1.1347,0.2767251255838548
1987-10-31,-0.4258842364008585,-0.6942911978928265,,-0.7469968817335232,-0.3447974267158346,-0.5389053480955773,,-0.4196780450815904,,,-0.5554390781352339,,,,-0.4512694593134607,,-0.5209472585117791,,-0.1249961762538411,-0.2231359817357203,,-0.4466298382394489,-0.5342328672346163,,-0.6262217076043686,,,,-0.5097766976985414,,-0.1723592779146292,,,,,-0.4949470836317339,,,,,,,-0.2252588522392921,,-0.3009218729364736,,,,-0.2300880967212824,,,,,-0.4258842364008585,-0.4558436696698195,-0.3060993220746921,-0.3196228616943438,,,,-0.8348611242502871,,,,,,,,,,,,,,,,,,,,,,,,,,,,,,,,,,,0.5833298976965527,,,-11.12878539411829,,,-14.890789252572024,-0.1546721408777727,,,,,,,,,-0.4855313729605082,-0.471392884666907,,,,,,,1.0134,-0.0902987253089424
1987-07-31,,,,,,,,,,,,,,,,,,,,,,,,,,,,,,,,,,,,,,,,,,,,,,,,,,,,,,,,,,,,,-0.8392651596001237,,,,,,,,,,,,,,,,,,,,,,,,,,,,,,,,,,,0.5680167737603732,,,2.985131737181589,,,4.3933379390182425,,,,,,,,,,-0.4868212877616356,,,,,,,,1.3559,-0.1052437495390515
1987-04-30,,,,,,,,,,,,,,,,,,,,,,,,,,,,,,,,,,,,,,,,,,,,,,,,,,,,,,,,,,,,,-0.8595914765993699,,,,,,,,,,,,,,,,,,,,,,,,,,,,,,,,,,,0.4808497605851969,,,2.782879632666448,,,4.116996844483448,,,,,,,,,,-0.4941638797065146,,,,,,,,1.413,-0.0656050955414012
1987-01-31,,,,,,,,,,,,,,,,,,,,,,,,,,,,,,,,,,,,,,,,,,,,,,,,,,,,,,,,,,,,,-0.8595914765993699,,,,,,,,,,,,,,,,,,,,,,,,,,,,,,,,,,,0.4137076017881017,,,2.6270908494588388,,,3.9041395149093487,,,,,,,,,,-0.4998196599883808,,,,,,,,1.3488,-0.0159499142878436
1986-10-31,-0.4316079537002273,-0.7288218619255262,,-0.7300555358494761,-0.3518822404176647,-0.5428999420783872,,-0.4534128786526125,,,-0.5573836421507231,,,,-0.4198399057113391,,-0.5450773092169734,,-0.1153557010896517,-0.1814030845520771,,-0.4340063838612141,-0.5769924012744717,,-0.6367513524476048,,,,-0.5282292124807078,,-0.1605941394904224,,,,,-0.3262512930691493,,,,,,,-0.1964233268720397,,-0.3036448767364255,,,,-0.2263858774822977,,,,,-0.4316079537002273,-0.4238987746137912,-0.3341790685546953,-0.3455557510813088,,,,-0.8595914765993699,,,,,,,,,,,,,,,,,,,,,,,,,,,,,,,,,,,0.4349103887766581,,,-10.22685033344266,,,-13.658457344511454,-0.2070994777099026,,,,,,,,,-0.4980336241098967,-0.4336861176252675,,,,,,,1.3417,-0.0904822240441231
1986-07-31,,,,,,,,,,,,,,,,,,,,,,,,,,,,,,,,,,,,,,,,,,,,,,,,,,,,,,,,,,,,,-0.8714484948489302,,,,,,,,,,,,,,,,,,,,,,,,,,,,,,,,,,,0.411351736567151,,,2.621624576363835,,,3.896670836678679,,,,,,,,,,-0.5000181084193235,,,,,,,,1.4987,-0.0476412891172348
1986-04-30,,,,,,,,,,,,,,,,,,,,,,,,,,,,,,,,,,,,,,,,,,,,,,,,,,,,,,,,,,,,,-0.8877095484483271,,,,,,,,,,,,,,,,,,,,,,,,,,,,,,,,,,,0.3442095777700558,,,2.4658357931562263,,,3.68381350710458,,,,,,,,,,-0.5056738887011898,,,,,,,,1.5344,-0.0697992700729926
1986-01-31,,,,,,,,,,,,,,,,,,,,,,,,,,,,,,,,,,,,,,,,,,,,,,,,,,,,,,,,,,,,,-0.8877095484483271,,,,,,,,,,,,,,,,,,,,,,,,,,,,,,,,,,,0.3359640494967283,,,2.446703837323713,,,3.6576731332972345,,,,,,,,,,-0.5063684582094891,,,,,,,,1.2632,0.1525490816972766
1985-10-31,-0.4358582388235211,-0.7392613650051796,,-0.734290872320488,-0.355274968105865,-0.5483592205215608,,-0.4719518412456967,,,-0.5614495487285645,,,,-0.3923390463094829,,-0.5455907145511265,,-0.111277038520187,-0.0365653825617861,,-0.4264924229217887,-0.5983721682943994,,-0.6441665952949542,,,,-0.5384407983310328,,-0.1679473510055516,,,,,-0.2689583830667622,,,,,,,-0.1996272741350677,,-0.3059140465697186,,,,-0.2315367912061025,,,,,-0.4358582388235211,-0.3959469914397664,-0.3522303341489831,-0.3622268942586435,,,,-0.8877095484483271,,,,,,,,,,,,,,,,,,,,,,,,,,,,,,,,,,,0.3135833298976965,,,-8.90127910790423,,,-11.84730287357395,-0.2747031488881754,,,,,,,,,-0.5082537183034446,-0.3850642338084165,,,,,,,1.3131,-0.0325946234102505
