,totalAssets,intangibleAssets,earningAssets,otherCurrentAssets,totalLiab,totalStockholderEquity,deferredLongTermLiab,otherCurrentLiab,commonStock,capitalStock,retainedEarnings,otherLiab,goodWill,otherAssets,cash,cashAndEquivalents,totalCurrentLiabilities,currentDeferredRevenue,netDebt,shortTermDebt,shortLongTermDebt,shortLongTermDebtTotal,otherStockholderEquity,propertyPlantEquipment,totalCurrentAssets,longTermInvestments,netTangibleAssets,shortTermInvestments,netReceivables,longTermDebt,inventory,accountsPayable,totalPermanentEquity,noncontrollingInterestInConsolidatedEntity,temporaryEquityRedeemableNoncontrollingInterests,accumulatedOtherComprehensiveIncome,additionalPaidInCapital,commonStockTotalEquity,preferredStockTotalEquity,retainedEarningsTotalEquity,treasuryStock,accumulatedAmortization,nonCurrrentAssetsOther,deferredLongTermAssetCharges,nonCurrentAssetsTotal,capitalLeaseObligations,longTermDebtTotal,nonCurrentLiabilitiesOther,nonCurrentLiabilitiesTotal,negativeGoodwill,warrants,preferredStockRedeemable,capitalSurpluse,liabilitiesAndStockholdersEquity,cashAndShortTermInvestments,propertyPlantAndEquipmentGross,propertyPlantAndEquipmentNet,accumulatedDepreciation,netWorkingCapital,netInvestedCapital,commonStockSharesOutstanding,investments,changeToLiabilities,totalCashflowsFromInvestingActivities,netBorrowings,totalCashFromFinancingActivities,changeToOperatingActivities,changeInCash,beginPeriodCashFlow,endPeriodCashFlow,totalCashFromOperatingActivities,issuanceOfCapitalStock,depreciation,otherCashflowsFromInvestingActivities,dividendsPaid,changeToInventory,changeToAccountReceivables,salePurchaseOfStock,otherCashflowsFromFinancingActivities,changeToNetincome,capitalExpenditures,changeReceivables,cashFlowsOtherOperating,exchangeRateChanges,cashAndCashEquivalentsChanges,changeInWorkingCapital,stockBasedCompensation,otherNonCashItems,freeCashFlow,researchDevelopment,effectOfAccountingCharges,incomeBeforeTax,minorityInterest,sellingGeneralAdministrative,sellingAndMarketingExpenses,grossProfit,reconciledDepreciation,ebit,ebitda,depreciationAndAmortization,nonOperatingIncomeNetOther,operatingIncome,otherOperatingExpenses,interestExpense,taxProvision,interestIncome,netInterestIncome,extraordinaryItems,nonRecurring,otherItems,incomeTaxExpense,totalRevenue,totalOperatingExpenses,costOfRevenue,totalOtherIncomeExpenseNet,discontinuedOperations,netIncomeFromContinuingOps,netIncomeApplicableToCommonShares,preferredStockAndOtherAdjustments,adjusted_close,10%DDret
2023-08-31,2.5888693547665573,1.950890020746142,,1.485566404275832,2.243070344962638,2.8793756806477,,2.700541956838494,0.0,0.0,1.2274716577319762,,3.0217934679983425,0.8488180989994474,1.910310728237083,1.0321771801358712,2.646181917954416,2.3503391591376093,-1.1274848516204468,11.372304608929486,15.6536475145255,49.64902932311094,1.615428717628241,7.46911118559573,2.545057451735573,0.0691203168839742,,0.0039668534805257,1.7980660401812008,0.9430558508215142,,2.5595195865841367,,,,-0.6227085032850324,,,,,,,12.10078580583992,,2.744822646999733,-2.3849059779508712,0.6412766898993252,1.4840793034166315,1.7720704792872517,,,,1.8856799037304453,2.635576239119037,1.9750847467378432,,6.917332806932938,,0.7295439568821667,1.226954316707836,-0.3720341311700532,-2.9928231820671867,,-5.753525798241696,,-1.2358666117488455,,0.3561766823079582,1.751207534507198,1.910310728237083,2.162124403545172,-0.8073640500743147,4.452554515246769,-5.599190580732656,-2.818319668027635,,,-1.0613023623638695,2.766509752387467,,1.3103161215413937,,,,,1.0463316922294186,1.3483230266533446,7.477933302661424,2.343115814011556,,,1.3030245308493624,-1.180112967046244,1.0950657350932298,2.488686172607619,1.805945382543568,4.452554515246769,1.354459717109485,1.7432600123305677,4.452554515246769,,1.4247636940902124,1.7672141512268518,4.372642340913097,0.5896310397721047,4.320515113575389,3.139140131334407,,,,2.1606566256275648,1.629893570152532,2.508398414647261,1.5483377240313658,-1.594290296712109,,0.6176247715948355,0.9876511145023592,,322.4327,-0.0922756903998881
2023-05-31,2.507352686296161,1.7563623378515192,,1.660057502448908,2.1281961265277087,2.831213535507401,2.0368017673935204,2.2635646963664944,0.0,0.0,1.1641316090242413,,2.7849493251572817,0.4595260100030334,1.7149777656990342,0.8075386460748231,2.4150540641618043,2.5161389295372283,-0.9008007257624068,10.013286809075112,0.4146223369916075,48.80884703786475,1.70634180350387,1.6543949268980096,2.54467435081611,-0.0344733576620026,1.3905177017992243,0.002653980264551,1.884482405599169,0.9743169232949656,,2.389879999884373,,1.856835960203032,,-0.7121466149871826,,0.0,,1.5088846457398253,-0.8962779478415126,,4.5896200936468725,-0.1099304816327785,2.614809705129202,-2.130390332544751,0.6697459158461482,2.700672174254098,1.866929497619928,,,,1.854427522246384,2.551189808221121,1.772855531089807,,7.1440320463286895,,1.4487920684324176,1.124215726670011,-0.3744281038978558,0.0410443450289908,0.8540246690715456,0.6425369437442413,0.0638629283489096,-0.4485917224571226,,2.328456086708324,0.8535194928267125,1.7149777656990342,2.05693493704097,0.6505217351332302,4.091936073735531,0.7917107253044057,-2.822055469645221,,,-0.4763482145097744,-0.3657752855509851,-0.1015608618596519,0.7437363536121395,0.1131656332349421,2.0118938360973577,,2.212574298308566,0.4696694468107626,1.953748210958386,-2.6730006167866422,2.2648119431647884,,,2.1715629142579305,-0.2910200259763796,1.146934537534115,2.5140569953878265,2.0195948272681434,4.091936073735531,1.8611566812605136,2.4720110957649823,6.637149120150056,13.948032366688446,2.0669029306176645,1.7980764568104752,2.18861272695223,0.8117125013695629,3.2060198788869867,2.49427993226779,,346873000.0,,2.385857828330174,1.7381222950874486,2.383599981960258,1.6106408225457365,11.767270783213045,,1.1824728665804998,1.8819948588428044,,303.5547,-0.0358245153179971
2023-02-28,2.3321377146623967,1.8535157463252885,,1.7303008584707305,2.0012074003282776,2.621435968452892,2.0397549956411485,1.858797464844751,0.0,0.0,1.0431445509839103,,2.7273446267391868,0.4155729112017583,0.8346293919021223,-0.2048873448238924,2.2276808962367047,2.525409875884545,0.2947156665473109,10.163414053882589,0.4833763718528082,50.59492432617289,1.6342299026774685,1.7113016665718737,2.066496154454414,0.6941250542504875,1.13714787348902,-0.0014822762115843,1.8641853510143696,1.0265536894746965,,2.5260257658116743,,1.556860499657739,,-0.7367114654386603,,0.0,,1.291394815857831,-0.7619207774393273,,4.41841418938733,-0.1107565848071642,2.6052647294986424,-1.441101022663163,0.7173175498764612,2.653298216055458,1.8411385655054444,,,,1.749412271887057,2.3698064620479102,0.8614764055202082,,7.529756026713456,,0.2093989201668976,0.7694057092405834,-0.3792007661379357,-1.0275746136441906,-1.3650892762385796,-0.5339373675581527,0.9665109034267912,-1.2902259464985624,,0.1680044123396519,0.7209827723448361,0.8346293919021223,1.2161869793448106,-0.096846605274045,3.476070280300022,-0.6834972445377391,-2.822678474084128,,,-1.3696501590802577,-1.010413947669238,2.8627758419665765,0.2478731716578672,0.95344975522524,0.795547965373064,,0.1961754686957983,-0.5916201162674964,3.028354621803354,-0.0691243036036814,1.372759222562482,,,1.287242292421465,-0.4275953725798169,1.1409599382818096,1.9723733740966345,1.5926513632841806,3.476070280300022,1.312165470333033,1.595694717495295,3.601347091435738,0.3961401216263758,1.4703107995451188,1.720183456438087,2.33879781420765,-0.4696710310069026,0.998747987837596,1.1732953372155457,,244390000.0,,1.086473762056538,1.597943040590465,2.0308826511608986,1.5955654733324691,0.2166479550922213,,0.7433419742897903,1.1992008884009484,,262.4662,0.1151150129045187
2022-11-30,2.2875116388008045,1.7443382213243892,,1.5464659702729349,2.0298815435269293,2.516132657572678,1.996711693931968,2.310008442231426,0.0,0.0,0.9905153730584916,,2.6421478835700745,0.4148071988882021,0.7046527397388922,-0.3543642391725528,2.2556035599101323,1.855582723892332,0.5084294693085728,10.248599586184026,0.2598450613298902,52.05107486261005,1.6001446128868846,1.873387805272664,1.986391772856207,0.6898754836698392,1.0614833893842048,-0.0028092663438598,1.891214623447788,1.025217400107308,,2.438283088610292,,1.528274187507265,,-0.7998432501064692,,0.0,,1.1967870855829703,-0.6555030844158702,,4.48054255159504,-0.1196171115917374,2.57926416971312,-0.8615773511746133,0.7161006010989416,2.719197669578262,1.874551337334235,,,,1.5029869348461409,2.3236093426415034,0.7268981692085894,,7.8659785958917245,,-0.1831705824902215,0.5907838309759597,-0.3743173763385342,-1.699269051347719,-3.3036133976695137,-1.273425699286868,-1.2250778816199377,-1.5407985888912417,,-2.40260171323048,1.498858766294998,0.7046527397388922,-0.3918558950673347,0.3773615984554801,3.240513258888807,-1.5747568426659213,-2.8172160601644287,,,-2.1848654345831187,-0.5523082600516647,0.8733667845070404,0.1205482653113384,-1.435560232917832,1.4568662713530507,,-2.140138685097066,-3.0545473352684187,1.6349207420809593,0.0657169089948386,-0.3876100896624294,,,2.1327394600514107,-0.3754613827891382,1.027254033579568,1.9304507119395111,1.8087205298176137,0.968936574070958,2.17067818200532,2.322041369373815,3.3822944081346016,0.4885661154947982,2.4032618523391065,1.5543197645483833,0.8038075092543627,0.9621726744823051,1.309451414262718,1.123735183579069,,,,2.538431625801165,1.5855477848075552,1.656030682700171,1.4833573629756376,0.4815183106121358,,1.1365568932088523,1.8187538520071151,,296.2236,-0.1211243803667228
2022-08-31,2.2982841019691405,1.7443382213243892,,1.2967572478655631,2.199949018571624,2.400130344932326,1.7029563518544286,2.6784104989616915,0.0,0.0,1.1145768448931197,0.7146283200256661,2.5021187250735486,0.7911758155718263,1.467503345398874,0.5229359334988193,2.5237366850751544,1.984628535730813,-0.4664767892755502,10.241101875148692,0.2186894770819883,52.46000779404631,1.1783169098134834,8.596001133098799,2.1798826861683867,0.6585293991796715,1.0204025562083288,-0.0045315301325578,1.688570320200914,1.0564379789635658,,2.6723582651168805,,1.0947610416783264,,-0.8761610670326809,,0.0,,1.4198035704968244,-1.0348624647102729,,4.214606727650793,-0.1318713059186251,2.487068899058452,-0.7045279572607215,0.7445329498100822,1.449674566622233,1.8761124603417083,,,,1.4205479318527814,2.334761046161934,1.5164887879574822,,7.960974093020472,,-0.2813393013011155,0.3944838565668757,-0.3641477931067556,-3.084590045765136,2.300086447878318,-2.7985666764444908,-3.804517133956386,-0.6480768291008603,1.333837978260774,1.1029844820398298,1.0351870132118883,1.467503345398874,2.495809998639304,-0.8350175443972848,3.497869648037586,0.3829853681353196,0.1182406799648447,,0.6649756203065512,0.0213413744995466,-1.024311212320321,1.2072499208684306,1.2629526584441475,0.7643914507937477,1.4582560599402952,,1.1547035152756255,1.3178105530809865,1.194512705571008,1.1182562818815407,2.713281232300455,,,1.6721514712633734,-1.0835533270909474,1.1914162990547952,2.0177864970533763,1.6610867533298077,3.497869648037586,1.7405593671947217,1.946840648509872,3.404919441508994,-0.8259536613559834,1.9358490864612408,1.554497258130192,2.77489864269346,0.6010052591212884,0.2047167641873419,0.0,,,,2.172190626974703,1.5249975319139637,1.7630404156457549,1.4607775128212188,-0.8762363004544239,,0.8683806071082621,1.397827573281145,,282.6916,-0.0798725536945561
2022-05-31,2.213033822232903,1.5852086656463726,,1.4576633137411152,2.1309276275807454,2.304256395457492,2.087069119739207,2.250720171100989,0.0,0.0,1.0103997554921034,0.909126270093624,2.367104384925383,0.7694416668014694,1.0127878375058024,0.0,2.281413437952116,2.0554509636142204,0.2030653337531877,10.61310369190175,0.1530019367333763,55.050367035956,1.1940274122839536,1.942752005424738,2.055523137914063,0.7246984895441736,1.004101882525407,0.0003952736564224,1.7960939984671216,1.2853483969589294,,2.3830712249559274,,0.93665807068224,,-0.7423082186870694,,0.0,,1.2325318257464442,-0.8950908697114461,,0.6453878479346611,-0.1228952436960976,2.421190951130864,0.2779642738031786,0.9529999631227644,3.156491978113418,2.1315006742257165,,,,1.3884481851097654,2.246509563674,1.0459438714424671,,8.301441276780066,,0.0,0.2333357544014226,-0.3637217711066994,-1.4447222500150634,2.1108037179800254,-0.9931875747790556,-2.0366043613707165,-0.6512214173296752,0.8945763834950391,1.1594763354073427,0.551507954825946,1.0127878375058024,1.8599815374812576,0.5009653249161087,3.401670626720604,-0.963080584704172,0.1183630558367728,,-2.4426735283920853,-0.9734518076007196,-0.45002295208864,1.3041096329497175,1.5194864941836266,-1.9486736623468943,1.5076687519535408,,1.1690829647304284,0.2508714950383494,1.511969701061273,-0.288346750619298,1.996965138132972,,,1.9945670667649,-0.3526142507626786,1.0495108659398538,2.273617469632527,1.8877947018238608,3.401670626720604,2.1839400607560315,2.336038512802056,3.4003244327475146,-5.15258581695733,2.41767361767966,1.6473549395999785,2.485457429931253,1.4414511887805412,-0.529115670593045,-0.5591624334035435,,,,3.0244429167621467,1.6623224927771707,1.8056142074955128,1.5592160001826567,-4.523004544239508,,0.98038522738378,1.567627556714882,,291.4549,-0.0782014644461288
2022-02-28,2.0833286689342336,1.6183356515781562,,1.5050018998543395,1.9838011574394847,2.193465741993605,1.991532185928436,1.789831700339984,0.0,0.0,0.8937927704235568,0.9241563693384384,2.351848840172821,0.779197510232752,0.5384514837625014,-0.5455004714629369,2.0235643182836656,2.142277236920491,0.849218194978671,10.539568449055215,0.2052937378954163,56.07689065271161,1.2029192176345764,1.92356663278046,1.679719280636269,0.7509734524093329,0.8564038876237063,0.0245210836144952,1.6433779406883902,1.3098875289782448,,2.1268237568761896,,0.7156049406102144,,-0.5843903514376816,,0.0,,1.0229157415438146,-0.687546395787797,,0.6859121712940166,-0.1388827698356806,2.4264663307195726,0.674474564331778,0.9753475679463068,3.256215367260084,2.179791509314084,,,,1.2846615589925725,2.1122381911887937,0.5556287169382577,,8.427429619943346,,-0.6292001591597873,0.0459539087465496,-0.3489387542040265,0.0376900408453421,0.1988198164502378,-0.03296790236457,-4.1985981308411215,-2.0990599589357424,-0.9794521750196372,-0.3949441297700214,0.6183465899108257,0.5384514837625014,1.063142208503758,-0.2851883915848183,3.438233255029717,0.0564254784536327,0.1245886501941326,,-1.3355873550020516,-2.9299809483502925,-0.5964842800694863,1.9212958078298183,1.0819842121789676,-0.9821562948626456,0.6940553469262026,,-0.3017591868845931,-0.7919203922772594,2.452735545893981,-0.6938186727635457,1.1493575261055482,,,1.4209593446903634,-0.4813362732956776,1.0404271548436308,1.5120750449071918,1.4015290059155587,3.438233255029717,1.467049334572856,1.710807169186267,3.439005072907622,-0.3011006684424788,1.6386240490040302,1.5149721056655254,2.191433104177684,-0.4922825134217158,-0.603623169890385,-0.5849337132945112,,,,1.063544639571138,1.4545810992523638,1.4911966372911118,1.472901345950966,-0.358813151563753,,0.8376234788706886,1.355448826392584,,307.6865,-0.0380273427660948
2021-11-30,2.036398075849624,1.7656110993856802,,1.2015509225389156,1.916064109345516,2.165827377954802,1.648963388488657,1.9609651965902184,0.0,0.0,0.8006549710118798,0.9087910188479345,2.3450498771323707,0.7905432281205452,0.6039990693063918,-0.4701188597958713,1.945863083522113,1.5823846905806742,0.7267026123526013,10.682327750902967,0.2048095545513234,54.87014959797037,1.3630907688504272,1.9175433181130703,1.5635357823063047,0.6963892098072656,0.822298555663907,0.0377486341883478,1.529004626409375,1.4610097083447222,,2.095343496666021,,0.6166119192867199,,-0.6023837204524892,,0.0,,0.8554885433150882,-0.3812243934870942,,4.143747903316924,-0.1596399757078064,2.417184255506095,0.1782912392582964,1.112973411513073,3.2046039662018395,2.123373452372993,,,,1.0702491276014667,2.0636554249319663,0.6238498657006983,,8.233969292514802,,-0.8300080680801272,0.0,-0.3451720760104001,0.0302008989402543,-1.3774330853237469,-4.025433703308353,-2.655763239875389,-0.5985080658610502,-0.731760377035584,-2.99958861940839,1.6076530571363408,0.6039990693063918,-0.3607654166742443,0.1606346628257971,3.1923733624111232,-4.563028391707018,0.1170792216894545,,-4.223762010935079,-0.6294369352413469,-0.6141618887318746,0.5529727426801628,1.3304269721997064,-3.503614002837888,1.295360878447858,,-2.63546988426656,-2.721152559517706,1.23135346061408,-0.1299350465402689,-0.4332756985942554,,,1.880288215364728,-0.4074062887002748,0.9838859837641716,1.634646536692386,1.6430891884246903,3.1923733624111232,1.937973115505629,2.092832472162391,3.1923733624111232,-1.1587676534150877,2.174805592938839,1.4095771128406749,2.1797990481226863,0.8326394214966583,-0.7127781894371056,-0.6339156651385619,,,,2.4070787242464013,1.4393494825705493,1.5165733824863747,1.3454795508527446,-0.8677252071638599,,0.980750543286074,1.5745755597080406,,347.0755,0.0373532559918519
2021-08-31,1.9999902211815483,1.4248527227358607,,1.0969401034769195,1.970704336259915,2.055590496686487,0.0,2.0474894639422065,0.0,0.0,0.6867901239391773,0.8318414072593833,2.074522121977687,0.7342394262377081,1.5741961747266089,0.6456357608274472,2.0661188672664745,1.7725243172712497,-0.5148458958369159,10.810221398755669,0.6875403486120077,55.33709250260464,1.3653459103049623,8.91395130657004,1.7789752029785375,0.7150305942185791,0.9090932667391652,0.0,1.1905609895895912,1.363379597290977,,2.2008844634971947,,0.4633565668872347,,-0.4393213284978504,,0.0,,0.6508018055722286,-0.2123986902143658,,3.6690666565092735,-0.1698021356452982,2.2372042621695423,0.3576765192672732,1.0240623962827746,1.6521379024743763,2.058464008267955,,,,0.963891827898676,2.025965845981562,1.627055630403243,17.64850589792931,8.255435791510669,,-0.3833549058802621,-0.1865233846893916,-0.3434424781076814,-6.274659359575549,0.3971162059375988,-6.310608614790643,-5.042056074766355,-1.0613148164092587,0.274568528587038,-2.238243716651202,2.3273195851103936,1.5741961747266089,1.3093725219612165,-0.9231302575732038,3.061487409720866,0.3966239972277818,-0.0059152046458331,,-0.4242639177356306,-0.8173951260603373,-0.6646384821018713,0.7231597068726269,2.1282011961355622,-0.1865453020739905,-1.9457167060017304,,-1.9564167378985748,0.1564490332140869,0.6238151818746456,-1.342083533403919,1.351139205971004,,,1.2496611680871026,6.118536865315492,0.8808908533525913,1.8219926879797257,1.3660215100047963,3.061487409720866,1.2938982847789229,1.5096274731327175,3.061487409720866,-1.7079961803286927,1.490606386031895,1.1612568633751854,2.8122686409307245,0.1066341623753697,-0.8087487543756547,-0.5563540246974765,,,,1.6708747369956043,1.1505822021155585,1.5481517621705974,1.051269161317357,-1.4921571772253408,,0.6434007204400204,1.048419817181461,,325.8701,0.104857119447289
2021-05-31,1.923295166994124,0.7068509492694895,,0.9729819810197824,1.8355072333190503,2.0308114626835514,1.3948380977802517,1.846532327149375,0.0,0.0,0.7898558045836706,0.8202772289047258,1.652438986075002,0.6576073992401424,2.27996168363547,,1.8695909674253244,1.773998736942224,-1.4577682855624945,10.615338586537282,0.2157843770174306,54.402315945187176,1.0718320031769542,1.662900898582688,2.0837954909145493,0.7051084092840159,1.2593251237184786,0.0019622513658116,1.1286257036505318,1.693645539121896,,1.627462389240748,,0.3209330158989835,,-0.3493629839603376,,0.0,,0.8360756498421712,-0.5220432032041802,,0.3151575673106973,,1.942323728986511,-0.0412961421816606,1.324833130508537,3.0639435454388853,2.025335604570637,,,,0.9945691086736528,1.9465707724114325,2.3576600992697903,3.3155782393859647,7.940990652131333,,1.3919805170805817,-0.2272955289207896,-0.3426563110161252,-1.236286628277536,0.0,-0.7637146157375908,-0.4080996884735202,-0.5099383415593713,0.3886029234300057,0.7239260993808322,1.997896158774836,2.27996168363547,1.2784494464202412,0.096846605274045,2.9960175094962764,0.4169022600565994,-0.0033786865731418,,-4.089503532113447,-0.601300992327116,-0.2614377908389663,1.5474796094306134,0.9878122695175294,-1.4789532581561504,2.0542941658777005,,0.6833671843613838,0.0116562179475806,0.997407577435122,-0.6206721969859826,1.3924019514508867,,,1.477201245170959,-0.5108285256894313,0.5518934549135278,1.4866763727057106,1.327999594150853,2.9960175094962764,1.5480132499645054,1.7245401277339716,2.9960175094962764,-0.1001658541488666,1.7207328450289263,1.0880654707698234,8.36911686938128,0.4082598334611592,-0.7425198661113525,-1.4208896047577748,,,,1.9767375650132977,1.12153696240206,1.268347789831956,1.026111703924364,0.0972360331462176,,0.7600097329333388,1.2353911533348028,,272.4289,0.3315493781798774
2021-02-28,1.767163705521245,0.6948442695276557,,0.9817187339382134,1.662016332236257,1.8925263671535049,-0.0957470673591608,1.5585174275191886,0.0,,0.6915659034895099,0.682901316010361,1.568899009550478,0.6340620876959542,1.9569013729263989,,1.6580372730892694,1.731997378430689,-1.026337671580104,10.606600869446106,0.196901226597805,54.82421244343352,1.0898064899481372,8.527222256887633,1.7571621624129337,0.6007763168350724,1.1340176433986815,-0.0109547270494233,0.9467736533330804,1.6002672578734778,,1.3193744087024135,,0.1769768252833876,,-0.434187571138865,,0.0,,0.6593868848259905,-0.3395400657106482,,0.1929421115841539,,1.877578526270616,0.1391551262510558,1.239794225024892,-1.874984266388409,1.904887806978844,,,,0.9132727749628268,1.7849427639096331,2.0228920842271574,16.884070515374347,7.897276235937157,,0.8059461593264962,-0.4619900229367918,-0.3385471950501017,-0.9414682764525968,1.2885329310776517,-0.4391403466705291,-0.470404984423676,-1.3389259532469386,-0.3618786833594432,0.425693656378841,1.7740955290491325,1.9569013729263989,1.3955183802415554,,2.8056567070749225,0.3834531086562656,0.0010090446894434,,-2.1014055298806302,-1.5497218214977757,-0.2052366765375649,1.7849731486885527,0.0282457408665045,0.0,1.2932028103808328,,0.4116843692560544,0.26030616365674,1.6310253571332127,-1.629566380908947,1.584513142311209,,,1.0490261851368532,5.702407345878515,0.3288871873848947,0.6601055493066268,0.8304334591875638,2.8056567070749225,1.0828612589451987,1.290920797780149,2.8056567070749225,5.617580539779866,1.0515870132990182,0.9232101280389976,1.3826899347787769,-1.1220828311602935,-0.5454684825101567,-0.443191673894189,,,,0.4248970550451708,0.9019226039974868,0.8343708813328721,0.9276603231544798,4.798011226944667,,0.6646402222956089,1.0829717067883773,,244.2717,0.4427218740483097
2020-11-30,1.641856904214357,0.5094897887642441,,0.6793455338247089,1.4545697586841848,1.8388695296537727,0.7848658410879239,1.3732984075446588,0.0,,0.6145251107488734,0.6908060827707471,1.435831977278994,0.6123811106767557,1.737423657633547,,1.3373697256329216,1.17219176319286,-0.7647703989782552,10.60200131209943,0.1783408650742414,54.10014554188505,1.1817593651267804,1.592324083926618,1.564451678045946,0.5652931360143771,1.177536674858342,1.1131753179835395,0.9035790843242922,1.6228626962675008,,0.9444903969761904,,0.0505340560274497,,-0.4731562973816364,,0.0,,0.5208961307029377,-0.1508562734903241,,0.2254463783772372,,1.7863545298397656,-0.1473775749698437,1.2603717225356788,2.918559389712001,1.8907129261396096,,,,0.7275712938791208,1.6552245856776238,1.8273025451101423,16.711215943783298,7.816288989725476,,1.0709055279717037,-0.5527422895203729,-0.3359061578750387,-0.9570612580630716,-0.3124488035881536,-0.456307122678426,-0.0342679127725856,-0.4898995422739235,0.0,-0.0090310593726211,1.7042581629137252,1.737423657633547,0.5787712586832012,,2.8992171882046485,-0.6337085477441146,-0.005643752711738,,-1.80735748295966,-0.4219753895279002,-0.3008253751091349,0.1437643655517907,0.0370816629059229,-1.3940248856653348,1.9710844246737305,,0.0138563202891329,-0.8212479706712188,0.8642961302692339,-1.2067762149390948,0.6855452170798709,,,1.3388480554373563,-0.4910743951430211,0.2657188516008155,0.9314517439152884,1.0167944681531405,2.8992171882046485,1.3798648593639182,1.5641612842876624,2.8992171882046485,4.974367995175152,1.3927536930328508,0.7925623228689459,1.3587167283624184,0.0,-0.4290569026752178,-0.3463015735348779,,,,1.56274260636488,0.8410372331209768,0.917517693612638,0.7587018755208568,4.153221063886662,,0.7180822326978469,1.166388456403352,,238.9409,0.5068157021255046
2020-08-31,1.5550357375677466,0.4342689500621367,,0.6701746921076299,1.4126819053882282,1.7179858968493715,0.7904940126136922,1.3125989548077694,0.0,,0.5230661464801423,0.6208032351247804,1.3468822678575023,0.6039037350858247,1.668935264279803,,1.2979008826642384,1.2676114316103646,-0.6479868703704669,10.920279145549316,0.0,55.00113729451156,1.1985476164350766,1.677898444087483,1.38375959324497,0.6905209880618364,1.0823069364830238,1.2707342208168049,0.7332087315112733,1.3868254016460655,,0.6743065790489767,,-0.1309545847881212,,-0.5199857531007832,,0.0,,0.3564868550152939,-0.000407515696272,,2.1771268684285765,1.8854736376518588,1.7498189499261854,0.2489581677466812,1.045414315742892,0.5395840484161355,1.8393690025920784,,,,0.6425330394914301,1.5653469138201035,1.7608375340509586,17.243733415996395,8.065788457614454,,0.5048589344157877,-0.7593021621948182,-0.3312304219014501,0.5394404370545584,0.6685172076614045,0.0307137284304644,-5.042056074766355,-0.5117596274896273,0.5681512003966948,1.9713302768114056,0.9330507495752742,1.668935264279803,1.940158739097177,,3.0669529572516105,-0.4475392641785628,-0.1143380021582653,,2.6848038015146263,0.0636497372174553,-0.6204984653603478,0.2135817819761657,1.4333472079216596,1.992585948845824,-1.6032180763115338,1.0756633903007764,1.8586047891205384,1.199369618839508,0.5158380816073019,-0.7157577937119908,2.0908424392846867,,,1.0760320087195543,-0.5428580058597879,0.1538749336558456,0.7048595692932281,0.7353097981822878,3.0669529572516105,1.1173582941183673,1.355132853281086,3.0669529572516105,12.396039603960396,0.895051476242094,0.6577720727190045,3.1972501322051823,0.0898501698257916,-0.6575363466796127,-0.678561103539421,,,,1.6538549673978709,0.6678903267559113,0.7764923234904252,0.6326800896897725,10.589959903769046,,0.5269240687808663,0.8682701311683005,,229.2564,-0.1063228769185942
2020-05-31,1.407530726470612,0.4383200965126066,,0.6260476758925808,1.2522991476039127,1.5860512748419917,0.6560823723509684,0.942759424130823,0.0,,0.5423819861456013,0.5140187496968935,1.266956590179131,0.6179680542359681,0.9126244294806016,,1.087502688896729,1.182197362578547,0.3444659251721291,10.681823097275592,0.1415429309231762,55.42596053667576,1.038023645447161,1.4561711089624692,1.0531298912121227,0.4287493963678152,0.963223647559452,-0.0087242542738964,0.8544457817068699,1.6415302537937455,,0.7669782675037506,,-0.3858032796765958,,-0.7647910043922272,,0.0,,0.3912095662780816,-0.131135280872647,,0.2506942286890952,1.571204354049672,1.7011148697321148,0.3707738390232803,1.2773721281852712,2.699136831514821,1.7564587655932455,,,,0.6476176741119613,1.4126490465052122,0.9420067860874692,16.977651503161535,7.941121570364203,,-0.1000198163371545,-0.9807649534329048,-0.3419276927116537,-1.9268421171916927,0.3496244823688573,-1.5239676382415983,0.1534267912772585,-0.1774559241823799,0.7103524615701917,0.9038221975007594,0.5399148418229955,0.9126244294806016,1.5767210119721524,,2.6879544806944566,-1.7224088351621083,-0.1149788067239979,,0.7970140044083829,-0.0361757526554635,-0.3059378403434712,1.0521867692015925,0.8675999152919871,1.4148369880625449,2.9158072596974898,-0.4525399214852859,0.8760727322223695,0.6961087103797893,0.7262023709864708,-0.1608587598771248,1.7284222815547787,,,0.9435572863228132,-0.4589845047875072,0.0258647942388621,0.594250951135096,0.789514026392493,2.6879544806944566,0.9695025107617076,1.1759992109367885,2.6879544806944566,-1.6623611599738657,1.1367772628435255,0.6549887877420381,-0.0137493389740877,-0.251150432781856,-0.3275672637146434,-0.1034981208441746,,,,1.308064079328375,0.697037372099672,0.6757195476061546,0.6509151298104333,-1.5794493450948943,,0.4803462912383966,0.7844181661708487,,191.995,0.0764044058348678
2020-02-29,1.294133723298991,0.2583070843115794,,0.732046662827825,1.094259908966975,1.513887568342057,0.3721465141967929,0.5480760221505796,0.0,,0.471506969698,0.3940480468754857,1.1315047341286792,0.5926645561847275,0.5270823023703938,,0.923405972843467,1.2313057648104604,0.7930018816521913,10.640571267906193,-0.1812459651387992,53.80333553369334,1.0308568421387505,1.4125457008232636,0.9003548941348651,0.4936763797962015,0.9819209859181568,-0.0091901125118229,0.8963438888737963,-0.2681082394387584,,0.9654568647507558,,-0.5823083447061508,,-0.656232352531984,,0.0,,0.2638025896993644,-0.0017897988759107,,0.2180027232213129,1.577280625537621,1.606337112541402,0.0412961421816606,-0.461721429361655,2.4901944695871974,1.591861848351747,,,,0.580002135581986,1.2952599461931966,0.5429127880828638,16.71185338076272,7.8165876469442095,,-0.1709788169646718,-1.1140766555410668,-0.3266541073165899,-1.2906829613177089,-1.0408757304021423,-0.8236011524038234,0.1884735202492211,-0.9395198103628688,-1.1716659426109013,-0.6190706771721847,0.686130732087888,0.5270823023703938,0.5154877218553408,,2.6651230309108573,-0.8579587546979045,-0.1098056448652196,-1.8826819488185589,0.4529406713082973,-0.9677139308999582,-0.1735537933951989,1.1370158116227915,1.092353641349194,0.5792789765832609,0.0550860010962478,-0.0456920216063047,-0.5255944753496966,-0.7756262240246667,1.2760052388539331,-0.7611870430605475,0.5462780282460031,,,0.7224471057394478,-0.5447065575255988,0.0543514514505804,0.7317930540448964,0.6852741326511788,2.6651230309108573,0.7476182265447399,0.9779711124889328,2.6651230309108573,1.161029300899633,0.8148387379851005,0.7417606435244425,1.2575356953992596,-1.419798400350608,0.1177913483404451,0.1075042332631231,,,,0.1229992569908825,0.725094630201322,0.7441835234707455,0.73679516873241,0.4504677893611334,,0.479854791340866,0.7935969989793498,,185.4461,-0.1673766898963284
2019-11-30,1.2698532089886023,0.203294026702257,,0.4659044151354967,1.0921677089660498,1.4728021882019662,-0.0084337383610151,0.8370369679864466,0.0,,0.4074437086079273,0.375739548579721,1.0465819176637248,0.5803105298687181,0.6704738986057612,,0.928911875050594,0.7134537812046435,0.5933879392124356,10.208111946593228,-0.6652679147837315,53.35576640129795,1.0958823879890425,1.3264213570349035,0.941760103358896,0.4667999242021358,0.99971121467864,-0.013989864054096,0.9107931299191268,-0.1566698049219991,,1.0562686112915487,,-0.6868980837699491,,-0.6436011219574809,,0.0,,0.1486406212884861,0.1475986634491373,,0.0868181678420329,1.600153171230833,1.5441353402020292,-0.1325721801956805,-0.3602352767636538,2.5153742623459987,1.5749579039650614,,,,0.4198975097873456,1.2701246458740534,0.6912048489398201,16.42304203700409,7.6812713796889565,,,,-0.3240237466133391,-0.3368046438428784,-1.7077999890780988,0.226551783316922,-0.4143302180685358,-0.4104284908691366,-0.6206957078851867,-0.5553191013858643,0.8097681944156452,0.6704738986057612,-0.1363579493676488,,2.2822834142171544,0.1718946414476569,-0.1161625151579205,-0.7731723763527161,-1.3060772707465944,-0.3143149171907735,-0.2701865869794151,0.1553783423906148,0.0655318713898686,-0.9563931613014298,0.7062209800093316,0.2972578883674252,-0.4669176670877095,-1.545900041706672,0.6186100834436014,-1.3443658448872005,-0.1029423602799438,,,1.0983629527417458,-0.5343401697526203,0.0015661570855556,0.8198900566735723,0.8627335169903211,2.2822834142171544,1.128871426429701,1.2635002692765496,2.2822834142171544,1.6475348042418454,1.215223416169575,0.7276388829273216,0.1671073506081438,-0.2693313794236879,0.4260929555152413,0.4844092016685252,,,,1.2896277316001084,0.7657147030773414,0.7571393384019122,0.7176874060275341,0.6064474739374499,,0.5884665622339685,0.9651954046871292,,190.0,-0.0684812205273383
2019-08-31,1.023132743738692,0.1604547513605233,,0.4779145870157626,0.676388406724318,1.3714555956949823,-0.1873539358865506,0.9817509646898652,0.0,,0.3247566630355505,0.4660365369143207,1.026462576361595,0.5915219499879606,0.791723189948509,,0.8942337445002132,0.885876508403766,-1.23080921962427,-0.001376983468989,-0.2274047772756617,-0.0797855841955828,1.1211634381740816,1.336860002109375,0.90969694820323,0.2787625387394326,0.8702987319379991,-0.0138486948910879,0.7935414904558541,-0.1440357963575991,,1.1645102930688669,,-0.819385308185415,,-0.6779483898425389,,0.0,,0.0,0.2957670942143588,,1.7004814512098694,1.9621544582361088,1.1681085821859205,,-0.3487295792307409,0.4201847308575108,0.3805135770669676,,,,0.3406319727637975,1.0147184831519591,0.8167159233005072,2.6711032571501545,1.2380998650417123,,,,-0.3186548637884126,0.0918121921328631,1.0429570738372038,-0.284593110650485,-2.9213395638629285,0.5160475613152042,0.7712279985782178,1.292180926894827,0.2790901243367232,0.791723189948509,1.02875012516869,,0.8527151610608906,-0.0897234698075632,2.8950493397265458,0.8265691662872725,-0.0201144398395679,0.5611087259811193,-1.2790343921296838,0.1269630973097937,2.200714176178062,0.1662885593137976,0.2619253192482095,-0.2052598955104932,1.233517241169148,0.4658157142440463,0.3578285760578974,0.0230682222280262,1.03768077938492,,,0.7885617836344347,-0.5715407617724348,0.003045305444136,0.7645532566030204,0.7316669946255734,0.8527151610608906,0.8139673344490803,0.8012721607617369,0.8527151610608906,-0.4687641352967784,0.9335912240433936,0.702688157697827,0.8781949585757095,-0.3396926700997041,0.424815392084217,0.4000743402304547,,,,1.2182780242901483,0.7090569744468802,0.7352229437768724,0.693467944099016,-1.1934135257952418,,0.3858485972950298,0.647149830616981,,185.0415,-0.0466374918191907
2019-05-31,0.9039245682377992,-0.0628363619455238,,0.488970679821428,0.525088699233652,1.2817328740035292,-0.0595189077598911,0.7470617114688144,0.0,,0.4554523855326873,0.2459416070920063,0.9994673765756245,0.3947117956691706,0.2712956535305218,,0.7656435787633017,0.94293484513906,-0.5563479520562069,-0.0341650505735028,-0.5944157520981278,-0.0585666907910957,0.61786939709313,1.2272652726753666,0.639806474240587,0.2541795798108721,0.7640370432984939,-0.0134957719835679,0.8030409359710606,0.002065174476873,,1.0263427075121585,,-0.9317415694057576,,-0.4659631433737326,,0.0,,0.2349424055152343,-0.301075866593448,,0.4102656356913627,1.5610307893264594,1.130267360688792,,-0.2156765128885938,0.0206734286471585,0.1682637185558306,,,,0.3971280852956762,0.8913136304619128,0.2780228651033496,2.454470736294286,1.1366014138146352,,,,-0.3244580351853616,-1.418655083224665,0.5928201894434673,-0.9644894575985258,-0.0568535825545171,-0.6801122247224827,0.4427249948438453,0.1295812995377693,0.1601614358574672,0.2712956535305218,1.035138603645482,,0.683462680137581,-1.0946383103729305,0.8253173428860681,0.6504598882625626,0.0459381490516887,0.3388480703846208,-0.2592775942610777,0.5254603320454142,0.7256409694686032,0.2239543272234517,0.5323125846534362,-0.3277428495528203,0.1634631353924306,0.3208557114535783,0.5426264481110421,-0.4231879632178181,1.142076942617684,,,0.9739491690789002,-0.5230676292022836,-0.1816800225062573,0.798356265268832,0.7892742064419328,0.683462680137581,1.001169250789236,0.9439005733801146,0.683462680137581,-0.7219681358998844,1.1442723015163427,0.678926755475329,0.1226864093072448,-0.1996274789087323,0.1186089889363006,0.241110147441457,,,,1.3603108139074642,0.7172832429707182,0.6686550331354113,0.6801329364133358,-1.152611601176156,,0.4944736042715488,0.8143413295970326,,167.3966,0.055567436853556
2019-02-28,0.8480136629067596,0.0022217370598165,,0.4647716609881018,0.4689981248338559,1.2282410723777186,0.0873758011341532,0.5930038950906942,0.0,,0.4262891456081974,0.2366406233484586,0.9364258934009758,0.5445963157156783,0.1546641817505089,,0.6816824158889145,1.0110879768320091,-0.4052822738834963,-0.0308775926580106,-0.5576178179470627,-0.0565625074560391,0.5931883663731363,1.0974271699642677,0.5762257425260784,0.2238555439413667,0.7436931801230682,-0.0167003119838502,0.8072378452599983,-0.002065174476873,,0.8762506808568452,,-1.053336720065094,,-0.4651153565309197,,0.0,,0.1825177231341587,-0.1996132625731798,,1.42593264822947,1.5793617510015447,1.076895428211296,,-0.2194379909282,-0.0176147715952142,0.1591711926377671,,,,0.3358942594492857,0.8334344035787498,0.1572056698726958,2.197823763956213,1.0163550625211273,,,,-0.3250594117248881,-0.9687095602644306,-0.7826613788179,-0.4691310841091692,-0.3621495327102804,-0.2300048324579836,-0.8148589407722384,-0.0946445751702152,0.1206451805814966,0.1546641817505089,0.3656218522950296,,0.6681070942178725,-0.5155926578998593,0.82519496701414,-1.3620734162837524,0.2582243695153641,-1.070130282356436,-0.0451301068397224,0.540007185280059,0.718864328433413,0.4092861684905602,0.2348289717467033,0.46440567903421,-0.0429138599263251,-0.546530001891384,1.1035618805865357,0.0050668922190456,0.4060863055714491,0.0,,0.5503004772380502,-0.5576464191862748,-0.1193353693375445,0.2904818414037346,0.4978320891392308,0.6681070942178725,0.5672497917489219,0.5604333097564814,0.6681070942178725,-0.5443031612805951,0.6676439468211901,0.6060170324233211,0.2182266878194958,-1.5700394434096636,0.0,0.1340602155866683,,,,-0.0293523321459075,0.5966932597294193,0.4887218495655797,0.6340363150907273,-0.9021545041432772,,0.3815883432460568,0.638757193338116,,150.4607,0.1743824134807294
2018-11-30,0.7981127902055938,-0.0485701654423984,,0.3921058833062791,0.4672728571654103,1.140287374895959,0.0345698083525245,0.8601412424517081,0.0,,0.3209534549502675,0.2524342398961418,0.8810081354740088,0.5261947846429231,0.1159112191894609,,0.6709106892881164,0.5974842820897214,-0.3548580646650136,-0.0256580322834134,-0.4991930277598451,-0.0485298678988682,0.6775741376944382,1.0101873975337985,0.5158343568945897,0.2380126289022146,0.6660842211873269,-0.0166297274023462,0.7760347582076178,0.0037254127818102,-0.3483528814172193,0.6836624502752541,1.6250090395363492,-1.1807696778443166,0.0,-0.4716511357141825,1.2789135057294496,0.0,0.0,-0.0068367566983759,-0.0463629601437071,,0.0466407867328549,1.5596865121921497,1.0313216700565373,,-0.2141645462256149,0.0176542935683573,0.1745962292930852,,,,0.201575678468194,0.7817767901733167,0.1170938341354523,2.0253795969957507,0.9355601024639733,,,,-0.3109468157025116,0.0231362965231432,-0.3562250200148991,-0.0338588609605556,-0.2577881619937694,-1.2077359662860427,-0.0858401021576861,-0.976085019759236,0.3933022216289731,0.1159112191894609,0.0745144276498677,,0.5970908748241535,-0.1827524961015681,0.8282610388599019,-0.2175453747553494,-1.6241742233644294,-0.4746933186291765,-0.1389186415963852,0.2143831143247506,-0.1881832321948868,-1.2341007477917512,0.4551983438503667,0.2862540216653384,-0.8541896805407632,-0.9431000115166944,0.4267910669439118,-0.7120450193976385,0.145755314744001,0.0,,0.8527858472541217,-0.5536231008548042,-0.2622907077579881,0.4451389608762047,0.6473051001709486,0.5970908748241535,0.8758499241956147,0.8225268236394261,0.5970908748241535,-1.0102025430969492,1.0163373141435408,0.5849106093598282,-0.1745108408249603,,,,,,,0.5513474852266178,0.6249778526054349,0.4895922986700105,0.6094155458243152,-1.32214915797915,,0.514482150369408,0.8497257441130099,,153.3883,-0.1277659378192468
2018-08-31,0.6333813687382996,-0.0628363619455238,,0.2480135999218869,0.4790177216675536,0.83104849963348,0.0704685694164818,0.8574221364295194,0.0,,0.074167023189938,0.3014062894426945,0.8512564150982179,0.1025588269920725,0.3833016394083579,,0.6647110328112229,0.5866008490270961,-0.7008557634066168,-0.0168626404919651,-0.4007424144609425,-0.04232644329036,0.7244138311819784,1.0560237840309272,0.5251440391414498,0.1575788695115316,0.2420849715221794,-0.0155568417634851,0.6479957199498991,-0.0051831830007795,-0.3483528814172193,0.6725358350598225,1.334875085121004,-1.3260863013875557,0.0,-0.52810886580458,1.2033200494790837,0.0,0.0,-0.4504671741174556,0.1124926955326972,,1.2624292290585244,0.8519109648213187,0.7628857710220726,,-0.2222775380757458,0.0968133690806716,0.2221045684006311,,,,0.1337897807528236,0.6112460634494505,0.3939041468616776,2.1159829682078306,0.9780103394720008,,,,-0.302380540258544,0.0746669880194735,1.2477241745979246,-0.2824022288570778,-2.882398753894081,0.2358813495821824,0.4392221008148918,1.0436640077298716,-0.0493604342218846,0.3833016394083579,1.0226166950163251,,0.8071420077585646,-0.2415195292362781,0.82519496701414,0.8716599627333274,0.045073011854288,0.166931517831164,-2.273624899865888,1.0525927775915422,1.297011121577906,0.0943000663654766,-0.188578184667932,-0.659665279376605,1.0047828226729258,0.5938837631746625,0.2820879803407956,-1.7386110446999543,1.0905874453317548,6.742716087279052,0.0,0.6540776378685906,-0.5265230917932764,-0.0249831058055122,0.5077227992381637,0.6016200145121816,0.8071420077585646,0.6730138704981115,0.671444494843885,0.8071420077585646,0.1517314167965019,0.7626554303425348,0.6343405997426923,0.0539397144368059,,,,0.0,0.0,0.0,1.1699407675909144,0.6318339481054672,0.6183266751335713,0.6392307470185672,-0.4669767441860465,0.0,0.3000990720843721,0.5054900314618604,,156.2028,-0.0773052723766795
2018-05-31,0.5459346496158128,-0.0611958510622453,,0.1717651579599315,0.3791218692148557,0.7552217985262096,0.2079527029137572,0.5980529804996884,0.0,,0.1091216455710269,0.2842134714793956,0.8283115390133079,0.1416879577663818,-0.0508105812350242,,0.5138667633702789,0.507101503993291,-0.1369308299890148,-0.0528660721366313,-0.8037443511943189,0.0178785878460596,0.4776089159614182,0.9785533994896638,0.2676773341784372,0.1234698306162244,0.1524447208151818,-0.0145827745387297,0.6359210971815812,0.249197720209352,-0.3483528814172193,0.7389172610786093,1.2636974336180635,-1.3641784233615608,0.0,-0.3963675507319104,1.21898817892613,0.0,0.0,-0.3876317353656663,-0.1602067462965753,,0.0302170178845058,0.954377014199826,0.7687613330263636,,0.0093852564811741,0.0463171750037266,0.208426364552932,,,,0.1478396505797972,0.5207208167858309,-0.0554250708297631,1.9628496489184848,0.9062630566645818,,,,-0.2993538433549097,-0.0702623908317159,1.1292545184214349,-0.0268796852920019,-0.5311526479750779,-0.948691396751006,0.7390579815080546,0.1621352722023429,-0.1798185243952751,-0.0508105812350242,0.9159372554828268,,0.8367493005400481,0.0988387058133159,0.6553150066194222,1.0882369046445663,-0.2078237664638471,-0.2898278840460576,0.0064625880955166,-0.3613207559769376,1.2119087782329616,-0.2565872594945672,0.3976009386055908,-0.8771923610496177,0.1934257392754712,0.5895813907055163,0.4226323890794199,-0.5130338871019265,0.9788624955954496,0.0,0.0,0.8554642174774634,-0.5715407617724348,-0.2800781918426418,0.5600085404891906,0.6606507729581483,0.8367493005400481,0.8803614517243057,0.8575714717570943,0.8367493005400481,-0.3722169171231844,1.0029785945435832,0.6411967243733491,0.2957870615194782,,,,0.0,0.0,0.0,2.184974550201724,0.6685596287251404,0.5286855556224862,0.6662553311222034,-0.4822453889334402,0.0,0.3087201744162832,0.5244373437260895,,143.8872,0.0016700582122662
2018-02-28,0.5373370248616243,-0.0022217370598165,,0.4204018299305372,0.3147765133327518,0.7399024604577052,0.2910576816590328,0.4305105398821338,-0.0188679245283018,,0.0941276240489125,0.1131850982313507,0.8306341648159041,1.2072168141197197,-0.1787487537406945,,0.4670404937129622,0.6658300258321735,0.0287304939566532,-0.0517990901816032,-0.7918011620400258,0.0184989303069104,0.4249115917581438,0.9062139867021028,0.256971127428067,0.1721369496249839,0.12796485125801,-0.0123664186795036,0.6516259589681861,0.2477804436075763,-0.3483528814172193,0.7033619771545945,1.2992568847660444,2.082779760546584,0.0,-0.2391444606678758,1.0541204035504974,-0.0188679245283018,0.0,-0.4145854215112089,0.0030470602647795,,1.45952363360512,0.8953418764269153,0.7610795110833366,,0.0080945532322897,-0.1533701718217782,0.1030844148974563,,,,0.0,0.5118205160152097,-0.1877936526295344,1.8198585632126825,0.8392676965908585,,,,-0.2921631093885687,-0.0702623908317159,-1.7440751261943253,-0.2110963294209864,0.1300623052959501,-0.0303164988492854,-1.1442198408832602,-0.3018314023829172,-0.1459569409269135,-0.1787487537406945,-0.0161556899111954,,0.6776740460532958,-0.2329575960418884,0.6519863829029782,-1.4048831544314015,0.2809119563869072,-0.5170695049487491,-1.4327323786464568,1.5705900343638022,0.6180763978647739,0.5892615660586404,-0.17802521370038,0.6195932583606364,-0.2336081539076479,-0.7410833571134533,0.7408455078177743,-1.1451698775065746,-0.0071986383612131,0.0,0.0,0.3805364876286802,-0.0796085420001812,-0.3555524619119297,0.2265921746220601,0.3711856329401926,0.6776740460532958,0.3908713053015413,0.4066125359217244,0.6776740460532958,-2.020606121525858,0.5182294157969808,0.5404870980727445,-0.4089546976908161,,,,0.0,0.0,0.0,0.5936851169024158,0.524533242200171,0.3599294431617234,0.5855941678815794,-1.7469339748730286,0.0,0.1864178812427711,0.2726905155336793,,147.455,-0.0225662066393137
2017-11-30,0.5257464978511777,-0.0554707732233459,,0.4070504496512829,0.3763565612715601,0.662321301059978,0.4424276672052522,0.8996036549221174,-0.0188679245283018,,0.0119312789913551,0.0631486011094627,0.7863941500673155,1.1797543865839462,-0.1455412378148326,,0.5918996182207964,0.2945012668929716,-0.0160658804075167,-0.0508618763021865,-0.7813105229180116,-0.0392724496369406,0.4888026651475663,0.8239704510804473,0.2608666740757587,0.2145837535835885,0.0552588080010498,-0.0509903016785013,0.6386574509209395,0.0980755408428746,-0.3483528814172193,0.6198892376509396,1.231422834845897,2.3890321552960017,0.0,-0.2770494864400858,0.9276858794630428,-0.0188679245283018,0.0,-0.5623439453818414,0.1301358612051849,,0.09426549434452,0.9435142037308774,0.740360043578513,,-0.128240587085592,-0.2667011481562785,0.0503936116795988,,,,-0.1133759209143481,0.4998219490350997,-0.1545055982344983,1.6572903034265511,0.763099877826696,,,,-0.2895466825463126,-0.0702623908317159,-0.0679775008835406,0.0,0.1347352024922118,-0.7684740680065684,0.3803991521965219,-0.6975039323956284,0.0280370799817308,-0.1455412378148326,0.0555216537999461,,0.7850913504793572,0.0156664553753439,0.6519863829029782,0.3365828244758494,-1.2984405265886558,0.1362318427740395,0.0394055859083176,0.048566082539903,0.6247362002614264,-1.3738847684289153,0.2719799957418472,0.0151007999055462,-0.5977842686425713,-0.8334021428268584,0.199785315006346,-0.4104423786668166,0.0712035666375359,0.0,0.0,0.7025181716571867,0.0296734829492252,-0.3603379418955721,0.2340186869616745,0.4965475150963584,0.7850913504793572,0.722079379982678,0.7117204691201916,0.7850913504793572,0.3454792179725586,0.8104294685931266,0.4902656951309914,-0.1032963158822492,,,,0.0,0.0,0.0,0.457061711420814,0.5220415260495856,0.3608755834926265,0.527250151598279,0.1820048115477145,0.0,0.4237867419888053,0.6376494999936824,,135.5494,-0.0044588910020995
2017-08-31,0.5050020480786556,-0.0290206229945426,,0.3138965969557089,0.3602463023315113,0.6419219316172854,0.3913084220958265,0.6981656073243767,-0.0188679245283018,,-0.0141852537035837,0.0243922638536732,0.7701732586403799,1.168152584159324,0.0250919289928308,,0.5821282999035906,0.4432821434141594,-0.237052195686865,-0.0519000209070788,-0.7929309231762427,-0.0414197889245011,0.5031045669256524,0.7834130238994391,0.2182777283723757,0.1383995647735539,0.0403416129508419,-0.0181120036139305,0.4994335424434148,0.0955244429596784,-0.3483528814172193,0.9636894243884472,1.2086155712034787,2.1256936701122355,0.0,-0.2553056807102141,0.868724787049465,-0.0188679245283018,0.0,-0.6092917788520656,0.2301837317218519,,1.4624937529743645,0.9405911075646084,0.731300063839333,,-0.1305638529335841,-0.3124220568695418,0.0202742870877644,,,,-0.1662473039385094,0.478347199022715,0.0230436532742981,1.577121688247474,0.7255386185773995,,,,-0.2814373979725224,-0.0231362965231432,0.3161498855776294,-0.9577439759879356,-2.0225856697819315,0.141324962243998,-0.5572750051561547,0.6156041541990205,-0.2630227576404224,0.0250919289928308,0.8759218386442472,,0.7800296611405404,-0.8730576468801493,2.240567601544161,0.549705324190326,0.3092515609047045,-0.1179927198145974,-0.2839038352490076,0.5325761633008482,1.4688077347178712,0.7145840217478834,0.1043537347170819,0.7321939844741581,0.6107974875579061,0.5295153636614308,0.0,-0.1132838162819619,0.917889537005214,6.005482652478278,0.0,0.4414958839751715,-0.1414202434530461,-0.3088548781442778,0.2525230802078804,0.3947242685491507,0.7800296611405404,0.4496707531424649,0.4715787403327391,0.7800296611405404,-0.2879831130321154,0.538079040289789,0.4382313054594937,-0.0324343380927199,,,,0.0,0.0,0.0,0.4795950253109181,0.4447837550343584,0.3908127250828425,0.4606342079585906,-0.3968350708366747,0.0,0.2425688767175748,0.3692100560023922,,118.6029,0.1377883677380569
2017-05-31,0.3915751976178798,-0.127291438792706,,0.3104628285695714,0.245309573042896,0.5374053140081447,0.1485246637153315,0.5467336786712712,0.0,,0.1647319686716899,0.0337181178676727,0.6868117817877722,1.0580651650110524,-0.2603458209058776,,0.4131775736051593,0.3416179241705111,0.1337973071256875,-0.0513953672797006,-0.7872821174951582,0.0,0.0061148281320053,0.5634372430579753,0.0344482573547438,0.0790082705250224,-0.0358550083193961,-0.0233634964778293,0.4645406564343908,0.1995525455300108,-0.3483528814172193,0.577285665852185,1.1048659653023698,1.6829588555142738,0.0,-0.3917330582181912,0.9096705322509598,0.0,0.0,-0.2876650124223398,-0.38870834378326,,0.1937387937882652,0.8858932593873473,0.6540336895517399,,-0.0358262344654644,-0.3215499143189397,-0.0042955063669081,,,,-0.1295305795845451,0.3609272006594052,-0.2725651890734588,1.1423023481475578,0.521813483452907,,,,-0.2796087669164139,-0.1048336142406464,0.5357419216569966,-0.7028786969608818,0.1495327102803738,-0.6824609699511092,-0.1109911665196614,-0.0480192341809539,-0.3190519679074802,-0.2603458209058776,0.7450583839358119,,0.4426824261107783,-0.8008231092338111,0.4936475797390056,0.4822185404043012,0.4705869256141042,0.0670951761819788,0.0212239313777553,1.7525993218057223,0.6606494767819718,0.4405251480727632,-0.5261409810965196,0.4289855072463768,0.0,0.3569405525066552,0.1776619588993006,4.028942763405064,0.8272919690401671,0.0,0.0,-0.0977953810381977,-0.3273386292928988,1.0705988810677711,0.1858670375796996,0.4088416696387942,0.4426824261107783,-0.1106734096882009,-0.0647887233789362,0.4426824261107783,0.3267326732673267,-0.0821346905922878,0.4723397714393105,-0.4889829014630706,,,,0.0,0.0,0.0,-0.4872056607573137,0.3917105185857386,0.963650234627033,0.3781494332608303,0.2895268644747393,0.0,-0.003069006541493,0.0,,112.8977,0.19528564355164
2017-02-28,0.3144525025638383,-0.2285541163345988,,0.1725417073147685,0.1184846189014642,0.5102631266493982,0.3573746936735604,0.2448464622939158,0.0,,0.1757351284886865,0.0426485345814893,0.6043805054927522,0.9520123479663004,-0.3152927755866954,,0.2110401245176693,0.2634574885604636,0.2048459926118538,-0.0513665299295647,-0.7869593285990962,-0.0029267439178602,0.0260220159909932,0.4031402077237359,-0.0566326460128947,0.0344733576620026,0.0,-0.0252975140110394,0.4213093790554316,0.1920207327320031,-0.3483528814172193,0.447885905943266,1.0723160418568185,1.1801152923854503,0.0,-0.6205833691536498,0.8586426949548283,0.0,0.0,-0.2678854145420007,-0.260674710154461,,1.238835320373174,0.8400579214356543,0.5823235494447627,,-0.0426854003023933,-0.3476206698201192,-0.0012757876374581,,,,-0.1752880820347045,0.2810894312932253,-0.3294960309343696,0.8254481433010722,0.3733583441707378,,,,-0.2686768646589404,0.1094195251680607,-2.6020440441121164,-0.20742051663427,0.2032710280373831,0.0036332637552464,-0.3347485332385478,-1.131285038741788,0.0085711253703708,-0.3152927755866954,-0.6904596369593069,,0.3827947435612664,-0.3098980596611591,0.4996017221622704,-2.266788385689723,-0.1813766495653639,-0.5488136634714967,-0.0325649634116704,0.7773137469899953,0.2020286108616119,0.3646019320961772,-0.342476885931335,0.5534283774609641,-0.9970354320970723,-1.5541752227488097,0.4673719316248548,-0.4801734235274972,-0.721439110673642,0.0,0.0,0.217449052529762,-0.1687860573292657,-0.5650317726868005,-0.1691790454765577,0.1595057864249609,0.3827947435612664,0.2402196457299179,0.235929318324451,0.3827947435612664,-1.1179574810272903,0.3109131934978741,0.270989428111039,-0.3610082848580997,,,,0.0,0.0,0.0,-0.058739384344034,0.2806387079763404,0.1074651418248587,0.3273467178552889,-0.9475327452552792,0.0,0.1578879446414047,0.2376612929266269,,109.97,0.2271073929253432
2016-11-30,0.3410865011657592,-0.2601888040581211,,0.013433845697467,0.2693344714986387,0.4371459537847436,0.2931987721385632,0.8402766623451621,0.0,,0.0905195797878276,0.1090456904173604,0.5585314376156959,0.9129344340993568,0.006001977148942,,0.4171512144734642,-0.0592333188164074,-0.2112122946851452,-0.0538321233661838,3.1496126533247257,-0.0053922075443186,0.1140980579977477,0.3158209195880865,0.0679893820425464,0.2746401129632686,-0.0647193059324616,-0.0251704617643322,0.398242665786152,0.1926686306071005,-0.3483528814172193,0.3662004285629925,1.0,0.8886898944803447,0.0,-0.6862454801938915,0.7794114340954564,0.0,0.0,-0.421071346082484,-0.1072840412073834,,0.0745264995500305,0.8586878868407244,0.5544087715004522,,-0.0420953645314747,-0.2273870949588434,0.06094521693891,,,,-0.2463360590802996,0.3086610693977975,0.0030849459202036,0.6528468000991083,0.2924897426075946,,,,-0.2560191853026297,,0.2896076049404086,-1.0483685842156705,0.1370716510903426,-0.7432723730005996,0.5429222451872233,-1.1206404624679358,0.3324243071541741,0.006001977148942,0.1239236862108035,,0.3794382332550297,-1.3517957742210802,0.4996017221622704,0.7886375761330586,-0.804421741661127,0.0689589687557014,0.0241762000342031,-1.2763034004538212,-0.0879648899891194,-0.6964626367920206,0.1881994808677571,-0.5401458130405266,-0.987238187819623,-0.2319636685874187,-0.2261753665847533,-1.5071573368478788,0.1934878689880596,0.0,0.0,0.4920155769053201,-0.0864228108859153,-0.5208545417105336,-0.1155286825831266,0.2984021227140239,0.3794382332550297,0.5040989967874562,0.4674809651593096,0.3794382332550297,-0.1943509071719354,0.5890007070655485,0.2826169978526757,-0.6881720430107527,,,,0.0,0.0,0.0,0.2195071141386996,0.3261095856352068,0.1485528625948781,0.3320595272551209,-0.1431275060144346,0.0,0.3101390825585261,0.4703246285577103,,107.214,0.258650922454157
2016-08-31,0.3546206778078545,-0.3199693693804964,,-0.0182065317765313,0.2741559400221116,0.4556097931886688,0.7632220856038642,0.5184273451811399,0.0,,0.0668138226935134,0.2278693763655332,0.4734729358392727,0.8210186563938322,0.3235996376887979,,0.3488195711837021,0.1835183744224834,-0.6224591305789201,-0.0538321233661838,-0.8145577792123951,-0.0070623603235324,0.1525428709540272,0.3768757285488439,0.1823590274185204,0.0749396367815248,0.0400881214466097,-0.0200319042308398,0.3382915766506322,0.1884168008017736,-0.3483528814172193,0.5602439067699986,1.019320647570602,1.0355477679859135,0.0,-0.5765896924194198,0.7225529803934067,0.0,0.0,-0.4636854997049945,-0.0069846177917831,,1.1707134849018168,0.861133965447714,0.5113629378439584,,-0.0459674742781281,-0.0396233555959462,0.2066094069509872,,,,-0.2973219713282611,0.3226717114345623,0.3319798587749452,0.7735319575318528,0.3490341456230097,,,,-0.2483851481290865,1.8310686620759649,1.137701475590066,0.4783108788235451,-1.2515576323987538,0.1481912412280804,-0.1820210371111491,1.3474024943845584,-0.2178111803966165,0.3235996376887979,0.9754494076371196,,0.4331244489018422,-1.670871815567631,-1.1006897549145038,0.6848196978301785,0.8847586362638795,-0.0721249744813698,-0.3818687500562551,-1.0117248278137116,1.0148896239986565,0.8821721226123007,0.0722164591194683,0.2029457776203548,1.2843430488069354,0.8972810076476264,-0.0659312467932273,-3.561414470578072,1.0573283285748922,5.486122835290206,0.0,0.6570465738104724,-0.0105234542543872,-0.4902506721424159,0.0445033751951393,0.2525952823111264,0.4331244489018422,0.2836192697031003,0.2806103136264408,0.4331244489018422,13.147208121827411,0.3922580997847154,0.305061931338986,-0.3694694165344614,,,,0.0,0.0,0.0,0.613649146928317,0.3186333163875215,0.2271064789482199,0.3413183375830097,11.182272119754076,0.0,0.3728181143743204,0.5612284866718799,,102.1743,0.3207332959462408
2016-05-31,0.2496695817519074,-0.3268670710305612,,-0.0741089225005462,0.1218118866620814,0.398423593368177,1.0984305295649384,0.2439267084284638,0.0754716981132075,,0.7986380751833365,0.0977710020107613,0.4582876833202813,0.6363224735733221,-0.2160075467445464,,0.1627118554307896,0.170156552687492,0.0769874408463191,-0.0639396145888154,-0.9276952872821176,0.0190715541169266,-1.5530286343760793,0.215783536162804,0.1107954457589511,-0.2488199372833801,-0.0294557127917857,-0.0201166057286446,0.391306971739964,0.2833338395035482,2.2097532837624154,0.3167814745821015,0.9592249386400628,0.5630039736695956,0.0,-0.4240821333173145,1.3679686919047545,0.0754716981132075,1.0,0.8518629131217054,-2.6800279827444773,,0.1823209059781912,0.436989984490731,0.3841590082346998,,0.0404727661614485,-0.2790878500433238,0.1014957255915238,,,,0.2814329312059038,0.2140258530945352,-0.2265786640378827,0.455105990270354,0.1998425912809479,,,,-0.2434702213102879,,0.7067603477286052,0.1989174609627464,0.1915887850467289,-0.4463686366495785,0.0360908887455404,0.3050043579855429,-0.3988681666445501,-0.2160075467445464,0.5684115638559714,,0.3217942073273337,0.1355021472569799,0.3490460244529242,0.7777188478308825,-0.7314257906304369,0.3664224338770751,0.1692334002394218,0.5320312573038105,0.044968271007222,-0.4840320220366704,0.0,0.4146167242244458,0.3249221273987123,0.1102691929623674,0.2945572628338419,-0.3164738287583301,0.6736294316045001,0.0,0.0,0.4436951436137206,-0.1134503277252544,-0.6931521231579527,0.0235420441165776,0.273510041691776,0.3217942073273337,0.4554438668609571,0.4172311387852209,0.3217942073273337,-0.73403025581746,0.5515744256620917,0.2801708346722691,-0.4544332804512603,,,,0.0,0.0,0.0,0.7198161226034484,0.3192803892374823,0.1303062309333012,0.3331127575575855,-0.5759529537556803,0.0,0.2135456754075555,0.3197836277588795,,105.7015,0.2766611637488588
2016-02-29,0.173535714981595,-0.288490159659198,,-0.0480635945816784,0.008554498700428,0.3562406912584372,0.684700289927504,-0.0127888333084751,0.0754716981132075,,0.7808873012136439,0.0523404789765386,0.4504643707306121,0.6130887641296721,-0.3935672512378263,,0.0144401004594514,0.1526297084484247,0.3067638981838322,-0.0680921930083844,,0.0155244677382154,-1.555559413816354,0.1556917507425607,-0.074200441782578,-0.5979302292885392,-0.0838464098875726,-0.0208083346273839,0.2858192709583978,0.2859659246211316,2.1444396295669192,0.2670833641327711,0.0,0.4133735722988302,0.0,-0.4972020484026216,0.0,0.0754716981132075,1.0,0.819953609155861,-2.572525090515022,,0.0669488402445667,0.4267623710004067,0.3671307558541467,,0.0428697864808053,-0.321607478931996,0.0423621464425752,,,,0.2354931067666934,0.1352117233250239,-0.4103930340135622,0.3363244117624587,0.1441900687269582,,,,-0.2353183965594546,,-2.049742047361897,1.4479732517676156,0.1534267912772585,0.0159649518809741,,-0.2487486828785384,-0.3838065005469205,-0.3935672512378263,-0.5479104114275672,,0.2476189194100978,1.7541039596088948,0.356197225405231,-2.238716349305435,0.3100562657243456,-0.5849012454447974,1.3556853673684306,-2.6903878849233327,0.8396608758516442,0.3996951075592777,0.6471685549007261,-0.0481832403553823,-0.1847509371884397,-1.2269784132641048,0.305379276822122,-4.613101994812563,-0.6067313583272397,0.0,0.0,0.8684221571211523,0.1318391880871114,-0.68850875742837,-0.2965344489605203,0.0768970373012261,0.2476189194100978,0.1591008451502237,0.1470852231911264,0.2476189194100978,26.78866160727748,0.2381077401019814,0.1980152041234195,-0.1611140490040543,,,,0.0,0.0,0.0,-0.1182356658264414,0.2124328584863445,0.0018367737623932,0.2653538669816598,22.88605185779204,0.0,0.6102531555374369,0.9224488306043456,,88.2216,0.5296140627692084
2015-11-30,0.1623044500848604,-0.3017028837173482,,-0.0719613855679218,0.1383922527364843,0.2344701409680309,-0.4486975979463705,0.5354332308410107,0.0754716981132075,,0.6455547379468959,0.0116353073281495,0.4548116258668177,0.6041433989347958,-0.3787965150354165,,0.2412074653103951,-0.0511717375055716,0.2871463775527801,-0.0671693978040357,,-0.0003022181219529,-1.4714292223175105,0.0399721032400993,-0.0856959436458135,-0.6803689644422438,-0.2655110963956043,-0.0221070909270578,0.2904603272162238,0.2430831840131199,1.879213217125786,0.2530066101443644,0.0,-0.0762789576328467,0.0,-0.4789768980918845,0.0,0.0754716981132075,1.0,0.5766758847519199,-2.385749578586006,,-0.0540385500567452,0.4311165198445131,0.3556877674563618,,0.0038167938931297,-0.2222801686900914,0.001245803242643,,,,0.1306440064581417,0.1235850661408105,-0.3951401091178106,0.1075849543042822,0.0370191759413199,,,,-0.2202830030137904,,-0.109507514989279,-1.0894354462765354,0.2001557632398753,-0.7452239724045706,,-1.6272340021647835,0.119463198999537,-0.3787965150354165,-0.2902686574751399,,0.3296200816242279,-1.3707506736247823,0.356197225405231,-0.0522249705480641,-0.6930194242384725,-0.1206107108388219,1.272553802396018,-0.7000599663707524,0.0613548900621435,-0.798590497241251,-0.4359134417199313,-0.1660733787892204,-1.453505752643199,-0.6936225477033215,-0.3653357997353568,-1.006366765044471,-0.2719614144500108,0.0,0.0,0.3593135675465211,-0.1527652762255716,-0.6478292772765109,-0.1558608333475159,0.195394534564819,0.3296200816242279,0.3693965401693742,0.3425983281286778,0.3296200816242279,0.2552143539227019,0.4297505561937287,0.1830999428076236,-0.3342147012162876,,,,0.0,0.0,0.0,0.8327326764299453,0.2253091225223288,0.076880840248305,0.2321071388519359,0.2895268644747393,0.0,0.141539616810973,0.2097892574804399,,94.3459,-0.1133181198123077
2015-08-31,0.182167346671593,-0.3857118622087103,,0.7818821185480475,0.1431800738361619,0.2656465534262215,-0.5304452275547554,0.459375227070211,0.0754716981132075,,0.6341435913523245,0.0,0.3287126840098907,0.4708162103271172,0.1147520686658691,,0.2562882356071207,0.0871177481776428,-0.3519617644701485,-0.0671693978040357,-0.9638476436410588,-0.0038015858498294,-1.413576303113356,0.0352718415561223,0.1114929863458955,-0.6762220877421405,-0.1045839648684174,-0.0260598274912828,0.2174760649575274,0.2341745882305301,-0.3483528814172193,0.3465702778474063,0.0,0.0,0.0,-0.4350568926742093,0.0,0.0754716981132075,1.0,0.5561628780567367,-2.240898375899018,,-0.101767891045448,0.4242662105082951,0.2759242472559186,,-0.0042961979570011,-0.2353078138807184,-0.0131549277962473,,,,0.0553771473232562,0.1441472282323276,0.1156289311981672,0.0982940920288724,0.0326661446983996,,,,-0.1992203173855141,-0.1120043515297517,1.5780004059650066,-0.5733537653346511,0.1985981308411215,0.1168213751329313,0.179536209370598,0.1630303215914662,-0.0113118842502322,0.1147520686658691,0.4926516940445559,,0.2567550891741324,-0.6142003455290495,1.7641761322549423,0.4644300405052122,-0.2054891682914494,-0.1374418158277226,0.028928632505558,-1.8189977202094685,0.8392081261273103,-0.0589014431020167,-0.3895557478267566,-0.6242687210366303,0.1942495407383028,0.3453252293491083,-0.2339931408819637,2.312757036289958,0.5378694941912956,5.333785247145696,0.0,0.1696038556133745,-0.1441266197480895,-0.5862938052686685,-0.0063372905298042,0.1596589022395493,0.2567550891741324,0.1746356971306195,0.1619272927130652,0.2567550891741324,-0.7233251243906117,0.2461120386001684,0.1891739355895513,-0.4117750749162701,,,,0.0,0.0,0.0,0.3720253595261407,0.2063540349634158,0.1646044486887599,0.2204603618347051,-0.5853194333066025,0.0,0.0704565544312973,0.0956912273214177,,82.0691,0.0528798293145653
2015-05-31,0.112304913484093,-0.4513279383435272,,-0.2070317231292304,0.0194355333698724,0.2359118997078998,-0.1948165164969033,0.2578520878986396,0.0754716981132075,,0.5601797496371886,-0.1049560231442736,0.2731901267528726,0.393025938382444,-0.0134969739041638,,0.0939439362825413,-0.006232619106263,-0.186025004162563,-0.0938006906545357,,-0.0072532349268711,-1.338828371409245,-0.0741108459974058,0.0063623000653415,-0.6824032813139926,-0.0971449641865253,-0.026977427050835,0.1743767918501097,0.3001791842560816,2.135373948579021,0.1635179661551688,0.0,0.3544961016708355,0.0,-0.3445522469893224,0.0,0.0754716981132075,1.0,0.4232033399656356,-2.096384002543703,,-0.1908182375976176,0.0782425324376279,0.2237571098605173,,0.0558136962053324,-0.4010947586560639,-0.0771058385057422,,,,-0.0134184996340268,0.0718253154117836,-0.0171495218730601,-0.1179192921829924,-0.0686359291793728,,,,-0.189389772499631,0.0533427233213139,0.4186591408585232,-0.4040691977842882,0.1978193146417445,-0.4948747245382598,,-0.2450812980202688,0.0024509310547876,-0.0134969739041638,0.4126997412924771,,0.0740496431464143,-0.5443102146401357,0.2539777720916261,0.7925551138417058,0.0407791323818944,0.258211233894438,0.225902557132699,-0.794403494877483,0.3355897795400939,-0.0276846779052945,0.133541107029123,-0.0788925292954337,-0.1813754843388841,0.3487700140154865,0.0828900110718047,-0.8699263271460458,0.4831696760612737,0.0,0.0,0.2349875993008343,-0.0711994442262965,-0.4993140812023446,-0.1592027639003423,0.1722648227177134,0.0740496431464143,0.2419220589933852,0.1973885848273502,0.0740496431464143,-0.1746494446398954,0.303527487442933,0.1591610470033166,-0.3419707385862859,,,,0.0,0.0,0.0,0.2923428396836309,0.1896457696444938,0.1401170754045459,0.1909277411755699,-0.0469820903501737,0.0,0.1252583518031847,0.1744076508056398,,84.3674,-0.0423690286128042
2015-02-28,0.0891596178291796,-0.5071459942073546,,0.8126405741883813,-0.04444258577422,0.2465539741139561,-0.2258254130969993,0.0216025037956578,0.0754716981132075,,0.5474015428699972,-0.1017641726344953,0.2238626583479003,0.3482592335946943,0.0,,-0.0055309943735545,0.126432765184605,-0.203496602579325,-0.0910611423916256,,-0.0071577976252018,-1.3202441596101384,-0.1325217577609261,-0.0063623000653415,-0.6512674747697028,-0.0364602680341168,-0.0236458348038454,0.1447288269433116,0.2927283586924611,-0.3483528814172193,0.0708413222601267,0.0,0.3870001162395223,0.0,-0.2769004436996715,0.0,0.0754716981132075,1.0,0.4002328664207132,-1.986799006969776,,-0.0272872833274515,0.0512355039904973,0.1939754474910483,,0.0490282848397684,-0.4015020068141037,-0.0800646212070193,,,,-0.046688385801304,0.0478651986768306,-0.0030849459202036,-0.2333783395858187,-0.1227317521206452,,,,-0.1830484264355369,,-1.85940215985748,0.2366760915155668,0.1947040498442367,0.340149193413895,,-0.6597573489100622,0.1630765213859906,0.0,-0.5619853978260855,,0.0635583047828028,0.1452676566699014,0.2628800605204312,-1.744652889575188,0.0178307320905467,0.0345154308867325,0.9368592541921316,0.4788174471421149,-0.1315603069935227,0.2968980387474418,-0.5199874973386546,-0.8478526520853626,-0.5630423973333618,-1.0924886795102369,0.1613648024628014,-1.2987839056858888,-0.5581031920519012,0.0,0.0,0.0708102199065928,-0.1203370888331772,-0.7769038234534924,-0.3945891668845626,-0.0025368646308617,0.0635583047828028,0.0734599266016303,0.0479262796164198,0.0635583047828028,-0.9169724079006886,0.1417065814639493,0.1055672660071948,-0.3860391327340032,,,,0.0,0.0,0.0,0.1528168378365241,0.1254846858647178,-0.0765869059855045,0.1750231846315943,-0.8026730820636193,0.0,0.030807425354556,0.0298445438732203,,78.0394,0.0309425504155022
2014-11-30,0.1357526227484361,-0.4959501249817912,,0.7314350443094136,0.1424117644150905,0.178488368946449,0.0056792850915926,0.4078020846479503,0.0754716981132075,,0.4776594508995271,0.146627653502418,0.2157072682063009,0.3590992333933454,0.1575229597283356,,0.1567275628747906,0.0181916114895644,-0.4076574782585176,-0.0937574346293319,,-0.0140610957792853,-1.3017699441903174,-0.1003201059325894,0.1108436942062893,-0.6014316015966453,-0.1283144745403857,-0.0259045414119739,0.200289740867471,0.2827264352456444,-0.3483528814172193,0.0092798878088323,0.0,0.1809634103814809,0.0,-0.2246612465356771,0.0,0.0754716981132075,1.0,0.2748624676032163,-1.8664327057004653,,-0.0154196555634438,0.0856372963269524,0.2021400501999894,,0.0399196076262123,0.0176147715952142,0.1754459483526053,,,,-0.1401400356934615,0.0960984921089946,0.1599061382885037,-0.1697263277845026,-0.0929089877923861,,,,-0.1680492287333334,,0.4050417968794274,0.4132149121152111,0.073208722741433,-0.6875819791979361,,-0.7017076847053332,0.3385593544129169,0.1575229597283356,-0.0609924841816356,,0.1917428949003928,0.2673678971712394,0.2628800605204312,-0.2359612439120932,-0.0249712946205641,-0.1541318477251625,1.0427088865086722,-1.4056384415154264,-0.5654698008631455,-0.3695029808928516,-0.4271869464967633,-1.0800909117742554,-0.6016533928989533,-0.5072541644277271,-0.367145094650428,0.5864535973528401,0.0216084478677155,0.0,0.0,0.3123775184783654,-0.0207086114718941,-0.7100666196819541,-0.0575183380703136,0.1811104893556837,0.1917428949003928,0.3196400044612229,0.2809757499810153,0.1917428949003928,0.0524199628084635,0.3814845211626948,0.1624095275770501,-0.7717257183148246,,,,0.0,0.0,0.0,0.4167447867841593,0.2023838021825072,0.0899022542424144,0.2053807148186226,-0.0102004811547714,0.0,0.1623299742359636,0.2275221784354989,,74.3614,0.0999536437384962
2014-08-31,0.1576760769306945,-0.4831064795457427,,0.5831003732991865,0.1474263468258439,0.2119678002314912,0.0688329353101031,0.276866708351977,0.0754716981132075,,0.4604064816920247,0.1565772538993475,0.214980063098995,0.343318561393311,0.3296161808826793,,0.1619416898401439,0.1692906507304343,-0.6304954206843775,-0.0890569465571808,3.052453195610071,-0.0149677501451442,-1.247468182603695,0.0166298262305745,0.1785146158774093,-0.569831227497509,-0.0787962741428721,-0.0238858223809591,0.2023818748654203,0.2672173798604995,-0.3483528814172193,0.2024726821031384,0.0,0.3397293771714189,0.0,-0.1290239768966751,0.0,0.0754716981132075,1.0,0.2438480318554841,-1.7254166785106158,,-0.0119851108540148,0.0387864365858583,0.1989015367695234,,0.025795626359848,0.0176431243150777,0.1806545279035624,,,,-0.2036879994470526,0.1187937529201822,0.3380993598588424,0.0614449954102354,0.0154013027386969,,,,-0.1395855607645427,-0.1120043515297517,1.111383815184946,0.2290347826827834,-0.1191588785046729,0.153306045071397,-0.6058931556983189,0.7566423066449139,-0.0024509310547876,0.3296161808826793,0.6194098348299163,,0.169844806271469,0.193039935486033,1.5448896948390758,0.666677618249718,-0.3395345434651925,-0.1199487524865828,0.1783782324191501,0.4874932053694609,0.1589151532411768,-0.3156941856622802,-0.3144093172006722,-0.1507128309572301,0.7406086887183386,0.5613375242474532,-0.2159406983338284,-1.413365585716266,0.7222036105022802,5.452919960095158,0.0,0.1781232424809663,-0.039556589240946,-0.631381727587277,-0.0248911938582742,0.1376538844682761,0.169844806271469,0.1853452797911565,0.1600721794990787,0.169844806271469,0.3991053927727798,0.2256222428579546,0.1699282949131267,0.1145778247840648,,,,0.0,-18015000.0,0.0,0.6119686964009193,0.1881986353001963,0.1374287753443399,0.2039656632416312,0.3685645549318364,0.0,0.0457871421597273,0.0442908867302829,,68.853,0.1722939885787355
2014-05-31,0.0899491479547637,2.360442327651,,-0.1302965061292135,0.0217621490721204,0.1948088801059811,-0.3170176938127028,0.0877124421090472,0.0754716981132075,,0.390040230845414,0.0541520294762445,0.2062291060329587,0.313707760529485,-0.004807178146946,,0.0252811772689686,0.1356772912950433,-0.1975461845984423,-0.0918109134951589,,-0.0159221231618378,-1.161326567118146,0.0015107983984211,0.0198001112188568,-0.5521189781958886,-0.0958232984821513,-0.0226858844953908,0.1797070416803487,0.2725220437128597,2.00128279816448,0.0263976303084637,0.0,0.2395481296199828,0.0,-0.0352143226106621,0.0,0.0754716981132075,1.0,0.1173556270152779,-1.581249196602929,,0.6115655677255595,0.0111085092221948,0.1804438289504598,,0.0306265442342442,-0.1355552128408609,0.0616271201113194,,,,-0.2565507426685736,0.048682523901654,-0.0080339530536699,0.0315596794914475,0.0013991886137958,,,,-0.1268347522727355,,0.2564173897274367,0.269312927298022,0.1721183800623053,-0.2828391892950584,,0.2005627995511509,-0.1465186166984995,-0.004807178146946,0.3687858538454779,,0.1529545592224383,0.1941123161925921,0.1426090535895068,0.7647380928913274,-0.5626985919255982,0.4672734166071514,0.2883682415099774,0.0354028631604814,-0.0772449449032795,-0.3620195097840484,0.1061928943208019,0.4004722689571711,0.2287943497986968,0.0531139127383361,0.0202870567902568,-0.1258526020560894,0.4621174909944716,0.0,0.0,0.2916117551267092,0.0247802579514906,-0.6684938499331483,-0.0832759583682095,0.179306920342881,0.1529545592224383,0.3003111272762414,0.2589529724726919,0.1529545592224383,-0.2319445142483791,0.3686192369302565,0.140568768322152,-0.250308478759034,,,,0.0,0.0,0.0,0.3775041837662924,0.1831290885117763,0.0974839920940514,0.1784807669966349,-0.1415878107457898,0.0,0.15312736663929,0.207594929600402,,67.6293,0.1851722901902713
2014-02-28,0.0428666912791256,2.2984458375305734,,-0.013433845697467,-0.0239351985700323,0.1505343654467531,-0.3221517675355026,-0.1210544758167835,0.0754716981132075,,0.3704047000482733,0.081124832591992,0.1971409592525507,0.286002932363431,-0.1460920643037219,,-0.0573867933497436,0.2466354680600642,-0.0147154978115216,-0.0914071905932563,,-0.0188488670796981,-1.1565283525103571,-0.0043159357756066,-0.0834624941519376,-0.6844229276313779,-0.1521081620949473,-0.0224176630856755,0.1185968432138712,0.2639373968678187,2.0503505454044544,-0.0088157282370484,0.0,0.0045290362021534,0.0,-0.1259371487330375,0.0,0.0754716981132075,1.0,0.0820582297408585,-1.490798069180569,,0.5616389258190659,-0.0111085092221948,0.1636133056640845,,0.0228085702695725,-0.0991589122693817,0.0815744805717443,,,,-0.2881513746590601,-5.745224452151204e-05,-0.1542726897772431,0.0200421537947693,-0.0039970972973055,,,,-0.1135397704043438,,-1.5530799246182745,-0.702786193062938,0.1915887850467289,0.1668989814605813,,-1.1409175801329938,0.184515963102944,-0.1460920643037219,-0.5697919800448789,,0.0357728611782338,-0.970823971986906,0.1549623416066839,-1.3750838969487325,0.0356201157121001,-0.3415176073461099,1.9272373786014527,-0.1240409053452874,-0.2104409928363309,0.249895175868513,-0.5647125973372955,-0.0151007999055462,-1.005901201724193,-0.991501401097604,0.158529340282466,-0.1917181827496629,-0.5614831875111771,0.0,0.0,0.0,-0.1376748119732987,-0.7170331184217777,-0.2751120552408743,-0.0089917108386319,0.0357728611782338,0.0014594950411918,-0.018975340901784,0.0357728611782338,-0.1448962155098758,0.041363694234071,0.0372714480112018,-0.2298607438744932,,,,0.0,0.0,0.0,-0.0830781409495239,0.057469745281379,-0.0018367737623932,0.0800390562830855,-0.086629243517776,0.0,0.0123995629445255,0.0025719825183808,,69.9917,0.1526523859257599
2013-11-30,0.0544501395926333,1.7447915777420888,,0.8257846455690729,0.0604472779154416,0.1045001808378918,-0.153397490323918,-0.0692819896513348,0.0566037735849056,,0.3023368762045822,0.0592459582701732,0.1159800553242479,0.1894070631340749,0.1785482789642928,,0.078888888608686,-0.0071735204454281,-0.4352993782334305,9.763339076772237,,-0.0275336615316096,-1.0820284518575771,-0.014728075615018,0.0521236842761815,-0.6835133532608364,-0.1449829058979088,-0.0239987577113655,0.0976648067556528,0.2485903159514481,-0.3483528814172193,0.0678581472186972,0.0,-0.2188402739808592,0.0,-0.1368252026173718,0.0,0.0566037735849056,1.0,-0.0403024563357217,-1.3459174348044065,,0.3701414891073442,-0.0155598466750524,0.105454603641334,,0.0088320979459379,-0.1340112783682923,0.0761434361560296,,,,-0.3574669605085698,0.0119337868358928,0.1817233519693163,-0.0005392018284836,-0.0136400433871206,,,,-0.093992386241021,,-1.2580773126353002,0.1543524909717412,0.2967289719626168,-0.7056381520618616,,-1.4253942949154628,0.6163015741579114,0.1785482789642928,-0.667207293155042,,0.0015526103822966,-0.0156664553753439,0.1549623416066839,-0.9622733609000323,-0.2774005171739275,-0.2934333867105078,1.2945518042141837,-0.0990126249911519,-0.4617609043310622,-0.5016757977046986,-0.536648652566443,0.7371528085244546,-1.2677329359583245,-1.1926688872136726,-0.3807080554130323,-0.0050668922190456,-0.6520460493049366,0.0,0.0,0.1723364647708437,-0.0317274292445706,-0.6983320427038832,0.0063372905298042,0.1258024744499514,0.0015526103822966,0.1533581789473301,0.1101272713571509,0.0015526103822966,-0.4996230587525758,0.2425026236231822,0.0628887602479341,-0.4731182795698925,,,,0.0,0.0,0.0,0.2233888159767792,0.100846976143952,0.1210391017722154,0.0835331699720575,0.4334883720930232,0.0,0.091211615633844,0.1156521702506419,,65.1716,0.2417419705372163
2013-08-31,0.0800729061998949,-0.5875528234696223,,0.6357785952416881,0.1145929993265731,0.1088238534700596,-0.2227983541431804,0.1084948639108469,0.0566037735849056,,0.2890635033956526,0.0650113843662992,0.0920095516495084,0.1499121810861728,0.6019935549084313,,0.1626757933222558,0.0692184638251559,-0.9837055818543518,8.200498886157352,2.934151065203357,-0.0329894939437079,-1.010817011587094,-0.0137827222312106,0.1660887849783201,-0.6830487857059898,-0.1167304977773669,-0.0249728249361209,0.0038260575094963,0.2347010052540468,-0.3483528814172193,0.0333649793254902,0.0,-0.3978233073157711,0.0,-0.2314826437461977,0.0,0.0566037735849056,-57.0,-0.0641630546586602,-1.1978793084408323,,0.2496130171263728,-0.0274297493091737,0.0819500239131537,,-0.0038167938931297,-0.1169489552237523,0.0796719223587949,,,,-0.4149103498632696,0.0384585929189863,0.6200110423208951,0.0013294490426984,-0.0127645277048039,,,,-0.054784243726343,,0.447408469831339,-0.6660937916495757,0.0443925233644859,-0.5274189632477221,-0.2388835498918304,-0.5441547122115473,0.7359850266698275,0.6019935549084313,0.2918769518920576,,0.076759980345568,-0.8535038114435285,1.2485665335365514,0.3993244437769194,0.288396029274716,-1.311601294888203,0.6630903412210511,-0.6624828214377773,0.1701900818600711,0.3788857819602529,-0.4521234139513392,-0.1322471147318397,-0.4566419881752493,0.1737727879451781,-0.2750195781912452,0.2766699950375798,0.361188088649202,6.097374636550448,0.0,0.0190817735873179,-0.0736883438547739,-0.6271037985109906,-0.1026127398724806,0.0644657549409059,0.076759980345568,0.0188926834289065,0.001665994081444,0.076759980345568,-1.1267527768005228,0.0877164084522745,0.0198251050170359,-0.9670368411775075,,,,0.0,0.0,0.0,-0.015165718809241,0.0495328289066719,0.1076039090733911,0.0365380392483411,-0.9024966586474203,0.0,0.0168080611277628,0.00215080634179,,60.0427,0.3475505564677371
2013-05-31,0.0550208139231692,1.07904784980825,,0.5497270766896892,-0.0011034281940853,0.1575570093708972,-0.4527923624974088,-0.1515000497164251,0.0566037735849056,,0.221515608970249,-0.0055336351755157,0.0183878092818338,0.0331548349175957,0.7193652117615447,,0.0289262242392345,0.088679951216311,-1.1483718609249849,8.63109819838655,,,-0.8318779212733267,0.0287140046483556,0.2144900190663843,-0.6246306382302421,0.0217757001874082,-0.0255233846718522,0.004728208249258,-0.8019355949018536,-0.3483528814172193,-0.0313745441511145,0.0,-0.2467119283275715,0.0,-0.1178055354927151,0.0,0.0566037735849056,-57.0,-0.1855891005963234,-0.9424492246762326,,-0.1183311710631806,-0.0587413405755375,0.0145598448059781,,,-0.2278312875700387,-0.0147083128953814,,,,-0.4680850121134464,0.0125245515330107,0.7414888722727243,0.0853314181117239,0.0265927660516748,,,,-0.0134604884870775,,0.4696252654485656,0.2622485506708358,0.0615264797507788,-0.4890556073965307,,0.1270760441576092,0.6179436061108917,0.7193652117615447,0.4905683611677094,,-0.0271302958709987,0.2009202224334343,0.0022572785831099,0.3901720493697364,0.403398844151259,-0.0119247456445378,0.0785411472443992,-0.6955457941403907,0.0,0.4021664579440031,-0.0438861533025598,-0.4225272292570619,0.1611573039243321,0.3049909384963407,-0.0579581971861413,-0.1514884247028073,0.5909737925024066,0.0,0.0,0.2537051971875821,0.0166490470293291,-0.667652765572387,-0.1222929975724587,0.118836627270603,-0.0271302958709987,0.1953611886180567,0.1433342634115287,-0.0271302958709987,0.1068000201035331,0.3156864254204091,0.0370364140264013,-0.4977965802926141,,,,0.0,0.0,0.0,0.2274927261490601,0.0837060835962456,0.0819433217788573,0.0619278466060452,2.263159582999198,0.0,0.1462887235407935,0.1976579796740377,,68.0484,-0.1236149564133763
2013-02-28,0.0429776881661774,1.03005484232242,,-0.1544955249625398,-0.0481203608215776,0.1745927205281842,-0.2777227202639731,-0.0010251622476413,0.0566037735849056,,0.1965005390855138,-0.0240699451486185,0.0112058600718067,0.010666507412059,0.6036038695081698,,-0.0379394817294983,0.1438965417614457,-0.998480881614722,-0.0936276665537203,,-0.4397273674415645,-0.7864983758010122,0.0551772730861977,0.2017124281196075,-0.6723099399118544,0.0532084517187406,-0.0549148044101246,0.0352659257045682,-0.8012876970267562,1.750459884576863,-0.0968028738249928,0.0,-0.2266584581473142,0.0,-0.025116251920767,0.0,0.0566037735849056,-57.0,-0.2305569127064719,-0.8058866900090986,,-0.0447041514210176,-0.1141195090140575,0.0025447711103569,,-0.9472839915919904,-0.2798396267063719,-0.0290674526769475,,,,-0.4966380091059089,5.745224452151204e-05,0.6208363397503515,0.1376405444846966,0.0511010683643761,,,,-0.0111865893741872,,-1.7059041118897258,0.2003342311891497,0.0272585669781931,0.3385637128170282,,-0.2534634189948573,0.6346750557131944,0.6036038695081698,-0.2701811916760465,,0.1087006760137401,0.1274250670416196,-0.0010090446894434,0.0,0.0438739062534788,0.0119247456445378,1.2332022214021476,0.072734266173224,-0.0048926179887688,0.290905708264029,0.080850543367474,-0.2438796894831606,-0.1890903698015308,-0.9242847997373111,0.0076692500877643,-2.373093637052202,-0.2454931385417334,0.0,0.0,0.298599537806797,0.2763161869091128,-0.6765856615418526,-0.2850388267348255,-0.0088558128666478,0.1087006760137401,0.0103912075517781,-0.001665994081444,0.1087006760137401,0.7227722772277227,0.3481423884717386,0.022504446040211,-0.479111581173982,,,,0.0,0.0,0.0,-1.704824004055302,0.0436161471948766,0.011709432735257,0.0600585709939944,10.140882117080997,0.0,0.4225125483585822,0.6069626037672805,,60.9706,-0.0218793976113076
2012-11-30,0.0465746878787239,0.9536119755841412,,0.6124374458283809,0.1105789095077254,0.048214528996636,-0.4703413534304301,0.3791525166071982,0.0566037735849056,,0.0851103043505243,0.1875238288278765,0.0,0.02320995809157,0.6200121358153363,,0.1163672544958479,-0.0185282564433418,-1.0197232286402202,-0.0936276665537203,,-0.4396796487907298,-0.7706144672737856,0.0298802349909965,0.2010066399348274,-0.7599665022342031,-0.1209417716365236,-0.0274574022050623,0.0385643307805822,-0.8011662161751754,-0.3483528814172193,-0.0849345943827606,0.0,-0.2282341494495843,0.0,0.0191970449868227,0.0,0.0566037735849056,-57.0,-0.4307952158392951,-0.6995904970358264,,0.163211547119209,-0.1034907445825098,0.0086903452503294,,-0.947173359884943,0.0786220921815656,0.1563057484558339,,,,-0.5998546297822416,0.0037810829249492,0.6385925345895842,0.0876366696537429,0.0276728414728505,,,,-0.0069081128435555,,-1.9132986511452024,-0.0895291673310312,0.0272585669781931,0.1644431930214032,,-1.2675157495859293,1.0105459805102026,0.6200121358153363,-0.921421232685363,,-0.0469372965283901,-0.2227186419553265,-0.0010090446894434,0.0,-1.0813228965556725,1.0648915873639204,1.4997344758373012,-0.4769476716620835,-0.0588428593335816,-0.905066823648324,-0.0848731387568911,0.4116650432421264,-1.1224218747222463,-1.486520806577566,-0.4666900704814885,0.1779037692293783,-0.9582663110569524,0.0,0.0,0.1243982868245234,0.0578487933065514,-0.6960147102754406,-0.179350273001688,0.0746691714528169,-0.0469372965283901,0.1383806488828906,0.0906718588112204,-0.0469372965283901,-0.1882695883801578,0.1814705668680448,0.0378969678759818,-0.1589987660849638,,,,0.0,0.0,0.0,0.282371240686346,0.0762529774644364,0.0463457379689584,0.0705038435116272,-0.177941726811013,0.0,0.050960685964435,0.0412036653558728,,55.6902,0.0708634553296631
2012-08-31,0.0653584115754355,0.7047788779501315,,0.7517329907200634,0.2105546546586293,0.0,-0.4096865886522204,0.3652127958605339,0.0377358490566037,,0.069278184617163,0.4372715821098196,-0.0364767700676072,-0.034860827095386,0.9886227689514786,,0.1496165185640421,0.1070905949922571,-1.496964120567677,-0.0936565039038562,,-0.439663742573785,-0.8001735138963441,-0.0141825095266993,0.3194431758035274,-0.7586070308631787,-0.1579033678686258,-0.028699690839533,-0.0851158923965843,-0.8010447353235947,-0.3483528814172193,-0.0624468064458715,0.0,-0.3035229185591465,0.0,-0.0191970449868227,0.0,0.0377358490566037,-57.0,-0.4592554915353311,-0.6845971896007025,,0.0352981615273168,-0.1314622212134221,-0.0282684402126998,,-0.9470627281778958,0.4948142445782941,0.3957422642981735,,,,-0.6480432397753474,0.0232260802669803,1.0201124586780916,0.0005392018284836,-0.0131347808321387,,,,0.0,,0.6740914987424358,0.3562471168604177,-4.071651090342679,0.0631058509974022,,0.9105124433661912,0.6150406374570511,0.9886227689514786,0.671102257944569,,0.3029385170775924,0.3814452469078144,0.8683535995193966,0.0,0.8288841320479261,-0.223512679283213,-0.0362733008703792,-0.0712918679457711,0.3604764095486377,1.1910409383356426,-0.6435862706282587,0.868526225685528,0.882230419605459,0.7944101633175538,-0.3888701358321406,-0.024787992148527,0.7657579273474507,4.771621517918809,0.0,-0.0051320362910125,-0.0550095146041622,-0.6378116725107529,-0.2691337128074846,0.0025368646308617,0.3029385170775924,-0.0014594950411918,0.013103919217617,0.3029385170775924,0.1464039804995728,0.0256370603048509,-0.0250775229320547,-0.6395205358716728,,,,0.0,0.0,0.0,0.4877334055510419,0.0053108915119042,0.0350589145815047,0.0,-0.0081475541299117,0.0,-0.0636426186885115,-0.1280179027953462,,49.9271,0.1944735424248554
2012-05-31,-0.0170682708210201,0.6906768778418781,,0.3889527264126712,0.0362314981029072,-0.0053224403420371,-0.7644828868941977,0.2179785588355648,0.0377358490566037,,0.0110206159676789,0.1777503099457455,-0.0385440007548959,-0.0295037731661818,0.6007569743564779,,0.019455507554003,0.006232619106263,-0.9921145795414308,-0.0162282187889754,,-0.3538178897221979,-0.7025562565428299,-0.0738170796421572,0.0864681249931699,-0.7560347936647656,-0.1637773510020811,-0.0290243799144514,-0.0368052462338518,-0.7999514076593677,-0.3483528814172193,-0.2196548453262558,0.0,-0.2734384081212679,0.0,0.0270424734974522,0.0,0.0377358490566037,-57.0,-0.5639809795349751,-0.530927296935809,,0.0609847377534204,-0.1202607381945901,-0.0282212230646208,,-0.9460670428144706,0.0526991144930082,0.1166808870883206,,,,-0.6854165891299763,-0.0621024012413008,0.6186171625758564,-0.1173386132907793,-0.0683638647266902,,,,0.0523127280915164,0.041004544451993,0.6780645978937216,0.3977448523406529,-0.0272585669781931,-0.4131402522031122,,-0.1400989575875163,0.5916226273644761,0.6007569743564779,0.2393597848829527,,-0.0911193827251902,0.3451611316183323,-0.1882975291198949,0.0,0.0,-0.1076157087600285,0.4745771865239737,-1.358947476671212,-0.0016649505991631,-0.3001330086330656,-0.0502987501868604,-1.1316744886212695,-0.0847499721928914,0.0720830813743175,-0.2189111825227512,0.200172378807452,0.3147656923712461,0.0,0.0,0.1502224764851621,0.135149666233727,-0.677507954047791,-0.2218237348239994,0.0775666883939442,-0.0911193827251902,0.1577002594326899,0.1019270657701062,-0.0911193827251902,0.1564054882645625,0.1988587688715651,0.0287779740905774,-0.5298783712321523,,,,0.0,0.0,0.0,0.4434514509509822,0.0711634431486071,0.0370798703283138,0.0619195196130903,0.0081475541299117,0.0,0.0481369881689268,0.0277288355461461,,46.2798,0.2886097174145091
2012-02-29,0.0027944798131982,0.7296132194081592,,0.4581057063492359,0.0150430296331745,0.0431258115238203,-0.736092140721326,0.0495125400121614,0.0377358490566037,,-0.0110206159676789,0.1333494161082254,-0.0328362713889415,0.0002393706224022,0.577791304607815,,0.0055309943735545,0.1887521381215893,-0.9621704286062748,-0.0267250142384416,,-0.3470736537375633,-0.6453372184342069,-0.0221848817452372,0.1063972080231807,-0.7038565219783243,-0.098307710217092,-0.0167567796490534,-0.0136325405844762,-0.7533027606523521,-0.3483528814172193,-0.0812956494125119,0.6214900616132308,0.0925266597496975,4993145000.0,0.2052307201456198,1.233554220335093,0.0377358490566037,4993088.0,-0.6036029346569234,-0.3886298592787928,,0.3449175025481439,-0.1400901895413404,-0.007757311087178,,-0.9035844673083304,-0.0193047655337463,0.079125432582325,,,,-0.7165276323041778,-0.0415403902404992,0.5951898253523832,-0.0152788404759383,-0.0205459801710017,,,,0.0530720264568937,0.0299200837581031,-0.9236425158702436,0.4178936619006873,-0.6643302180685359,0.4737515309893973,,0.3200369939032348,0.4052416427276961,0.577791304607815,-0.0742155565892852,,0.0166569067603617,0.3685681222000632,-0.1906671710035934,0.0,0.1544810608108753,0.4025452841232409,0.0258323507439176,-0.0199638599110788,-0.0759013005600952,0.8129909726291003,-0.4925015741575426,1.1675315091944862,0.3387581319920911,-0.3263187742869196,-0.1508128324916961,-0.1077789452747513,-0.0252525958529017,0.0,0.0,-0.0666209079468432,0.0947352523635484,-0.6801733213841348,-0.4759899308870195,-0.0789551844153927,0.0166569067603617,-0.072032864783576,-0.0860643348374608,0.0166569067603617,0.3711112227974066,-0.0478042485792154,-0.0198251050170359,-0.2749867794817557,,,,0.0,0.0,0.0,-0.3847745627009423,0.0,-0.06769823295678,0.0279606992793793,0.2797326917936381,0.0,0.0052158992716403,-0.0358631514367021,,47.7416,-0.004983075556747
2011-11-30,-0.0349525621489522,0.7191860218010674,,0.3126561796234251,0.0559796654744422,-0.0507098446838704,-0.6582064249752241,0.1882309270583556,0.0377358490566037,,-0.0765232990643046,0.242071793009713,-0.0343648079589553,0.0148387305185765,0.3950104396377348,,0.0149308477546041,-0.0317221818342973,-0.7252614101994332,-0.0251533786560352,,-0.3386751711906599,-0.6208401620505481,-0.0883883326164035,-0.0094735001588693,-0.7095731479953299,-0.2338314831378426,0.0048562192074763,-0.0038260575094963,-0.736335935048238,-0.3483528814172193,-0.0719183046117391,0.5251561739379805,-0.5254198614597101,4219184000.0,0.1086878600154313,1.0423475043425134,0.0377358490566037,4219127.0,-0.7213524496401735,-0.295796525903534,,0.4788225257304029,-0.1350909265136351,-0.0025447711103569,,-0.8881329055573994,0.1570860964705589,0.1852489109800798,,,,-0.7850937706579897,-0.0806163020498307,0.4065978561708937,-0.1461411595458916,-0.0818586706992209,,,,0.0581745466974839,0.0301456203610907,-0.2838705157095063,0.0463687960009104,0.0,0.1489994950352893,,-0.8785257399815306,0.6433468293168174,0.3950104396377348,-0.409507693190889,,-0.1124430952589291,-0.0798524335697942,-0.1906671710035934,0.0,-0.5991997480924043,0.8905198204302323,1.274317962934627,-0.5710561426798958,-0.1416814540568566,-1.0337547587378897,-0.330160858516079,-2.864488326101715,-0.7643963368768986,-0.6935732333976925,-0.5585860495260727,-0.1428252846359853,-0.3897165614475172,0.0,0.0,0.0553999055984265,0.0875343582928081,-0.7433909621135,-0.27442510284946,0.0041664104487707,-0.1124430952589291,0.051210735529239,0.0055426453460545,-0.1124430952589291,0.5010805649092828,0.0843141500144218,0.0352670466344084,-0.2968447029790234,,,,0.0,0.0,0.0,0.28823892951135,0.0615092806105946,-0.0130214139941093,0.0801000313605299,0.3364875701684042,0.0,0.003069006541493,-0.0384421535580261,,46.4507,-0.1015033142665234
2011-08-31,-0.0027944798131982,0.583604844665488,,-0.2529809960161758,0.1052511349626872,-0.0356640519059872,-0.6005730398657417,0.2712081186922285,0.0377358490566037,,-0.0954109555918063,0.2261607887854976,-0.0542398304977339,-0.0002393706224022,0.6285164061580638,,0.0985202935102579,0.0595495093932464,-1.028556547209172,-0.0300989842043414,,-0.3698990750534846,-0.6250258478011373,-0.0015107983984211,0.089180966111239,-0.6990201292231331,-0.1936827187236819,0.00896424185101,-0.0508188488729162,-0.8019355949018536,1.24771205629389,0.0125504783858148,0.5415472026851375,-0.3609882942495878,4350872000.0,0.2889576047074838,1.0748809653510536,0.0377358490566037,4350815.0,-0.7553054465273822,-0.2549320090247118,,0.5878339835441069,-0.1575871142780603,-0.0069515883455137,,,0.1304388356654877,0.1743737644283275,,,,-0.8289339015222003,-0.047326107004371,0.6484191288866599,0.0255869823143983,-0.0013991886137958,,,,0.0581745466974839,0.0300107406279314,0.8116950893689717,-0.1513436799754621,-0.1362928348909657,0.1072402321131183,,0.2842283965179157,0.4696479129367376,0.6285164061580638,0.384576062137134,,-0.0342292254224244,-0.1513197626787271,0.1847953541668984,0.0,0.1859631489721724,-0.318636637088794,1.088145021196929,-0.5848978234477858,0.6776494986892165,0.4174138567783032,-0.6098381448949731,0.1543138817556598,0.3057999787700979,0.4783319255702793,-0.5190178499095353,-0.219933660277132,0.4296556521169077,4.290810801592783,0.0,-0.0190223690404164,0.1027698069894584,-0.6300098899919662,-0.3259032108835538,-0.0180648989681592,-0.0342292254224244,-0.0244923786889895,-0.0508683914137586,-0.0342292254224244,0.5388752073176861,0.0,-0.0474298813345197,-0.3772254539044597,,,,0.0,0.0,0.0,0.0886889013881076,-0.0160189758222836,0.0153085505540124,-0.0216724765350039,0.3077893611333868,0.0,-0.022425454929702,-0.0807745710671621,,42.462,0.0404950308511138
2011-05-31,-0.0631853245914588,0.3676764139507359,,0.4371194027671156,0.0011034281940853,-0.0577331567694474,-0.6547988539202685,0.0844034315806381,0.0188679245283018,,-0.1569890494623581,0.1765669824776509,-0.0858930622950009,-0.089997587234049,0.4581726436643262,,-0.036125784634566,0.0111783169968201,-0.8079116737622547,-0.0271864118406159,,-0.3666860192306163,-0.5258069568935513,-0.0997126942957973,0.022391300268851,-0.6911078102363793,-0.1969090805921639,0.005237375947598,-0.0327386395039313,-0.8019355949018536,-0.3483528814172193,-0.1304949122081813,0.5198348898346571,-0.4409955269309752,4176432000.0,0.2785121454249121,1.0317856420237213,0.0377358490566037,4176375.0,-0.8660000065678402,-0.1082230881791016,,0.2317060242666829,-0.2161829198705953,-0.0656661702745377,,,0.0362476635855279,0.1167369869237812,,,,-0.8577330221232116,-0.1098429878506256,0.4719887902389533,-0.168525675939701,-0.0923464485105238,,,,0.1310348715490477,0.0295508228492901,0.9463064912155972,0.3581531840206819,-0.0755451713395638,-0.1129507546934181,,0.4329390315201409,0.2432812418467602,0.4581726436643262,0.3597583701973841,,-0.1290641035133419,0.3769190017447577,-0.5286559791738517,0.0,-0.2313224194579533,-0.0827651411103944,0.9725385010035912,-0.2865404212069934,0.3228397631096603,-0.0399664562779241,-0.5630981232418133,1.284205555063609,0.4426729157746806,0.3495686652090881,-0.3899975696038454,0.2719607185263018,0.4257782015358445,0.0,0.0,0.0099709240570981,0.1042679795813574,-0.4680808485091055,-0.2902157247115651,0.0398860547773364,-0.1290641035133419,0.0083393097614404,-0.0343027192130781,-0.1290641035133419,0.2604915313866412,0.0386792907477991,-0.0466396288644007,-0.7660849638639168,,,,0.0,0.0,0.0,0.1320681346304744,-0.0103623187661307,0.1002908750757306,-0.0388526746771443,0.1601069232825447,0.0,-0.0081269552176971,-0.0581995280018981,,45.4729,-0.0071427157713715
2011-02-28,-0.1369129452363544,0.3435991195876491,,1.315451700033187,-0.1394877873406272,-0.0738887656873446,-0.7223198743742137,-0.24391905974767,0.0377358490566037,,-0.1881734477638138,0.0980316424450957,-0.0894225844473321,-0.1088285974880355,0.2361784524497212,,-0.2266673744590999,-0.029968219011832,-0.5205298105270785,-0.0877304284509296,,-0.3677994544167587,-0.4669179149323589,-0.2012785462762077,-0.1565780675342177,-0.7120133502044709,-0.2172519688002656,0.0126769908381213,-0.4275510174934224,-0.634737449509521,1.2811910795306165,-0.1573963456105742,0.503820627717851,-0.5078547780901416,4047771000.0,0.2293966120828326,1.0,0.0377358490566037,4047714.0,-0.9220579816224536,0.0114771010138336,,0.2096981372964295,-0.247668062224015,-0.0822578097672984,,-0.7956079212302246,-0.0653968371252232,0.0557695234983954,,,,-0.8745580408649373,-0.1861661605410996,0.2424081068014229,-0.3692877624106469,-0.1864091532300749,,,,0.1215752287142909,0.0300063183415984,-0.3593800069446806,0.3003309448664596,0.088006230529595,0.9878536983041408,,0.3644605796134567,0.041167081734769,0.2361784524497212,-0.2992093721056452,,-0.2160192595484416,0.2113131886427467,-0.5338669663021349,0.0,-0.3239557126090566,1.182467870264302,0.7846374020035823,-0.2589478773373863,-0.1752725626364638,0.0196069719848831,-0.8080488147386445,1.331231736473922,0.3796455012669376,-0.4061490127967616,-0.3389457481569495,-0.1157911443903556,-0.2661760885084492,0.0,0.0,-0.2272624253972517,0.0037091853686531,-0.7347422946521536,-0.6695712581594936,-0.2014121705550294,-0.2160192595484416,-0.2270782332365742,-0.2525438705470809,-0.2160192595484416,0.0,-0.2171575964950264,-0.1696545139634084,-0.5263528997003349,,,,0.0,0.0,0.0,-0.2177919435590831,-0.1426278200042833,-0.1703531973393272,-0.1236424147473731,-0.0617802726543704,0.0,-0.1257683822174984,-0.2336839858990216,,40.4614,0.1158313849743212
2010-11-30,-0.211698940537997,0.2395799769035248,,0.339687656501754,-0.1854361351963056,-0.1652279035172218,-0.8766090124575119,-0.1499110362815173,0.0377358490566037,,-0.2396346874214885,0.0449027758952364,-0.1046708869697689,-0.1467801303616905,0.0379683127191854,,-0.2696001973076484,-0.3238260252969507,-0.2660003091835198,-0.0890281092070449,,-0.4349077837072619,-0.4856132015066269,-0.2478637056637821,-0.3235026434582013,-0.7007952663011253,-0.3365733447443509,-0.0159521154199076,-0.1530132497160419,-0.8019355949018536,-0.3483528814172193,-0.1937544108580303,0.0,-0.9654940825472816,0.0,0.1785243011921435,0.0,0.0377358490566037,-57.0,-1.0145661923348197,0.0,,0.0119851108540148,-0.2561685944680095,-0.1073507510397463,,,-0.139798669913769,-0.001245803242643,,,,-0.8889304633238163,-0.2635849675541187,0.0364329137343974,-0.461371209896864,-0.2295528477528345,,,,0.1189999548179288,0.0299333506171024,-0.6306346964072097,0.30214450812878,-1.0101246105919004,-0.0309416932529423,,-0.954310267049739,0.3061123183470394,0.0379683127191854,-0.7327959059046973,,-0.2252182516978871,0.2047134839752525,-0.5338669663021349,-0.0883698881530468,-1.462730716505355,-0.0172719583997156,2.5004095372678914,-0.5319137285593514,-0.2204306964313098,-1.0931560255132218,-0.645365634895109,0.8087015555358776,-0.8341482466792726,-0.9757833682693114,-0.6629715643649915,-0.1864704735997235,-0.7401206714294459,0.0,0.0,-0.1362430369154059,0.1016824236566285,-0.8790984735768997,-0.6024479641299454,-0.1846518306256226,-0.2252182516978871,-0.1544847370244768,-0.1899169243293617,-0.2252182516978871,0.8218324370508117,-0.1375202930689593,-0.1866932017637989,-0.0930724484399788,,,,0.0,0.0,0.0,-0.0047844231957724,-0.1460088877249215,-0.2057779528487812,-0.135825611278509,0.659866345896819,0.0,-0.090643346452498,-0.1891839150010318,,34.048,0.3260132753759397
2010-08-31,-0.2141524752780158,0.1611158961363353,,-0.3640584782896901,-0.1849950509583057,-0.1750699214235473,-0.9448456228329978,-0.1228662570798101,0.0377358490566037,,-0.262582827278341,-0.011741752085683,-0.1161730394564152,-0.1689496228446564,0.2977958890788011,,-0.2391483945678864,-0.3209334354915826,-0.601776589348454,-0.0917532387948871,,-0.4149295752244765,-0.4404271202543504,-0.2790692024077797,-0.3041383146899821,-0.6958023876327226,-0.3404051613210183,-0.0184508096051498,-0.2840426830828443,-0.7434223180571162,1.286505939039824,-0.0930367392211947,0.0,-0.6446471699981488,0.0,0.1461984608928566,0.0,0.0377358490566037,-57.0,-1.055818431329765,0.0100631221689293,,-0.052907775315426,-0.2686042736459327,-0.1222196058481527,,-0.8945864218018217,-0.232088491416214,-0.0583065901951754,,,,-0.9147014438660944,-0.2661248780249376,0.3053144194736864,-0.5230541526727056,-0.2584530476588393,,,,0.1189999548179288,0.0377873311446701,0.8330504973071331,0.3628075906751202,0.6869158878504673,-0.0352839243592339,,0.3744915338646792,0.1004455687514401,0.2977958890788011,0.2709253017359719,,-0.1812515565367813,0.3401500334762461,0.5864240657714687,0.9416014656347148,-0.687345142031991,-0.3392333084420715,-0.392165687077524,0.1105892063203753,0.1610328535646738,0.3287645747194739,-1.011941853564844,1.2419374833967944,0.388877969202421,0.3392439335134909,-0.5678013016121628,-0.0095511521052113,0.3387466926705869,3.271685467986596,0.0,-0.3015865533933879,0.0284531972090494,-0.742590481825327,-0.7050142883003034,-0.2459399712216059,-0.1812515565367813,-0.3059624509323393,-0.317385547283129,-0.1812515565367813,0.025079157661959,-0.3005136475159557,-0.3100178305643948,-0.4879252600035255,,,,0.0,0.0,0.0,-0.2321382691359567,-0.2665168660640458,-0.1882163267867781,-0.2823409326097803,0.0299599037690457,0.0,-0.1747304195860503,-0.3144585569661837,,28.4832,0.5850782215481406
2010-05-31,-0.2811151239133196,0.1088752873890993,,0.2276217345627171,-0.3610894015239572,-0.1535706246300473,-1.043097254917551,-0.3389328847382047,0.0566037735849056,,-0.3086025179177999,-0.1950391271529882,-0.1238310587938087,-0.2008771090870767,0.0961017813889643,,-0.4253978369291626,-0.3931748857750888,-0.3410480328756871,-0.0855532085156695,,-0.427924954468454,-0.3310145844954172,-0.354244675346763,-0.4526435303677583,-0.7028100224337227,-0.3020234276848211,0.0536442819430523,-0.3195537769418317,-0.7939178586975228,-0.3483528814172193,-0.4270895749512405,0.0,-0.4225607997279134,0.0,0.2068548893244312,0.0,0.0566037735849056,-57.0,-1.1385447563641458,0.1730480186813245,,-0.6053389639551784,-0.181827738397521,-0.145228930156482,,-0.940572334697791,-0.5303719919804761,-0.2351767973015011,,,,,-0.3354449205124022,0.0985639229561042,-0.671651190992055,-0.3280749547795127,,,,0.2309049135571055,0.0270522310710943,0.2967521769100705,0.4195003085491859,0.3348909657320872,0.2104112708743956,,0.0115926002260799,0.0233040723838641,0.0961017813889643,0.0161556899111954,,-0.2588282278926904,0.2953496182139299,-0.6405431263697754,0.6023652290367144,-0.2812650086990817,0.4514379620906761,0.927894438393894,-0.395436145164026,-0.4794181435800819,-0.0655352139661841,-0.622496636512301,-1.353215856430237,0.0548665995232921,0.0804917718780361,-0.5136574761686155,-0.214035010175975,0.1007876854791789,0.0,0.0,-0.189639976160697,0.126813060682031,-0.8085314957090196,-0.6550029164532833,-0.1925412920761028,-0.2588282278926904,-0.1838321706464107,-0.220075897872177,-0.2588282278926904,-0.2294818314318741,-0.1707588474903489,-0.2986466404409265,-1.0361360832011282,,,,0.0,0.0,0.0,0.0,-0.2399125330856623,-0.1965095621672542,-0.2674103656288592,-0.2748142207965784,0.0,-0.1277370290243043,-0.2511206796098785,,29.1992,0.5167012124042154
2010-02-28,-0.2831270793216156,0.1212277967059732,,0.2913503225457303,-0.3622173078201875,-0.1585329259597621,-0.9037787123356912,-0.4002805631723668,-1.018867924528302,,-0.3237295918442428,-0.1901048654953598,-0.1220202882556694,-0.1969332117355333,0.0204503437778264,,-0.4303998783471248,-0.3008532031980418,-0.2432835091287302,-0.0908448622656064,,-0.4337466298702848,-0.3242381604938837,-0.3074342214611784,-0.4668578528574936,-0.7489146846136449,-0.3109219544506966,0.042760139475133,-0.301673154141789,-0.7938773650803292,-0.3483528814172193,-0.426200899329818,0.4282845816564812,-0.2793106565810943,3440903000.0,0.2525056039787045,0.8500735342982595,-1.018867924528302,3440846.0,-1.1657376213545294,0.2081748654883761,,-0.5834448887283694,-0.1772782206154146,-0.1404060190904759,,-0.9405354574621086,-0.5404844620651348,-0.229004848162289,,,,,-0.3375277060238527,0.0199499782466675,-0.5791224108215842,-0.2847226093231169,,,,0.23969421599938,0.0234900794297904,-0.3825097086428301,0.5138956677746849,-1.646417445482866,0.5286786601603011,,-0.0796472556279265,-0.0215236735393449,0.0204503437778264,-0.2476063473727502,,-0.2390481511147608,0.3714544234634617,-1.2460967659394573,-0.5112136387886298,0.2863031606133568,0.4858787870155784,0.1564522371535809,-0.1925815322275837,-0.6795627313952725,0.1217431628286687,0.040463323261745,-1.656200005903362,-0.0291103604461529,-0.1782327256347488,-0.4218560125300424,-0.4099119823361949,-0.1761270708618072,0.0,0.0,-0.4012880455452078,-0.0037091853686531,-0.7990243421415167,-0.9369040417246218,-0.3409338834843994,-0.2390481511147608,-0.3875234023907257,-0.3965839847517607,-0.2390481511147608,-0.6604513243202493,-0.3906569523676625,-0.3645805177012145,-0.169575180680416,,,,0.0,0.0,0.0,-0.4322646501260337,-0.3216693657611974,-0.3073000718751271,-0.3201532703929065,-0.5983213044640471,0.0,-0.217424730254135,-0.3786486141197909,,30.6655,-0.0235306232783256
2009-11-30,-0.2616187140897522,0.1576052900300457,,1.8468554189372093,-0.2949612105800895,-0.1786083707397943,-0.6563833744608228,-0.2044762470217949,-1.0377358490566038,,-0.352873041365343,-0.165804124236949,-0.1166876638088613,-0.1770823594749543,-0.0235115131169151,,-0.3376092990812232,-0.342879277415044,-0.1852820704079857,-0.0688131267617818,,-0.3990074520626386,-0.3134902201626059,-0.2227831269882377,-0.4349274840269804,-0.7435941635644557,-0.345097289064357,0.010757090221212,-0.565751467438369,-0.7673135522013342,-0.3483528814172193,-0.4160637203545947,0.4124738257969012,-0.0795250539222228,3313877000.0,0.301863685962979,0.8186918182871511,-1.0377358490566038,3313820.0,-1.218126727934885,0.2243396547738325,,-0.5022824302662139,-0.161802422252522,-0.1240989649272481,,-0.9163439908544456,-0.5322449898381274,-0.2029827460361657,,,,,-0.3152621472071929,-0.0264551471677914,-0.4117952037233305,-0.2063250894053908,,,,0.2645172544260095,0.0355363874011273,-0.9502775296308088,0.558915854316098,1.27803738317757,-0.2296790487736959,,-0.8039496951341484,0.1901694623097772,-0.0235115131169151,-0.6340089411528579,,-0.271536298998656,0.3823407988808452,-0.0203511075016409,-0.2122010022263004,-0.1836985251319175,0.4397234696112961,0.8163922916985445,-0.3852378554743687,-0.814350705778401,-0.4056235716844335,-1.4551177107445878,1.353640898491691,-0.6957567114170655,-0.7531208588387023,-0.5717709486646323,0.3441990914953761,-0.592255028659103,0.0,0.0,-0.2518533250080874,0.2121001600869906,-0.8025452952931179,-0.94162606582056,-0.2833629521220991,-0.271536298998656,-0.2647881432079039,-0.2928954924764044,-0.271536298998656,0.3568879730612655,-0.2533653946439964,-0.3374191273116219,-0.182971972501322,,,,0.0,0.0,0.0,-0.0656486747356068,-0.2824669129366656,-0.3062593175111337,-0.2889294643258863,0.3837904303662122,0.0,-0.1619046547555152,-0.3153921641576266,,31.6607,-0.0416131039427428
2009-08-31,-0.2564436028173797,0.1377476977086247,,-0.2389194968578671,-0.3091524500985582,-0.1682751205480153,,-0.2189867505726949,-1.0377358490566038,,-0.3271125329529246,-0.1934131088708524,-0.1195986143057688,-0.1783295498146246,0.1840925756485627,,-0.3441125833810168,-0.3615473054341314,-0.4548786851710273,-0.0852504163392425,,-0.4249982105505937,-0.3266309052621136,-0.1872396067727502,-0.4223080407687009,,,0.0509620678458997,-0.3571288049912201,-0.7873173990949677,1.0281785127002758,-0.370457151753338,,,,0.2363687521410726,,-1.0377358490566038,,,0.2034295716028976,,-0.4804838100500359,,-0.1229666860577584,,,,-0.2335494184538716,,,,,-0.3099048481667681,0.1895692324356967,-0.3415374237722516,-0.1734073362281945,,,,0.2645172544260095,,,,,0.3416989929405778,,0.3888630913802936,-0.020587156386443,0.1840925756485627,0.0914352625343433,,-0.1577021366342009,,-0.4052699500483941,-0.6079912137013691,2.8186869634638567,0.2393508467437549,13.72255875284651,-0.7658760632678601,-0.2227966788616995,,,,,0.241705048131063,-0.4949231724771137,2.126531670085446,0.166652286100323,3.708566751080756,0.0,-0.6814037294432825,-0.1346180566043435,-0.7431444373870699,-1.1572888897828209,-0.3593674287611762,-0.1577021366342009,-0.3572479814455487,-0.3594188747295233,-0.1577021366342009,,-0.723527300426613,-0.3771909146487889,-0.2742816851753922,,,,0.0,0.0,0.0,-0.8558840072495469,-0.3277168069981003,-0.372841104877448,-0.3207971349771981,-10.866164127238706,0.0,-0.6249893284077455,-0.5823125660720126,,24.9738,0.2150013213848112
2009-05-31,-0.2876825491949368,0.106646285002076,,-0.3697760806191091,-0.3987459716777993,-0.1598792712470157,,-0.3328617443581418,-1.0377358490566038,,-0.3311794101049089,-0.3389817862574346,-0.124157811176529,-0.1937063510871106,-0.022593085651794,,-0.4053790795890735,-0.3907902463303569,-0.1869341922977571,-0.0796415517378108,,-0.4138479524722238,-0.3167609948525469,-0.1512852554138323,-0.4977092297011668,,,0.0729138726936488,-0.2640874296136754,-0.7746833905305677,0.751197421776575,-0.3222423697576088,,,,0.2687489958741229,,-1.0377358490566038,,,0.1879052359981254,,-0.4099517355602498,,-0.1302395258885356,,,,-0.3877698006122378,,,,,-0.342243549432151,-0.0237574561952558,-0.270467566573416,-0.1401091019367204,,,,0.3135239597569073,,,,,0.8138867622453942,,0.924409437087326,-0.4210142957623576,-0.022593085651794,0.0632178027236268,,-0.2582628264239928,,-0.4052699500483941,,1.8873381445987767,0.8949147898180496,-0.0692883052357764,-0.486392708944071,-0.6854192681519778,,,,,0.0711617458106144,1.354000702114445,-1.441034594297034,0.166151938797595,0.0,0.0,-0.2613244760292967,0.3640801039055185,-0.8071538575319105,-1.2417221463239538,-0.3530503252942406,-0.2582628264239928,-0.2773484052948229,-0.3022164471381474,-0.2582628264239928,,-0.2740350137708748,-0.3836247669671683,-0.6046183677066808,,,,0.0,0.0,0.0,-0.1980362338464957,-0.321758095438949,-0.4351047077735205,-0.3149881172467469,0.4247634322373697,0.0,-0.6249893284077455,-0.3165826888167897,,22.7034,0.3176196762315014
2009-02-28,-0.380384653472608,0.0603676037606786,,-0.3808848596641882,-0.4896128329679691,-0.2351830692169141,,-0.4653244666001231,-1.0377358490566038,,-0.3682658141434503,-0.3939614983343136,-0.1309418637431913,-0.2256969787840314,-0.4152856075593173,,-0.5183109769275638,-0.510669940503331,0.3214334899350342,-0.0790936420852287,,-0.4155340114683824,-0.5021911656192297,-0.1706760436298257,-0.7240806351145189,,,0.1292544856501545,-0.2928835658510784,-0.7805144714064446,0.896816536904123,-0.3719652574082799,,,,0.6437116289323128,,-1.0377358490566038,,,0.2060233335437992,,-0.5967223135724634,,-0.15034202265846,,,,-0.4467713517001454,,,,,-0.4382091950296518,-0.4286563106387782,-0.3087967394661902,-0.1580674014111553,,,,0.3282026313104594,,,,,0.5952734992813367,,0.0090310593726211,-0.4972485899964255,-0.4152856075593173,-0.2733250347678633,,-0.0905091081240562,,-0.4052699500483941,,1.17960820735303,0.6959637496413827,-0.7511183517700111,-0.7693378190137469,-0.5544431543511439,,,,,-0.3156632759072253,-0.3433744700386163,0.6076131964214321,-0.2126755614084728,0.0,0.0,-0.324356574501373,0.3448938290995862,0.7802768617692355,,-0.3827523336325958,-0.0905091081240562,-0.4176320239026235,-0.4037914603692129,-0.0905091081240562,,-0.3525430263412487,-0.3393156404328059,-0.6296492155825841,,,,0.0,0.0,0.0,-0.3000298592449083,-0.2993020149949419,-0.4067760047458399,-0.2697223149309027,1.2532905640203154,0.0,-0.6249893284077455,-0.362256437326879,,22.431,-0.0556480391228046
2008-11-30,-0.3530407418416011,0.0820880259779039,,-0.395057458066478,-0.3817599229202902,-0.277103383883532,,-0.2759918904861884,-1.018867924528302,,-0.4101981268027979,-0.3367389852680953,-0.1277578385691994,-0.2168849339358096,-0.4900473664782408,,-0.3761745718759433,-0.5279624116733129,0.4186729476082818,-0.0758061841697366,,-0.4012661348688134,-0.4805835631439877,-0.1133496377341778,-0.6614681713859077,,,0.124553552521987,-0.1668476863364578,-0.753424241503933,0.8766160530567617,-0.0620371567170373,,,,0.6433070033936975,,-1.018867924528302,,,0.1976602058658614,,-0.5361322455745359,,-0.1420607178131558,,,,-0.3922621400225294,,,,,-0.4099026516854934,-0.5061755459213543,-0.1954814013571731,-0.1049759667876808,,,,0.3776244833173547,,,,,-0.37892986265115,,-1.1109814337951778,-0.1768162755424207,-0.4900473664782408,-0.4157533095478129,,-0.22966966643557,0.3764541133001589,-0.4052699500483941,,,-0.2078074460819322,0.4262247864555674,,-0.2731103175820243,,,,,-0.5100795133038871,-0.44952877319003,0.352540779240609,-0.3879108764802543,0.0,0.0,-0.1828717320235061,0.6154710484187634,1.1052950610946275,,-0.2195007440567697,-0.22966966643557,-0.142103188616071,-0.1796090587482582,-0.22966966643557,,-0.1550178276903556,-0.1862706974337676,-0.5640754450907809,,,,0.0,0.0,0.0,-0.1699407675909144,-0.1474257605791227,-0.265404978022737,-0.1226402208533421,-1.086832397754611,0.0,-0.6249893284077455,-0.2661861514465296,,23.4451,-0.0987581236172566
2008-08-31,-0.2460232500895601,0.1592603315677377,,-0.2442671501583593,-0.2415546162272116,-0.214523517712258,,-0.0730924668142862,-1.018867924528302,,-0.4162186719817262,-0.3099357973968288,-0.1164450490996576,-0.2027344061744132,-0.1758044960780924,,-0.1684681749370363,-0.2886939283738856,0.0147154978115216,0.0009155858668146,,-0.3085169838631429,-0.4389965202861092,0.031472757864186,-0.3875415292324765,,,0.2257012578172424,-0.0766841499395922,-0.7327724967352021,0.8737749564508677,0.1248357994219478,,,,0.8330401120484054,,-1.018867924528302,,,0.2914011421004717,,-0.4425808281364657,,-0.1259772747363862,,,,-0.3653825809285466,,,,,-0.2991176509971808,-0.1780547461843385,0.0907845604904771,0.0291477171900242,,,,0.37460615241181,,0.619426352898992,,,0.2471410542515158,,0.0987545183577554,-0.2848272690655603,-0.1758044960780924,0.0772945420315913,,-0.073565013316102,,-0.5048638846551782,,,0.012234021268125,0.3407890118000738,-0.2024165512525492,-0.0561117561577613,,,,,0.2438652552752024,-0.4417042477923901,0.4281544015863672,0.1400953166431998,3.326836006446167,0.0,-0.1849986730832186,0.6405533572960401,1.2372321943890972,,-0.2090661165156006,-0.073565013316102,-0.2088097238774381,-0.2180101350397892,-0.073565013316102,,-0.1978877225943767,-0.1586700974358557,0.0606381103472589,,,,0.0,0.0,0.0,0.1170065759778902,-0.1305321903331911,-0.2080171516319186,-0.1029057847754364,-0.1515530606789628,0.0,-0.6249893284077455,-0.3294271582822189,,30.8102,-0.0988927159666197
2008-05-31,-0.2811335869063664,0.1253937353263094,,-0.4504421492206016,-0.3175542596601993,-0.2247052288910598,,-0.231746184264369,-1.018867924528302,,-0.430177706151177,-0.3812219509981061,-0.1214095978506765,-0.1938265739803547,-0.2817291581937644,,-0.2445756158109397,-0.2535209226969437,0.1510842887377049,-0.0327952764420477,,-0.3332670574293963,-0.4487674339543186,0.073196415387835,-0.5000342275310177,,,0.3378319239945226,-0.0905475156729243,-0.7011064880898148,0.7585613145954881,0.110225509698003,,,,0.8934806268522315,,-1.018867924528302,,,0.2800050411200946,,-0.2630354601596944,,-0.1184624033021225,,,,-0.449915360582297,,,,,-0.3354640334878973,-0.2845474761273791,0.1732584272115734,0.0677890518604964,,,,0.47101547408054,,,,,0.5430022828128164,,0.6129907424191883,-0.5749615338087187,-0.2817291581937644,0.1205607294382078,,-0.2414443763868602,,-0.5048638846551782,,,0.3510020598027825,-0.2711226721631668,-0.7378935376552749,-0.3543131713657707,,,,,0.1615560708165456,-0.272535173233237,0.5077781416439473,0.2073703375030548,0.0,0.0,-0.0933774907131967,0.918911408463467,1.0653899586128488,,-0.1980565360160371,-0.2414443763868602,-0.1044091643050536,-0.1479976502675163,-0.2414443763868602,,-0.0868546947929621,-0.1691104323302819,-0.1939009342499559,,,,0.0,0.0,0.0,0.2117159344207653,-0.1245254713483931,-0.282762237773265,-0.0990775169175621,-0.2246885859395883,0.0,-0.6249893284077455,-0.2813162036302578,,28.5977,-0.0263130662536888
2008-02-29,-0.3547732711614543,0.0739363288519584,,-0.4327498809548694,-0.4145175238494056,-0.2747068224560772,,-0.3986819888864668,-1.0377358490566038,,-0.4534965862315322,-0.4481702320271882,-0.1289528065399042,-0.1971548910216126,-0.5662592135025704,,-0.3736282843943621,-0.3554459352465562,0.5206633103133051,-0.0009155858668146,,-0.2949012621583146,-0.4592162272697739,0.1196181258258727,-0.7089215502927175,,,0.9798833942713554,-0.1661531445246822,-0.6929672710339033,0.6990934319012102,0.0356395264085735,,,,0.8391004278886736,,-1.0377358490566038,,,0.26781830937837,,-0.2640212167117859,,-0.1179971103688303,,,,-0.496490314496403,,,,,-0.4116961740223576,-0.5610233053281083,0.2650187902013711,0.1107813721765002,,,,0.5215028805854809,,,,,0.2660396106419567,,-0.0828720821569255,-0.6186471665763439,-0.5662592135025704,-0.191501851181932,,-0.3061155348540837,,-0.5048638846551782,,,0.1739282005788066,-0.4717329276964204,,-0.175812941339701,,,,,-0.1770407627840571,-0.4015824579406443,0.5171806220504238,-0.1476670463457534,0.0,0.0,-0.3881312298097182,0.7830730661189477,0.9291052892605128,,-0.3638588259891036,-0.3061155348540837,-0.3955390418233031,-0.4123280070596717,-0.3061155348540837,,-0.4092377430582778,-0.2417173722133217,0.946236559139785,,,,0.0,0.0,0.0,-0.8609114708108521,-0.2245710784027574,-0.3420410833054484,-0.1705142522528209,-0.3411066559743384,0.0,-0.6249893284077455,-0.3691061658788332,,26.2587,0.0391489296880652
2007-11-30,-0.3665088749710193,-0.0581560381589515,,-0.4466968448101047,-0.4181144493997762,-0.2916415076047127,,-0.3458262583035991,-1.018867924528302,,-0.4906756499536371,-0.4419725606306106,-0.1483163998277627,-0.2233576172174431,-0.609101018204873,,-0.3794695894291116,-0.4555462469201248,0.5758012034335748,-0.0014779141944646,,-0.3054629902097234,-0.3845819584909252,0.1077239015926885,-0.7133317470453496,,,2.048788062735576,-0.1537150845814938,-0.7182757817798969,0.6292770700545548,0.0088157282370484,,,,0.7787834542156853,,-1.018867924528302,,,0.3419227747693448,,-0.3938547165559832,,-0.1342520507908449,,,,-0.4961967575987771,,,,,-0.4238449251735508,-0.5753263446247644,0.2415078440768024,0.0997658302389411,,,,0.574986805798344,,,,,-0.1670556678992149,,-1.1355086565126569,-0.2895282255755564,-0.609101018204873,-0.8536327185806868,,-0.1793668849744559,0.5171898206543091,-0.5048638846551782,,,-0.0157906909393772,1.210700173715808,-0.6385496952933745,-0.0262302743517281,,,,,-0.9654634477254828,-0.4937282277011153,0.2730777653438234,-0.8858547768465491,0.0,0.0,-0.2281121686985819,0.7472377442836863,0.8164956945181602,,-0.3318662296614234,-0.1793668849744559,-0.2979044497389291,-0.3100570354208497,-0.1793668849744559,,-0.2821500834740151,-0.2525108381293336,0.1403137669663317,,,,0.0,0.0,0.0,0.1956127742016124,-0.2162895172797311,-0.3910221374760824,-0.1725806895690311,0.3902913659449345,0.0,-0.6249893284077455,-0.4045860469948378,,25.7447,-0.0170714749055146
2007-08-31,-0.3665335409459197,-0.1258732469219533,,-0.4582580383023233,-0.4428341432369236,-0.2782893704268943,,0.0010251622476413,-1.018867924528302,,-0.4931284421029973,-0.9950127646663094,-0.158243154255348,-0.2948697128378452,-0.2863393114170577,,-0.1395332503988897,-0.3103201706576849,0.1667990498189936,0.2492772639122191,,-0.0209007690655892,-0.3586113819831862,0.0489330814599746,-0.6324848754519942,,,3.2043141296215256,-0.2750700391448578,-0.6980694668002956,0.5647353905933874,0.0717200870010129,,,,0.7808643855571351,,-1.018867924528302,,,0.3851566684032201,,-0.5362075081790718,,-0.1800045345949988,,,,-1.0312992347087748,,,,,-0.4238704595044493,-0.2087526363392345,0.1252978435201365,0.0453181645468311,,,,0.574986805798344,,0.5878826658094004,,,0.520032981719657,,0.0374199070130872,-0.3758167897278608,-0.2863393114170577,-0.1450085574848028,,-0.2654963753727274,,-0.5952573787088233,,,0.5760543348437649,-0.1070557420725286,0.044206834563601,0.7118978246105987,,,,,0.0731716044619824,-0.6407874483540817,0.4656518148997169,-0.1551240528709957,2.620733464644139,0.0,-0.3433040421565658,0.6285921406349111,0.7431966426232551,,-0.3999726359287181,-0.2654963753727274,-0.400750862210761,-0.4116425229423329,-0.2654963753727274,,-0.4034129039822248,-0.3553232413344269,0.4269346025030848,,,,0.0,0.0,0.0,0.0922303467144414,-0.3150327594640242,-0.4229045435866351,-0.284820496221627,0.0569901095963646,0.0,-0.6249893284077455,-0.4951262896765507,,30.3783,-0.0792111474308963
2007-05-31,-0.417481622936496,,,-0.4275648677847412,-0.5206848733780467,-0.3030474241608377,,-0.0749549205875716,-1.018867924528302,,-0.510427385939913,-1.0831932929854646,-0.1828111419154399,-0.4330327940196246,-0.3709611328089813,,-0.2139598943960239,-0.3239359675729944,0.2772882372048023,0.2667382794195041,,0.0088756690552502,-0.3478263448337962,-0.0833368765678812,-0.6183585960691537,,,3.954374126515804,-0.2122437851483404,-0.6713031858353327,0.4238485666811113,-0.1288513578525764,,,,0.7441284669084031,,-1.018867924528302,,,0.3977355711143818,,-1.6559168109582352,,-0.2693856632241577,,,,-1.1246691893053886,,,,,-0.4766121487927011,-0.2752644671564357,-0.136156102203851,-0.0771803894715148,,,,0.6692421409934678,,-0.0053743996818223,,,-0.0036332637552464,,-0.058670432275194,-0.4280737432993194,-0.3709611328089813,0.0307004560413038,,-0.5893816706715937,,-0.5952573787088233,,,-0.6018083128675615,0.1880631137433506,0.3862742453118719,-0.1251487867037629,,,,,0.3096108469822201,-0.3805865356053036,0.2725795142453605,0.0934010553568252,0.0,0.0,-0.3108962790154084,0.7924728909294106,0.6747294753663793,,-0.3904284168193725,-0.5893816706715937,-0.3341343456911635,-0.3950780145516989,-0.5893816706715937,,-0.3466994856331905,-0.3712849027207562,0.6490393090075798,,,,0.0,0.0,0.0,-0.0263386316133019,-0.320574534937404,-0.4526852566421416,-0.2969585658232004,-0.421769580326116,0.0,-0.6249893284077455,-0.4549657373180343,,30.1793,-0.0427445301912238
2007-02-28,-0.453579839345689,-0.3281181603755593,,-0.4137816894129006,-0.6157769580847184,-0.2968927219380049,,-0.3224246413724793,-0.981132075471698,,-0.5432780347175435,-1.088595613132995,-0.1878905013146245,-0.4288472779753174,-0.422208695392185,,-0.3632378578502293,-0.3607632209848271,0.3441478085811578,0.266781535444708,,0.0251954476407103,-0.242749391852126,-0.1578077520081857,-0.7178147288488808,,,2.5087595465646486,-0.26605776961523,-0.6298782154462903,0.3178842726649199,-0.1801616382024801,,,,0.6775692659135002,,-0.981132075471698,,,0.644822550811799,,-1.6108528675740703,,-0.2708202484269039,,,,-1.1267826055205865,,,,,-0.5139811887904363,-0.3689428673967242,-0.2833603843832306,-0.1461497510252278,,,,0.7078368906114312,,,0.7899857227536463,,0.6281404189733315,,0.3703286161140344,-0.6322661428528712,-0.422208695392185,-0.2036109496365013,,-0.3651685771402801,,-0.5952573787088233,,,0.7198349444829909,-0.4915707329366972,-0.1789802511642691,-0.2143404823975288,,,,,0.0670686584434059,-0.3813899165563987,0.2724911148569235,-0.1584433125305185,0.0,0.0,-0.4727181389846859,0.6450357930347057,0.4365662875986461,,-0.5163498788601788,-0.3651685771402801,-0.5003314476833909,-0.5121130804393499,-0.3651685771402801,,-0.5224041954953523,-0.4296772749050757,0.6564427992243963,,,,0.0,0.0,0.0,-0.4737134484650265,-0.3904993117845994,-0.5562775307125036,-0.3425031880966979,-0.2983373429564288,0.0,-0.6249893284077455,-0.523305783731649,,26.3756,0.0953039930845175
2006-11-30,-0.4783761498412729,-0.2949780968548035,,-0.3935524641840949,-0.6315753006221902,-0.3236317406881515,,-0.2763709782280301,-1.0,,-0.5729036596566183,-1.0613840554209106,-0.1830324559478039,-0.4262633654502765,-0.6224569314633087,,-0.4019670493201032,-0.5722035244595997,0.6045607298716194,0.2878183823688441,,0.062081964735917,-0.2132397357606586,-0.1546889693494566,-0.7908917447112794,,,4.158236514815703,-0.2487489222234113,-0.595053704659803,0.2096557107476675,-0.1855812380424193,,,,0.6520642561222989,,-1.0,,,0.4400487811381611,,-1.558965726603082,,-0.2691146018185189,,,,-1.1004224535238858,,,,,-0.5396504436977163,-0.5298619789243637,-0.2771955829110131,-0.1432613675125382,,,,0.7478343818536114,,,,,-0.202960132609473,,-0.9009141147136572,-0.3862318298181042,-0.6224569314633087,-0.6807090781646424,,-0.0015526103822966,,-0.5952573787088233,,,-0.2994371319297917,0.459059774439474,0.0199638599110788,-0.342220372277112,,,,,-0.6609812885286807,-0.4068820717776997,0.1764250885500692,-0.6747882321013767,0.0,0.0,-0.3989958048767258,0.7152445102244238,0.3704831594608939,,-0.499637502920884,-0.0015526103822966,-0.4395184923978841,-0.411497046686531,-0.0015526103822966,,-0.4501871242140819,-0.4419642391035762,0.043010752688172,,,,0.0,0.0,0.0,-0.0309216785062044,-0.3910585889534166,-0.5850212739653403,-0.3506077697559586,-0.1261908580593424,0.0,-0.6249893284077455,-0.5408407518837105,,24.8423,0.0448066402869299
2006-08-31,-0.4635249706872619,-0.2945450833532827,,-0.3763618605458237,-0.6481786298673351,-0.3008835165443118,,-0.3546958597690863,-0.981132075471698,,-0.569784489103886,-1.070213001431284,-0.1829689799308217,-0.4182883847140403,-0.3811749968472179,,-0.428568276289214,-0.5438639852114855,0.3022368162137227,0.2636526829549632,,0.3846600443783453,-0.1722486144634994,-0.1286011917416314,-0.7597776818765429,,,4.921961686689159,-0.3802536195881211,0.2940241544426559,0.1903649517731025,-0.1413374155149053,,,,0.6234112143044762,,-0.981132075471698,,,0.4261768965264821,,-1.4863905477511397,,-0.2629813857469326,,,,-1.0997618295994096,,,,,-0.5242764345907612,-0.2586414691722644,-0.2256286776784632,-0.1191008167558973,,,,0.7457224431610089,,0.6644080999292137,,,0.7112711070982836,,0.0953718717761736,-0.4930448162153489,-0.3811749968472179,-0.1158024567464116,,-0.4808335633081371,,-0.6510741264031507,,1.0684571613957972,0.9583949680313454,-0.5007155651164256,,0.0939382653843626,,,,,0.1526301814976935,-0.1451756636331722,0.4446609782999592,-0.0822073510562967,2.543967803272538,0.0,-0.5475484970326783,1.1297187905880932,0.4502005551156781,,-0.5494794677226943,-0.4808335633081371,-0.5682479407385442,-0.5868203749388636,-0.4808335633081371,,-0.6063097867798163,-0.597162770895229,0.7230742111757448,,,,0.0,0.0,0.0,-1.49992708789034,-0.5362853479188734,-0.5503471231184028,-0.5376680256229631,-0.6093985565356856,0.0,-0.6249893284077455,-0.4534986403029099,,21.6241,0.2002996656508249
2006-05-31,-0.4932196664882883,-0.3790669939454396,,-0.3503703642194004,-0.623786799079113,-0.3558879020218765,,-0.4220936447111284,-1.0,,-0.6035531081310598,-0.941076609137586,-0.1953591576349134,-0.4159517599287616,-0.4859247924434425,,-0.4526534776860029,-0.4604748994965666,0.4371301615471484,0.2638257070557786,,0.361373342771022,-0.1510423909330631,-0.1025443369080428,-0.8485752377834004,,,2.655462540762596,-0.3646455123136222,0.2342555754649173,-0.0499286856053975,-0.2278527953432076,,,,0.5229909761137758,,-1.0,,,0.4162194265751047,,-1.4558119022302054,,-0.2602124789151388,,,,-0.97959888375836,,,,,-0.5550165205421143,-0.4307731191898118,-0.1741228965398305,-0.0949689043626966,,,,0.8004407058180952,,-0.1871436858531499,0.8003729367675,,0.762994696707025,,0.6321918142711818,-0.7899793837240277,-0.4859247924434425,-0.1200041806890292,,-0.6285738645414751,,-0.6510741264031507,,0.9114856504909336,0.877055479027925,-0.680443920396756,-0.3594616649282207,-0.4562986979794218,,,,,0.2318253479740691,,1.0108349523145572,-0.0505080838867441,0.0,0.0,-0.3076651882252439,1.1370284229921164,0.3681252229598629,,-0.4863299553565938,-0.6285738645414751,-0.4796033085859015,-0.528047967594873,-0.6285738645414751,,-0.3343348297036582,-0.5309397995134588,-0.0521769786708972,,,,0.0,0.0,0.0,-0.1852175905672562,-0.4584991216228901,-0.5860468900840393,-0.4533985883060815,2.129206094627105,0.0,-0.6249893284077455,-0.4593684322839962,,20.5232,0.2646858189755984
2006-02-28,-0.5579145049578974,-0.473817032179224,,-0.3510163433287337,-0.6927928812894969,-0.3988560274475371,,-0.594981557118436,-1.0,,-0.6382788722575639,-0.9176771664803468,-0.2092486899817485,-0.4345761431938716,-0.7771237964326223,,-0.5741043546635242,-0.523383188036235,0.8151861714072739,0.258721496081725,,0.3946968672705727,-0.126900126792395,-0.1380613518884703,-1.0084066733788366,,,4.354588703643576,-0.3969498504711282,0.3334244439720189,-0.0568075831451226,-0.3034629029547225,,,,0.471243109960957,,-1.0,,,0.4300422583714918,,-1.351681499671644,,-0.2731946297547486,,,,-0.9559653772127548,,,,,-0.6219889154940752,-0.6844413777943807,-0.244328284410409,-0.1278621103712299,,,,0.8267151715273202,,,0.7442011618976444,,0.689339659742212,,0.177885271995411,-0.926015535787678,-0.7771237964326223,-0.2268405056179652,,-0.6327739897375146,,-0.6510741264031507,,0.6460284795531821,0.6232785522102694,1.1256964383758925,,-0.2730957127522072,,,,,0.3678967478718922,,0.4487836043243373,-0.1801163524392413,0.0,0.0,-1.0178788315125624,-0.3382245446582294,0.1447999234323202,,-0.8462006985524714,-0.6327739897375146,-1.106023875485547,-1.079304053230344,-0.6327739897375146,,-1.12960302908895,-0.4859253390069408,-0.1558258417063282,,,,0.0,0.0,0.0,-1.263400204153907,-0.5171942704538486,-0.6831852255772007,-0.3806007925417004,0.6309542902967121,0.0,-0.6249893284077455,-0.8420547220167038,,23.8113,-0.1086962912566722
2005-11-30,-0.5580219260083512,-0.5150535763391542,,-0.3791840104135497,-0.6978031581057361,-0.3982733906780656,,-0.6393539446159023,-1.0,,-0.6434011361010906,-0.7767786284791954,-0.2152936090620747,-0.3705311598923917,-0.9105322854469496,,-0.6542517604235255,-0.7274982677699531,0.988520010947975,0.2308069411501777,,0.4142297016789012,-0.1030522647256978,-0.2020206928578883,-1.0702919051682953,,,3.901252170475882,-0.3754455524011073,0.4615462487725372,-0.0104661407289852,-0.2763087420986537,,,,0.4396551162320862,,-1.0,,,0.4158340475339389,,-0.6632930051210696,,-0.2383746062213722,,,,-0.8174587524146203,,,,,-0.6221001182605915,-0.8352763863558496,-0.370754740664659,-0.1870964739526413,,,,0.927092305702547,,,1.012428385551378,,-0.922243966990356,,-1.086915531231402,-0.6141064655057007,-0.9105322854469496,-0.5031805446333473,,-0.5912753168604065,,-0.6510741264031507,,,-1.46474156155704,0.6008406765015616,0.1712928028335111,-0.1843129522933234,,,,,-0.2027166769855848,,1.0343009717905498,-0.4899383435226475,0.0,0.0,-0.5506711099545878,0.609901229347268,0.329284527238082,,-0.5684695182693609,-0.5912753168604065,-0.5500946024166723,-0.5851828942035567,-0.5912753168604065,,-0.5897818598485312,-0.5639155548182547,-0.1110523532522475,,,,0.0,0.0,0.0,-0.3047865063989056,-0.5074986384664448,-0.6029411718326454,-0.487978172533951,-0.7336006415396953,0.0,-0.6249893284077455,-0.638121217311464,,20.7346,0.0235596539118188
2005-08-31,-0.4971471756692488,-0.5112843245843052,,-0.3416381927130922,-0.708212650442655,-0.3272546456095145,,-0.6819862572327837,-0.981132075471698,,-0.6352503316034321,-0.7857801741665039,-0.214741069504854,-0.3710186979342628,-0.6046480249401355,,-0.6691739078792177,-0.7372908007291985,0.6031468232137766,0.3542019623816767,,0.7557679919196418,-0.0061148281320053,-0.2036595998924329,-0.8976267949608002,,,6.482007990174626,-0.419161574747753,0.9844808212105568,0.0,-0.2218963561408848,,,,0.4406094431326857,,-0.981132075471698,,,0.4529106808606228,,-0.582971285021778,,-0.238751877063801,,,,-0.8204112480653718,,,,,-0.5590822961475097,-0.4461145254926639,-0.373994317642269,-0.1886143072149754,,,,0.927092305702547,,-0.0271811088202595,,,0.2345208148625619,,-0.525217409538346,-0.5011298985641699,-0.6046480249401355,-0.3289615041365376,,-0.6288520779625802,,,,,0.1602115553783099,-0.8025670336000577,-0.24338066091221,0.5941682914539839,,,,,0.0300239926124764,,0.9574819032388332,-0.3496926334705352,2.075810673692648,0.0,-0.5264521344634833,0.859878575527834,0.2597558535121073,,-0.5851425391398458,-0.6288520779625802,-0.58280714841476,-0.6188146769248764,-0.6288520779625802,,-0.5946270211249319,-0.6174701248139508,-0.0056407544509078,,,,0.0,0.0,0.0,-0.4168003388677097,-0.551202581342465,-0.6331836013696327,-0.5435401673322665,0.1889334402566158,0.0,-0.6249893284077455,-0.6181925645557784,,17.5764,0.2074770715277303
2005-05-31,-0.4881874427273212,-0.7193342344760846,,-0.3740619916601119,-0.7168892207208809,-0.3173361900352676,,-0.642405290210071,-0.9622641509433962,,-0.65740969702364,-0.898771284288331,-0.2452393786038748,-0.4167868691969545,-0.4938537040110671,,-0.6297829893268768,-0.6665212133195494,0.4578777156846615,0.2792825267286189,,0.6973285508641053,0.030992126901313,-0.2580483422355951,-0.8189597634753892,,,5.902325056114743,-0.3659125588389896,1.0461121065792005,-0.1641005920386159,-0.2292287559243321,,,,0.508906153793407,,-0.9622641509433962,,,0.4572182727019573,,-0.6927555612869355,,-0.2689185049220525,,,,-0.9222663027754064,,,,,-0.5498071393120421,-0.3477224072418262,-0.4815028668291549,-0.2389850973116247,,,,1.1100937035817602,,-0.0137615955042981,,,-0.0569454366626098,,-0.5231547124874565,-0.3888838619059335,-0.4938537040110671,-0.3055093286554023,,-0.5391147877164287,,,,,-0.5345517165136227,-0.8330258053482867,-0.58021804253205,-0.2961275293739639,,,,,-0.1853255661297321,,0.7233762137336486,-0.2651281549476298,0.0,0.0,-0.3379925008216553,1.429365391004923,0.3330549054070123,,-0.5136128568090418,-0.5391147877164287,-0.5392870581842094,-0.5689174849948516,-0.5391147877164287,,-0.3604825884209565,-0.5948470016925695,0.4840472413185263,,,,0.0,0.0,0.0,-0.2594907262740523,-0.5159804484622073,-0.60130119525908,-0.5241374679091794,2.6770382250735096,0.0,-0.6249893284077455,-0.5112910313341036,,16.7696,0.2655698406640586
2005-02-28,-0.4690157772478566,-0.7082647819439182,,-0.329808986611682,-0.7119996600174998,-0.3018395219224768,,-0.6280788330407713,-0.9622641509433962,,-0.6874033219765173,-0.848295578190265,-0.2436166930422297,-0.4177449381397012,-0.3837758025028298,,-0.645927717916639,-0.7055848119433107,0.3207327401277776,0.5637485671441651,,0.8695451617264608,0.1103398483721479,-0.2837628377829917,-0.7613803963259426,,,5.677287293363638,-0.3780598690422816,0.6856379263218635,-0.1085585882906642,-0.3413588064987296,,,,0.5336160800682537,,-0.9622641509433962,,,0.5139587961382606,,-0.8954249055890285,,-0.2708471796891415,,,,-0.8764762629384779,,,,,-0.5299605428485431,-0.2401040192183203,-0.5323319169279903,-0.2627999421095939,,,,1.2400946049979324,,-0.2274867159800809,,,0.760411697495887,,0.661988902380848,-0.6963714455294693,-0.3837758025028298,-0.1363763549168343,,-0.6837139696792244,,,,,1.0636789013661707,0.0153193940648599,-0.5965545380118678,-0.4273373204518734,,,,,0.3692847651571578,,0.5017830558463137,-0.0704284621454487,0.0,0.0,-0.5929684387516522,0.8264113329507355,0.1437500181268181,,-0.6580859293330545,-0.6837139696792244,-0.7283873109316841,-0.7539144023529911,-0.6837139696792244,,-0.6481942495358759,-0.6207290461866142,0.4583112991362594,,,,0.0,0.0,0.0,-0.6208709177898604,-0.5685132744734898,-0.6836418959769167,-0.5365691311655842,1.5296230954290295,0.0,-0.6249893284077455,-0.645357024025293,,18.4048,-0.1052823176562637
2004-11-30,-0.5004406671285091,-0.7268887217056372,,-0.2100669086606728,-0.7451785713431429,-0.3195335057234374,,-0.5514811192314606,-0.9622641509433962,,-0.7082968120045137,-0.8406504570533953,-0.2463468007927685,-0.4171858528150214,-0.685323981421393,,-0.6933037455921638,-0.9945864082369776,0.6901340928428978,0.461159694035715,,0.1960282176288602,0.133319170400837,-0.2857904882650833,-0.8505699193199361,,,8.292558973417847,-0.3686581504463379,-0.74087122017392,-0.0349684466089072,-0.3444691711737084,,,,0.5148678634099789,,-0.9622641509433962,,,0.5394378346125217,,-0.7923004519886537,,-0.2706207705494639,,,,-0.8862444049784252,,,,,-0.5624917336853142,-0.4787351999471492,-0.5363399110862734,-0.2646778005123198,,,,1.242693111465107,,-0.3567855402271137,,,1.1674908218203706,,-0.5146169787337479,-0.5871491554049763,-0.685323981421393,-0.8794110048969717,,-0.827631080028988,,,,,1.557838950144905,0.2075768894969442,-0.3319439120778147,-0.5210857230486122,,,,,-0.6682052329093606,,0.7568313641030174,-0.8815444631847058,0.0,0.0,-0.6017422320483656,0.7352161174373999,0.2202045865200279,,-0.6240536335797124,-0.827631080028988,-0.6531925378434488,-0.7064705220008106,-0.827631080028988,,-0.6680496283769932,-0.6610989752935895,0.4639520535871673,,,,0.0,0.0,0.0,-0.5218007207882841,-0.5956014176947713,-0.6503869556263339,-0.5903872924715253,0.3398235765838011,0.0,-0.6249893284077455,-0.6643282029395289,,18.6858,-0.0501182716287233
2004-08-31,-0.567910281821899,-0.742023851342687,,-0.3810291741460606,-0.8205677771539095,-0.3573363423760742,,-0.6164083802771118,8965.849056603774,,-0.7281843406048181,-0.8983713703394668,-0.2496754575625017,-0.4357300874846355,-0.5782114200092227,,-0.7825060189676604,-0.9962449173003972,0.5484168736781846,0.3634731704503673,,0.0986503574922258,0.0936016346324678,-0.3135768096863381,-1.0190475179163598,,,3.966768779027909,-0.5235815724711048,-0.714428888146506,-0.045199264184677,-0.6899971547513793,,,,0.3006430089179128,,8965.849056603774,,,0.5370488367313518,,-1.546989794115474,,-0.2831470718853973,,,,-0.9438134757850016,,,,,-0.6323365897726355,-0.4894442276495668,-0.5912642754775592,-0.2904114156607867,,,,1.242693111465107,,0.8389029877581974,,,-0.9243584582364708,,-1.2675764496061537,-0.2112567329270792,-0.5782114200092227,-0.4813270225671753,,-0.7721050659522865,,,,,-1.913454371332863,-1.3562254165129026,-0.0976503599985576,0.1682330346645635,,,,,-0.2032723650148679,,0.6750217482586325,-0.4891719155733821,2.3187697712292907,0.0,-0.7333116808064555,0.6547859969190806,0.1259799357875595,,-0.6983553885698122,-0.7721050659522865,-0.7100234876106742,-0.749232394536261,-0.7721050659522865,,-0.7935663508728268,-0.7020454685192511,0.0260884893354486,,,,0.0,0.0,0.0,-1.0907998805630204,-0.6450701744341405,-0.6913712317201746,-0.6290653689092915,-0.1970168404170008,0.0,-0.6249893284077455,-0.6829764801183786,,18.801,-0.0831391947236848
2004-05-31,-0.517976350876266,-0.7548704029096183,,-0.6061494576896569,-0.8339179905439577,-0.306482709351848,,-0.6593399475300498,-0.9433962264150944,,-0.7465247671062791,-0.8658778645888384,-0.2504486721317813,-0.4548703540266092,-0.2095797044396155,,-0.8165668065691544,-1.0618753425042804,0.3454048902113142,0.7339177702960875,,8.888791684229782,0.2268786397545786,-0.3918202635835188,-0.8504697110062337,,,4.537812160311701,-0.5328614970706538,-0.6773772284143712,0.0987754586649141,-0.6799904690365509,,,,0.5378425468287473,,-0.9433962264150944,,,0.5268961617304022,,-1.0955169646040888,,-0.2986921228885154,,,,-0.918981560685332,,,,,-0.5806447543201699,-0.0918175132479084,-0.7459256971148336,-0.3628746575542121,,,,1.3385071926064918,,0.3473906444642962,,,2.191148147027728,,0.523318050723696,-0.4696322782597275,-0.2095797044396155,-0.4963713678894598,,-0.8078510032510584,,,,,0.7204914769470969,-0.0064625880955166,0.56052663561949,-0.1741625955703551,,,,,-0.2426432227259564,,1.0972011548174654,-0.483118580864656,0.0,0.0,-0.4963843939089677,1.1602863442776452,0.124564593828761,,-0.5767297782587841,-0.8078510032510584,-0.4738910898986064,-0.5462743967317887,-0.8078510032510584,,-0.5026020443760956,-0.6915086142391615,0.1420765027322404,,,,0.0,0.0,0.0,-0.2977452798089008,-0.5995486741591252,-0.6919868536954822,-0.6167355098570779,-0.7541726811013099,0.0,-0.6249893284077455,-0.644482381498573,,17.7277,0.0196499602227526
2004-02-29,-0.6021129399528734,-0.7562871417149296,,-0.6378597016985299,-0.846267392409173,-0.3983492938168407,,-0.768679273604785,-0.9622641509433962,,-0.7678790183208898,-0.7920728499962073,-0.2506563537309679,-0.478263383239355,-0.4629644891323888,,-0.8751866466299203,-1.034620737499606,0.4080018977813477,0.4543973354288474,,0.3805562404065629,0.1092137873991059,-0.3960390134972387,-1.063124536459228,,,1.7166734898428788,-0.5653012429247504,-0.2521132606472904,0.0719314004310431,-0.7069480640953162,,,,0.5766656305457146,,-0.9622641509433962,,,0.5292381192194716,,-1.378034425298882,,-0.3128662443996309,,,,-0.844016704693247,,,,,-0.6677433391044321,-0.4333926449731153,-0.754264769927819,-0.3667817485664197,,,,1.3265159570855451,,-0.1203469867401937,,,1.006857746554256,,0.3720447712312806,-0.6744324758820449,-0.4629644891323888,-0.0717755066401305,,-0.583745605237592,,,,,1.4682656758994936,0.2994932538861036,0.1529422920509166,-0.5268546308264143,,,,,0.5325680394586613,,0.5575550336419945,0.0071986383612131,0.0,0.0,-0.7913034326142585,0.4163228320294801,-0.0407142836426493,,-0.7102990370306601,-0.583745605237592,-0.5985789614948142,-0.6268310005245874,-0.583745605237592,,-0.8848749112571597,-0.7397012539399515,0.2876784769962983,,,,0.0,0.0,0.0,-0.8496205098292468,-0.6682790561441239,-0.7638771190783836,-0.6572218868294504,-3.597604918470997,0.0,-0.6249893284077455,-0.7670727272982532,,16.6328,0.0825756707350182
2003-11-30,-0.661641935134762,-0.7711374705254757,,-0.6052045414393021,-0.9411765690822276,-0.415041035468481,,-0.911985913042148,-0.9622641509433962,,-0.7803712283867863,-0.794165931957427,-0.2528332829039809,-0.519293795086334,-0.6638087830951083,,-1.0251992179313918,-1.270197205761657,0.6672138172775026,0.4283427895810654,,0.3542155451458202,0.1175418073860951,-0.3421229478459803,-1.193075749856131,,,,-0.5689728092472031,-0.2459987244510584,0.0897356058279787,-0.7347976384023496,,,,0.553752717692365,,-0.9622641509433962,,,0.5365243489370758,,-1.7196532229604178,,-0.33449064894986,,,,-0.8441666266673228,,,,,-0.7293680292763947,-0.6912433363680207,-0.6476905461765242,-0.3168487163109287,,,,1.4304361032881558,,,,,0.9019104110381716,,-0.208991273268456,-0.6734513998996645,-0.6638087830951083,-0.7157155562606147,,-0.7399130807424709,,,,,-3.005935243381604,2.597114337404704,-0.2297152732610086,-0.6402465295273146,,,,,-0.3657533797589432,,0.3540274962279579,-0.6936211503264067,0.0,0.0,-0.5643147846940311,1.181719877971426,0.0032483258070784,,-0.6973653626200637,-0.7399130807424709,-0.8221537447300149,-0.8436360102613132,-0.7399130807424709,,-0.5975732474592754,-0.7660795844097991,0.2647629120394852,,,,0.0,0.0,0.0,-0.4248692790033956,-0.6884190117998329,-0.744754992230611,-0.6918323615150561,3.8696177492649024,0.0,-0.6249893284077455,-0.6951203932100785,,17.9366,-0.0837033585755103
2003-08-31,-0.6794500392502799,-0.7871182842493881,,-0.662903991068537,-0.9470986751366748,-0.4478853124954273,,-1.0093521854193197,-0.9622641509433962,,-0.7980648639097687,-0.763163150217677,-0.2551759313428063,-0.5287356906045272,-0.6628466574951692,,-1.0502956714625908,-1.255009830884916,0.9568621991881328,0.5717797691570121,,9.677596888743963,0.1077594627216069,-0.2991999284358653,-1.2374393724237855,,,1.1150387509352455,-0.6285222942269464,-0.236847166965307,0.3126181996630861,-0.6086123074140407,,,,0.5389702846744677,,-0.9622641509433962,,,0.545131482926979,,-1.7802432909583454,,-0.3378561240451607,,,,-0.813998456529096,,,,,-0.7478030607314985,-0.6902474245661286,-0.5628459378127835,-0.277096622258452,,,,1.4304361032881558,,,,,1.005847817132964,,0.2020880255138739,-0.8180592636340736,-0.6628466574951692,-0.4454677540256113,,-0.7844451773722743,,,,,1.5543501040753167,-1.3757751955427944,0.9966651218759724,-0.1865328864255409,,,,,-0.0279984977178602,,0.7397381369025257,-0.4263103628289193,2.1348579029493773,0.0,-0.2174606751585036,0.8245265351738303,0.0,,-0.7414965379837907,-0.7844451773722743,-0.8100065098112155,-0.8387317147257176,-0.7844451773722743,,-0.8234961550163891,-0.7757083212007383,-0.0891944297549797,,,,0.0,0.0,0.0,-0.8819518224555409,-0.7093679953173146,-0.7461678951247597,-0.7026789413705827,0.4613739641807003,0.0,-0.6249893284077455,-0.7707004580992881,,15.0336,0.0219807916799321
2003-05-31,-0.6861662631201276,-0.7865777439052078,,-0.6271941742763445,-0.9396238441272728,-0.4568543106735515,,-0.885480843878952,-0.9622641509433962,,-0.8152226362025037,-0.8231716309799011,-0.2550966928249628,-0.5368699911098591,-0.8046612877073697,,-1.0143525931051771,-1.2438928770189108,0.8589552425837519,0.7078920617984413,,0.6548271391873514,0.0851385994818847,-0.2677382144196209,-1.2507728514646803,,,,-0.5906018185350893,-0.2658001032587238,0.6516471185827807,-0.8383432146188792,,,,0.6561785158006557,,-0.9622641509433962,,,0.5475562013197974,,-1.7688804733467125,,-0.3410467208142428,,,,-0.8602585742976427,,,,,-0.7547557266355726,-0.837042046721754,-0.500656538258771,-0.2479591330553707,,,,1.2678781414683835,,,,,0.7868917056249656,,0.1001682770106122,-0.92657095768846,-0.8046612877073697,-0.4167393211113183,,-0.7963275828414116,,,,,1.0707135653307451,-1.609616475099234,0.2797932028319085,-0.5225900205197859,,,,,-0.0510992429351995,,1.184483496436902,-0.3725273660570752,0.0,0.0,-0.8812677446870059,0.9968647113903404,0.037141125254863,,-0.7003993924561253,-0.7963275828414116,-0.7302763807038208,-0.7701786477516499,-0.7963275828414116,,-0.7457736109902299,-0.7984319080096008,0.0817909395381632,,,,0.0,0.0,0.0,-0.723461728086439,-0.7175707271266332,-0.7300128643546991,-0.7324264521704912,0.2489387864207431,0.0,-0.6249893284077455,-0.7543644381299216,,11.9217,-0.0245556867113334
2003-02-28,-0.7238009946225985,-0.8011011329914512,,-0.602782119779302,-0.9808790939625838,-0.4743435698114776,,-0.9235727083596256,-0.9433962264150944,,-0.8286335269426806,-0.8492809383055636,-0.2572256954750865,-0.5460665537320827,-0.9110769788642856,,-1.0632757608915764,-1.2802880317179206,0.9918053960216568,0.7005241188387199,,0.4969261235753994,0.0860535105425328,-0.2649838787429671,-1.347664393697433,,,,-0.608958434638407,-0.6470880027535659,0.2553284910333269,-0.9557888007875848,,,,0.6544908759491204,,-0.9433962264150944,,,0.5376779705315841,,-1.8244830170391784,,-0.3463861058703477,,,,-0.8915530937185232,,,,,-0.7937153741394227,-0.9471946533423454,-0.4952121278934345,-0.2454082731117985,,,,1.3254203474907973,,,,,0.7290697557165341,,0.0265722615806671,-1.0090176908324704,-0.9110769788642856,-0.4635788144240783,,-0.7446427089012589,,,,,1.0336194811087531,0.3935338115768535,0.0528451972813464,-0.4456371722128507,,,,,-0.0039788225127021,,0.5048770344416071,-0.4291283111254006,0.0,0.0,-0.7065822175071657,0.8300842722082943,-0.1367893199687928,,-0.7595986397904343,-0.7446427089012589,-0.813349117501927,-0.8365088375370637,-0.7446427089012589,,-0.7979957604838831,-0.8432356963954882,-0.1759210294376872,,,,0.0,0.0,0.0,-0.6015387927143443,-0.7604236122935248,-0.8056662452137126,-0.7681882007852892,1.3507190590751137,0.0,-0.6249893284077455,-0.7732050524294144,,11.0501,-0.0762708029791586
2002-11-30,-0.7386501304414107,-0.8152074922960286,,-0.5699185052684808,-1.0092886822983136,-0.4761683186846734,,-0.928700192746756,-0.9245283018867924,,-0.840682431972645,-0.882867243739842,-0.2592935651826805,-0.5398452633621759,-0.9919311777375636,,-1.088772428172728,-1.3727989172816475,1.0978608024031946,0.7347828908001643,,0.5409386258619181,0.0529995985671354,-0.2822652920021005,-1.394568482588393,,,,-0.6174883902182404,-0.6312549984308723,0.2261943367474322,-0.929701711402592,,,,0.800881448967454,,-0.9245283018867924,,,0.501092620016517,,-1.7991085052709064,,-0.3435879360653,,,,-0.9288159585654352,,,,,-0.8090872679763625,-1.0308881450190424,-0.529371764379716,-0.2614130270801296,,,,1.3386789393980592,,,0.6910722784075211,,0.9579002155602044,,-0.0333176892826664,-1.070253639410799,-0.9919311777375636,-0.6522427052125611,,-0.7565699875028327,,,,,1.4769199674718003,-3.240384875023627,0.3009537190502074,-1.0467573626598317,,,,,-0.2869972308814601,,0.8583218983366852,-0.5969702476526336,0.0,0.0,-0.6674927342427825,0.9583471773340986,0.1094308759168544,,-0.6696532449484079,-0.7565699875028327,-0.6965948094266832,-0.7354121502350751,-0.7565699875028327,,-0.7097010400265276,-0.825359192485409,0.5415124272871497,,,,0.0,0.0,0.0,-0.5216618405794082,-0.7345661030028271,-0.6985694673576855,-0.7702960044535981,0.1813632718524458,0.0,-0.6249893284077455,-0.7617630996320324,,13.4921,-0.0005647014533218
2002-08-31,-0.7509880802770937,-0.8177140301823488,,-0.5471958464917693,-0.9886428782038208,-0.4954025482207095,,-0.9065988515505788,-0.9245283018867924,,-0.8537317165216529,-0.882073384707022,-0.2596610018581645,-0.5424622127473115,-1.0519842978035554,,-1.0563566275220464,-1.3682963975580884,1.178016257693297,0.8159888687828476,,0.6180042469599243,0.5114679582973531,-0.1533129058959239,-1.4387061209753529,,,1.0609003769216652,-0.6530908903499711,-0.6631234751622276,0.4248300364176928,-0.8117737957144526,,,,0.8002172737135925,,-0.9245283018867924,,,0.5100348224677993,,-1.7928084745692707,,-0.3383421692064974,,,,-0.9283676435010214,,,,,-0.8218595705099102,-1.0930501028943538,-0.274475560731699,-0.1419869603394464,,,,1.3386789393980592,,0.0438339170368263,,,0.6794156681784581,,0.01834685702193,-1.1497872413609127,-1.0519842978035554,-0.3730682116226222,,-0.6778535385830411,,0.4562228130875432,,0.6301602094140922,0.9901228488896936,0.0667680758949064,-0.5664885482929618,0.2461205920798008,,,,,0.3584416318584847,,0.5097550734217193,-0.3752334833571858,2.0,0.0,-1.054841373717233,-0.2754583622798804,0.3324371434454876,,-0.7273656085892438,-0.6778535385830411,-0.7544927460448843,-0.7761047685079985,-0.6778535385830411,,-1.1143295500890844,-0.8420872085131954,2.682178741406663,,,,0.0,0.0,0.0,-1.279260324007527,-0.7799288238544976,-0.6015698991130565,-0.8103163384331689,-5.236225608126169,0.0,-0.6249893284077455,-0.8863245499381573,,11.4535,-0.1349645704162975
2002-05-31,-0.7541980139219725,-0.8383199512060625,,-0.5390317700887047,-1.0134225314312386,-0.4878854648362339,,-0.9875008604765892,-0.9245283018867924,,-0.8576032268709429,-0.8072601293502766,-0.2626816508407963,-0.5568340288260288,-1.1299816352838672,,-1.1302685668791976,-1.4262947833668416,1.295661331389894,1.2930451520809754,,1.152023668450814,0.5098337571878455,-0.1179085381645014,-1.43592173194606,,,,-0.5997708887187582,-0.6434030835889493,0.39763586324855,-0.9585985354196288,,,,0.77645544061256,,-0.9245283018867924,,,0.5705680089613204,,-1.759461633740042,,-0.3450446725227006,,,,-0.8617742370936223,,,,,-0.8251825086131623,-1.1737864110413687,-0.2044928392032474,-0.1091980797977313,,,,1.4684943116681428,,-0.1279717102151717,,,0.6823616834949453,,-0.2260148698494998,-1.1427770430565325,-1.1299816352838672,-0.5712889647119608,,-0.6372702776076338,,0.4540022472660118,,,1.1727284010653731,-2.1520058325307603,,-0.3795503172899278,,,,,-0.176329915110234,,0.8969926126238345,-0.5519669481562105,0.0,0.0,-0.6567004777546115,1.1708822907542211,0.3014475351877793,,-0.6253818671520458,-0.6372702776076338,-0.7024632371070492,-0.7251007932238324,-0.6372702776076338,,-0.7013730594359444,-0.8213165151397385,2.718843645337564,,,,0.0,0.0,0.0,-0.4996076634099258,-0.730229930350939,-0.6150492450273229,-0.7833994680125953,0.5375033413525795,0.0,-0.6249893284077455,-0.779185754137003,,15.0192,-0.1007177479492915
2002-02-28,-0.7714125291622246,-0.8383199512060625,,-0.6564567988585411,-1.0127565994797247,-0.5190433024065906,,-1.069970370922775,-0.9622641509433962,,-0.8692197877037758,-0.7921494504291987,-0.2626816508407963,-0.5636796963032877,-1.1231068453894826,,-1.1369733450581418,-1.398087345303121,1.318930493013718,2.222674808411855,,2.1830964632526624,0.4827433744031416,-0.0855191409211563,-1.4803632943132607,,,,-0.6026528604298538,-0.6293113048055801,0.0558605509431579,-0.878721793737232,,,,0.8576106295242335,,-0.9622641509433962,,,0.6137961168785203,,-1.8227648268478231,,-0.3474177714094864,,,,-0.8468966574533165,,,,,-0.8430030541288343,-1.1666702046003588,-0.1404697168317199,-0.0792014396914421,,,,1.5054420817572771,,-0.1703425046392321,,,0.3953369495322289,,-0.2041087843689722,-1.1435251623514633,-1.1231068453894826,-0.4287826854616539,,-0.6518450710229504,,0.4517460811908285,,,1.3648455351383906,-11.362760011161017,,-0.6107447732965292,,,,,0.0039788225127021,,1.5258417530402355,-0.3799554507729112,0.0,0.0,-1.0259681811167152,-0.5830791071374634,0.3714373551667232,,-0.6392637527517802,-0.6518450710229504,-0.4816432921310051,-0.5328591583267553,-0.6518450710229504,,-0.7685651460561495,-0.7966880625705479,3.0932487220165696,,,,0.0,0.0,0.0,-0.6576255650688498,-0.7191262050774484,-0.5846062337401842,-0.761368662167852,-9.032258754343758,0.0,-0.6249893284077455,-0.9249829072668334,,18.8658,-0.0072512164869764
2001-11-30,-0.7550949650980104,,,-0.674459457795602,-0.9850381387967394,-0.5068780871981405,,-1.005682730808504,-0.9622641509433962,,-0.8702966901159266,-0.8910062884478838,,-0.5697027655126262,-1.1238405140740575,,-1.047849248281565,-1.2190254682560857,1.3486061555312212,3.0558291098630948,,3.103780112456954,0.4957686711439866,0.002663776123532,-1.436138025199298,,,,-0.554201215229379,-0.6253024367034147,0.1500299893530622,-0.9595846680329916,,,,0.8720898767393869,,-0.9622641509433962,,,0.6397400251100104,,-1.6028144542749847,,-0.3463553272849332,,,,-0.933750325989615,,,,,-0.8261110366045021,-1.1674296369465027,0.0338387349932163,0.0024669904506399,,,,1.4043765731846316,,-0.3258909850009325,,,0.2905028626302068,,-1.0345733519737577,-0.8501537377333744,-1.1238405140740575,-0.999053209785354,,-0.6828344562834725,,-0.1584155662109092,,,1.6070815978969255,-17.01041394766924,,-0.708611737901724,,,,,-0.7758343063386623,,1.4786846974631385,-1.000766909979422,0.0,0.0,-0.9631117134789564,0.6770290270939681,0.2301641854678024,,-0.6532421812546888,-0.6828344562834725,-0.5777700702907373,-0.621386697127455,-0.6828344562834725,,-0.7311935309616308,-0.8030847920482875,1.6816499206768905,,,,0.0,0.0,0.0,-0.8131158469262337,-0.7194235895974073,-0.6460548944312388,-0.7556901901979205,-4.008703555199145,0.0,-0.6249893284077455,-0.8252132906354285,,16.2798,0.0309708964483591
2001-08-31,-0.7084861243309628,,,-0.4680599695393361,-0.853045992838999,-0.5163077158680923,,-0.5092427136754588,-0.9622641509433962,,,-0.898686227963386,,-0.5506637598791085,-0.8361358276024252,,-0.841558099965678,,,,,,,0.0804058393241606,,,,,,-0.7577975521608407,,-0.9412990934434984,,,,,,,,,,,,,,,,,,,,,,,,,,,,,1.3746187605911606,,0.4369790845592137,,,,,,,-0.8361358276024252,1.1728050999147428,,,,3.830481604681433,,,,,0.3743023400240132,4.196756267297595,,,,,,,,,2.3135940790763905,0.0,-0.3220927447031483,-0.754233243724892,0.4123517588814158,,2.0026899804454503,,-1.2620806309784276,,,,-0.958034257074072,-1.4978046480116658,4.534814031376697,,,,187974000.0,0.0,0.0,-1.0934941566152117,-0.8373079714649092,-1.6151448052007442,-0.8997227245652336,0.1172093023255814,0.0,-0.6249893284077455,0.280729364824208,,10.7331,-0.1308661989546357
