,totalAssets,intangibleAssets,earningAssets,otherCurrentAssets,totalLiab,totalStockholderEquity,deferredLongTermLiab,otherCurrentLiab,commonStock,capitalStock,retainedEarnings,otherLiab,goodWill,otherAssets,cash,cashAndEquivalents,totalCurrentLiabilities,currentDeferredRevenue,netDebt,shortTermDebt,shortLongTermDebt,shortLongTermDebtTotal,otherStockholderEquity,propertyPlantEquipment,totalCurrentAssets,longTermInvestments,netTangibleAssets,shortTermInvestments,netReceivables,longTermDebt,inventory,accountsPayable,totalPermanentEquity,noncontrollingInterestInConsolidatedEntity,temporaryEquityRedeemableNoncontrollingInterests,accumulatedOtherComprehensiveIncome,additionalPaidInCapital,commonStockTotalEquity,preferredStockTotalEquity,retainedEarningsTotalEquity,treasuryStock,accumulatedAmortization,nonCurrrentAssetsOther,deferredLongTermAssetCharges,nonCurrentAssetsTotal,capitalLeaseObligations,longTermDebtTotal,nonCurrentLiabilitiesOther,nonCurrentLiabilitiesTotal,negativeGoodwill,warrants,preferredStockRedeemable,capitalSurpluse,liabilitiesAndStockholdersEquity,cashAndShortTermInvestments,propertyPlantAndEquipmentGross,propertyPlantAndEquipmentNet,accumulatedDepreciation,netWorkingCapital,netInvestedCapital,commonStockSharesOutstanding,investments,changeToLiabilities,totalCashflowsFromInvestingActivities,netBorrowings,totalCashFromFinancingActivities,changeToOperatingActivities,changeInCash,beginPeriodCashFlow,endPeriodCashFlow,totalCashFromOperatingActivities,issuanceOfCapitalStock,depreciation,otherCashflowsFromInvestingActivities,dividendsPaid,changeToInventory,changeToAccountReceivables,salePurchaseOfStock,otherCashflowsFromFinancingActivities,changeToNetincome,capitalExpenditures,changeReceivables,cashFlowsOtherOperating,exchangeRateChanges,cashAndCashEquivalentsChanges,changeInWorkingCapital,stockBasedCompensation,otherNonCashItems,freeCashFlow,researchDevelopment,effectOfAccountingCharges,incomeBeforeTax,minorityInterest,sellingGeneralAdministrative,sellingAndMarketingExpenses,grossProfit,reconciledDepreciation,ebit,ebitda,depreciationAndAmortization,nonOperatingIncomeNetOther,operatingIncome,otherOperatingExpenses,interestExpense,taxProvision,interestIncome,netInterestIncome,extraordinaryItems,nonRecurring,otherItems,incomeTaxExpense,totalRevenue,totalOperatingExpenses,costOfRevenue,totalOtherIncomeExpenseNet,discontinuedOperations,netIncomeFromContinuingOps,netIncomeApplicableToCommonShares,preferredStockAndOtherAdjustments,adjusted_close,10%DDret
2023-09-30,8.116686879112372,4.2138473182904805,,7.296062246557296,-0.4985494551037516,11.446994620594152,,-0.5601996800637383,0.0,0.0,3.553013948693303,,4.158000137492789,-0.0614002018029206,0.3125344200903183,-0.691365227537923,0.36823559023408,0.6925745629512894,3.1457739360586507,-1.6147152933081026,-0.1430361315228065,3.200767736341655,-0.2008088349665578,2.831275776200876,2.262732642443126,0.7072219942552318,,3.961550198352152,-3.2399126001456664,6.017868153979536,1.6688445667125171,2.1079654510556622,,,,18.0145388459791,,,,,,,-0.3659789562100179,,14.16617873054226,-0.016731401254855,3.904692082111437,1.292191435768262,8.051067426516383,,,,10.021993127147766,7.722029876436959,0.3245098857869197,,2.7486916528764187,,1.220197255574614,0.1892251367768651,-0.946756232811866,-0.9933774834437086,,-1.5135658914728682,,-0.2530372625227625,,-1.6663252065833505,0.9856598293701216,0.3233270052206929,-0.1811083833058316,0.0,3.520997615991197,-0.7833707865168539,,0.8451390958095186,-1.2898178396608413,0.3184878048780488,1.13815845291355,,1.6055245371730826,,,,,-2.4704921744738955,1.588235294117647,1.3257142857142856,-0.3884544503660905,,,4.948102236421725,,5.24212739641311,-1.165991902834008,5.484950302704486,3.484320557491289,4.959130434782609,5.105429692443995,3.631803826862345,,5.035833820947923,4.634163168047203,3.357002249718785,0.3140877598152425,0.6503884572697003,-0.6681922196796338,,,,3.76,4.605129922095739,4.9533886370520746,4.342616137686882,-2.2863809480799047,,3.7227963525835865,5.053847457627119,,225.47,-0.0654901606788228
2023-06-30,8.001733969810347,4.2138473182904805,,2.497890121652498,4.332165362118173,10.709528472338874,4.124423963133641,-0.5048021561463242,0.0,0.0,3.3342945103100443,,4.158000137492789,-0.1065840974863339,0.9715644160516944,-0.4819136522753792,0.5069217216209414,0.6825839573433369,3.112486654641749,-1.7399518321004646,-0.1922048017337713,3.216331820770615,-0.2084305490745061,2.404218488567835,2.1317297899202297,0.6887566680344686,7.883580705009276,5.73146170277693,1.239621267297888,6.121720424125253,1.521320495185695,2.519193857965451,,,,16.696955929123124,,0.0,,2.25557461406518,-1.0289916756687338,,-0.5819665369241268,,14.066006123412128,0.0,3.981973434535104,1.2821158690176322,8.134888153181207,,,,9.950515463917526,7.612482940923342,1.1818038429778903,,2.719434060066007,,0.9927101200686106,0.1421656679784448,-0.919706054731527,-2.671081677704194,1.1352520072246906,0.0968992248062015,-1.4788160185722576,-3.4560921914494607,,-10.016162443943635,4.9664185877654745,0.9786517469241722,0.2468440187279483,0.0,3.410966440491473,1.931985018726592,,-0.1902164916494358,-0.4694091154175521,-8.94980487804878,1.1339770856210314,-1.925,0.8140660201782741,-0.4464944649446494,-3.5503685503685505,,-33.333333333333336,-2.163097549762936,1.7647058823529411,-0.4457142857142857,0.1345320516013348,,,5.845226837060703,,5.684922696351268,-1.2105263157894737,5.966345125877416,3.410966440491473,5.492463768115942,5.630104359632267,3.557495820174624,0.2894736842105263,5.574160327677004,4.75557471916487,3.5538526434195727,0.4988452655889145,0.7125416204217536,-0.7322654462242563,,,,4.433684210526316,4.760693462248281,5.308381117376031,4.431483775618874,-1.5577834981709795,,4.38419452887538,5.975881355932203,,240.42,-0.0919640628899425
2023-03-31,8.023537608050574,4.2138473182904805,,2.005928243552006,4.374786892348847,10.63045571310928,4.013824884792626,-0.4164150955140454,0.0,0.0,3.311298609523145,,4.158000137492789,-0.1600840475900074,4.99733817968205,0.7975495915985997,0.5539894286433426,0.6767829605387192,2.8706802648368583,-1.6656356442456564,-0.1648437235447495,3.2722523365065244,-0.1958313890185098,2.3877081031950147,2.2506598305439574,0.6620845301600329,7.826066790352504,2.801953005797986,1.0065549890750185,6.153015193030771,1.1162310866574965,2.445777351247601,,,,14.516129032258064,,0.0,,2.236492281303602,-1.0266050150558508,,-0.835451961512213,,13.98870757617785,0.0412309530923214,4.005261342073486,1.256926952141058,8.175861972081611,,,,10.03298969072165,7.633261203663859,5.162097215650253,,2.7133457748569043,,1.05188679245283,0.1461147143111793,-0.8565889725440693,-1.554083885209713,1.3198243925590962,-0.8313953488372093,-0.2669762042948346,-0.6444160574022233,,2.7681030754171503,3.8500635324015247,4.981791464349604,1.87950255564052,0.0,3.3742893819915643,-0.8095880149812734,,-0.4538709958977044,0.1099516846923995,-1.6766341463414631,1.0159263904322535,0.375,-0.0009011656381624,0.059040590405904,-0.4152334152334152,,9.196969696969695,-0.5259467136907253,3.588235294117647,0.8,1.7794491208845944,,,5.267591054313099,,5.59586889301175,-1.2834008097165992,5.761080328179314,3.3742893819915643,5.2327536231884055,5.367767026038131,3.483187813486903,,5.312018724400234,4.4174378758652,3.2445163104611923,0.3210161662817552,0.6148723640399556,-0.631578947368421,,,,3.785263157894737,4.433846706625945,5.187216019301387,4.085431261606524,-2.2442306823826943,,4.019452887537994,5.467406779661017,,210.0,-0.1064761904761905
2022-12-31,7.815306412075861,4.2138473182904805,,0.8007245631008008,4.356537342111956,10.032698429606809,4.078341013824885,1.7833023148695668,0.0,0.0,3.1133788342111823,,4.158000137492789,-0.4322962289465222,3.868359217241253,0.4387397899649942,0.4661464887993959,0.7870018998264535,3.114245738619065,-1.3136659212110786,-0.0276319799532694,3.435468620119954,-0.2040752838699642,2.405580169835696,1.8900166835985712,0.4741485432909315,15.410018552875696,2.740921574610925,2.444573925710124,6.204014075691615,0.6960110041265475,-0.0724568138195777,,,,17.378464334393456,,0.0,,2.0722555746140654,-1.0251275584859707,,0.932946355584554,,13.933757248382054,0.0125485509411413,4.0432120062101085,1.17632241813602,8.221284377034058,,,,9.942268041237114,7.434822647076904,4.019038606062293,2.6263742923094724,2.7240002739728344,,0.8256861063464837,0.1399169054834153,-0.8205220684369505,-2.23841059602649,-7.43418016901557,4.728682170542636,-1.2513058618688335,-2.197700649580084,,4.247763436454279,2.143764748593211,3.8591599430469854,0.0,0.0,2.8974876214927563,10.632359550561798,,-0.58148459156125,0.0422891094970767,-3.940048780487805,1.120655054944868,-33.65833333333333,1.5663434224703692,0.0,1.4078624078624078,,14.12121212121212,-4.014326785187421,1.0,-22.29714285714285,-0.2141256163769487,,,11.043948881789138,,4.415905998763142,1.3927125506072875,6.273020508152555,2.8974876214927563,5.837971014492753,5.943068196200711,3.07449377670444,10.24736842105263,5.922902282036278,4.638701917621695,3.666338582677165,1.5727482678983833,0.7480577136514983,-0.7688787185354691,,,,8.349473684210526,4.686382269839455,5.520951464875407,4.282968565487964,9.792680907435006,,8.196960486322189,11.29113559322034,,169.96,0.2027246376811594
2022-09-30,7.550695394142691,3.032801013181856,,2.003869825652004,4.421764766829617,8.965421031715142,,-0.1549885781509676,0.0,0.0,2.7621099901686064,40.50068864943693,5.427716155103822,-0.2573818843070509,2.142765355949628,-0.1096849474912485,0.7815252957462875,0.6255408220979305,3.1227705302014424,-1.7860553930844658,-0.2145541972842098,3.3146747967199723,-0.185876497122414,2.7655746550265614,1.6403406587902272,0.2217890849405006,-6.6897031539888685,4.266707354287458,1.1883466860888563,6.30832997204334,0.2248968363136176,2.9222648752399234,,,,17.310313493866424,,0.0,,1.7807675814751287,-1.0141034594645584,,0.5804666231691678,,13.649803401398998,0.0442187033164027,4.120838364671382,1.105793450881612,8.057623237540447,,,,9.96975945017182,7.182655683285178,2.321151223313942,,2.683411705912148,,0.3486277873070326,0.0429733028013547,-0.8115053424101709,-2.9536423841059603,-1.475128871076189,-1.9166666666666667,-0.2646546720835752,-0.1062702144429647,-1.205128205128205,1.843884449907805,1.3958976220729715,2.1432678617064,1.8271823560188352,0.0,3.520997615991197,-1.0530337078651686,,-0.0939043439788354,-0.1606986160888917,0.3184878048780488,1.0989702896836675,2.275,1.4096189636595162,-0.1771217712177121,-0.3857493857493858,,6.121212121212121,-0.8484366101508841,1.2941176470588236,1.2571428571428571,1.506749016287294,,,6.151936102236422,,4.64843537414966,1.688259109311741,6.637121161212284,3.520997615991197,6.09304347826087,6.233019985962652,3.668957830206205,,6.180362785254535,4.976838760921366,3.610095613048369,0.5750577367205543,0.730299667036626,-0.7505720823798627,,,,4.711578947368421,5.013024873834294,5.920583718174234,4.597386132301696,-2.394767345587017,,4.593313069908815,6.267406779661017,,151.1,-0.0664460622104566
2022-06-30,7.321692684814862,3.032801013181856,,1.5808649472015808,4.486403496378348,8.013270293634438,,-0.5315672519715916,0.0,0.0,2.4973987502115493,40.35485700396986,5.495266960183882,-0.0056826371871777,1.3864412380218083,-0.3500583430571762,0.7769947143216713,0.6103937748858734,3.2877184816128366,-1.7100189231033889,-0.1847550032169584,3.4258271518896244,-0.1927204853009799,2.46174952213498,1.0980915966807474,-0.0580631924497332,-3.424860853432282,6.036618858712237,1.7815003641660596,6.432813608356399,0.0907840440165062,3.120441458733205,,,,12.06269877328487,,0.0,,1.561106346483705,-1.0138761584538076,,0.667461620956795,,13.738144598238172,0.0740962055572154,4.213472485768501,1.105793450881612,8.190378410777754,,,,9.906529209621992,6.964422450359624,1.6104508215733755,,2.7977361726164154,,-0.1001286449399656,0.0,-0.8115053424101709,0.3973509933774834,-4.707782362790207,2.4263565891472867,-0.2925130586186883,-5.124887886282717,-1.5811965811965811,-8.418129254023539,4.739517153748412,1.3911960132890366,0.7512644048241908,0.0,3.8877682009902808,3.830861423220974,,-0.2467998784059135,0.2917948555298297,0.762390243902439,0.9736265120079388,6.341666666666667,0.2733666372808306,0.2177121771217712,-1.5233415233415233,,-28.03030303030303,-2.3511022979120493,1.2941176470588236,4.971428571428572,0.6886487024953928,,,6.013916932907348,,4.700383426097712,2.0121457489878543,7.062312527872638,3.8877682009902808,6.600869565217391,6.759995857831575,4.040497863644808,-1.931578947368421,6.692943241661791,5.118447747645524,3.4132452193475817,0.5334872979214781,0.6681465038845728,-0.6864988558352403,,,,4.56,5.184920544186578,6.196925169923421,4.716681276699533,-4.03862770777823,,4.505775075987842,6.145372881355932,,169.34,-0.1084209283099091
2022-03-31,7.607204231712037,3.0537840693639886,,10.383689096560383,5.0152872361468255,7.079556209260117,,-0.430108865471159,0.0,0.0,2.2372091761395567,39.54468119581949,5.506625060153096,-0.223563262997993,4.76787091089327,0.7246207701283547,1.854014598540146,0.5949244500735599,3.552122334818632,-0.5092619989678308,0.2855304595171176,3.948670200494332,-0.1998755638512988,2.4862597849564856,1.6436799471878696,-0.0166187935986869,-8.286178107606679,7.07415318889228,1.81646030589949,6.491230510313365,-0.1915405777166437,3.4438579654510555,,,,7.087687414811449,,0.0,,1.345197255574614,-1.0137625079484325,,0.0884949115425863,,13.761544498591403,0.1171198087839856,4.256943246506814,1.0957178841309825,8.240249401782243,,,,9.84192439862543,7.236507038790188,4.828086582978447,,2.8327438125687574,,-0.5621783876500858,0.0396275829916768,-0.7483882602227131,0.2339955849889624,8.133182159760583,4.72093023255814,-4.023215322112594,-7.166037017911016,-1.0655270655270654,4.766782763094994,2.8262842621165367,4.753614325873462,5.062985471083028,1400000.0,3.9977993764900055,8.403895131086143,,0.7933713164365709,1.3997695243532409,-9.862,1.4001259758448246,-4.391666666666667,0.4379273190322265,1.18450184501845,-1.687960687960688,,15.848484848484848,2.406652897949101,2.647058823529412,-2.5828571428571427,4.664591323404891,,,7.189635782747604,,4.9057019171304885,1.9676113360323888,6.931578400767299,3.9977993764900055,6.26,6.428622383817928,4.151959873676389,1.3210526315789477,6.34888238736103,5.064663565187791,3.567913385826772,0.7575057736720554,0.7169811320754716,-0.7368421052631579,,,,5.376842105263158,5.106526319227817,6.281953308923172,4.649789060103985,-0.3835975251772569,,5.388449848024316,7.375881355932203,,160.2,0.120661672908864
2021-12-31,7.791051477228745,3.0537840693639886,,0.5537144151005537,5.261950511929319,6.805054920742874,,2.037881947254088,0.0,0.0,2.171838806486911,40.05509195495423,5.617515983536733,-0.7704824420371007,3.0257554062488525,0.1096849474912485,1.8872388623206644,0.6635695789282013,4.356835597364622,0.5631618785480819,0.7082726626257153,4.6370710321398345,-0.1790325089438482,2.488983147492209,2.2539991189415995,0.0166187935986869,0.0556586270871985,6.158681721086359,2.7160961398397667,6.887630916449921,-0.1320495185694635,0.0067178502879078,,,,0.3180372557928214,,0.0,,1.290951972555746,-1.003647612970023,,-0.484472142851786,,13.832532960337169,0.1667164625037346,4.566413662239089,1.5390428211586902,8.699858581790767,,,,9.903780068728524,7.411708366631831,3.067108302947644,,2.849993953994549,,-0.0810463121783876,0.1560421780087482,-0.8475722465172896,0.2251655629139073,1.2038074646346126,-70.8546511627907,51.733023795705165,45.10613431902808,-0.168091168091168,-6.93846889298641,5.579960065347613,2.8296246942426344,2.327578111374948,,1.3937282229965158,-137.64479400749065,,0.5477753398765398,-0.6723968410035206,0.3233658536585366,4.150298761124078,-0.325,0.7513762366539328,-0.6236162361623616,0.1965601965601965,,-23.10606060606061,0.2795918787437989,0.8823529411764706,0.48,2.075808138666136,,,3.866952076677317,,1.697291280148423,0.7489878542510121,3.8807081635520575,1.3937282229965158,4.295942028985508,4.316116486980935,1.5140256362623072,,4.3664365125804565,2.404275502099172,5.283323959505062,0.0,1.258601553829079,-1.2951945080091534,,,,2.614736842105263,2.5403403615933624,2.774542575183475,2.217278959862256,0.3690857908443601,,3.0249240121580545,4.080966101694916,,172.73,-0.0890406993573785
2021-09-30,2.0741117275190297,0.7793706581935087,,0.8182211152508182,1.0033296598754793,3.469249710134833,1.064516129032258,2.300553352795085,0.0,0.0,1.9903262188150392,3.7835210240622215,0.5296849920642749,-0.4076252674997505,5.617817674486911,0.9947491248541424,-0.4757110495846967,-1.5188943300090398,0.3343517978514819,-1.4991123344228454,-0.1232603027327215,0.7370971329716864,-1.2222740706175144,1.5063599025717054,-0.0603846089629069,,0.0556586270871985,,-0.3440640932265112,1.824832746846183,-1.1795048143053646,1.4251439539347408,,,,-0.3634711494775102,,0.0,,1.1403301886792452,-1.0034203119592722,,-0.6149646395332269,,4.229897447964801,-0.1159247086943531,0.7844574780058651,0.7783375314861462,2.4292253372730634,,,,0.681786941580756,1.9636232864080647,5.6872361547953725,,1.432269095441481,,0.0,-0.8368413114124696,-1.054956945133222,-0.6357615894039735,0.5393468774307524,-0.1453488372093023,-2.769587928032501,-1.5712227869431683,-0.0398860398860398,10.36217532837078,1.4358322744599743,5.598782446789091,4.557223541406743,,1.1736658719970658,0.6997752808988764,,2.30667593671088,0.156469705139184,0.3233658536585366,0.2437348167138975,0.375,0.7670486825350181,0.0996309963099631,0.6658476658476659,,34.46969696969697,2.9843901167138966,0.8235294117647058,0.7657142857142857,4.142850027394531,,,4.096984025559105,,1.1258627087198516,0.5910931174089069,3.119517872088264,1.1736658719970658,3.482028985507246,3.49458641598877,1.2911016161991455,0.0,3.544903452311293,1.9193101100646768,0.2073959505061867,0.0577367205542725,-0.344062153163152,0.3569794050343249,,,,2.825263157894737,2.032411112381388,2.196351229985173,1.7669035665384365,0.5256439205768565,,3.1829787234042555,4.301305084745763,,196.74,0.0096065873741993
2021-06-30,2.014119468455683,0.7793706581935087,,0.7801403841007801,1.128721730857988,2.842403484117847,1.032258064516129,-0.5278325874378333,0.0,0.0,1.8004162516423337,3.726808717491696,0.5108544579047892,-0.4065164602437158,1.4268274773286338,-0.3372228704784131,-0.2237603825824314,,0.788601406455297,-1.1461104421125063,0.0276319799532694,0.8850248026770225,-1.2281847876808212,1.4687434575470333,-0.106620909853341,,-0.6247680890538033,,0.2595775673707211,1.8417551033654629,-0.6760660247592847,1.388675623800384,,,,-0.8632439800090868,,0.0,,0.9827401372212692,-1.0034203119592722,,-0.616464553288186,,4.154965182788716,-0.134448760083657,0.7970501983784716,0.8942065491183879,2.444210048185211,,,,0.629553264604811,1.906452326796582,1.4508679637412902,1.6156370454299214,1.394893789018932,,-0.2532161234991423,-0.8462477203855805,-1.054956945133222,-9.699779249448124,-2.693306614283266,-4.124031007751938,-1.6831108531630876,-0.9420270160084798,-0.4159544159544159,3.3599672198320016,0.0834997277182791,1.4313551896608374,4.626983807568989,,0.953603520997616,0.5050187265917603,,3.1746891675921662,0.8965291213380274,0.2989756097560975,0.5955531158844066,1.5583333333333331,0.0226075031834655,0.7453874538745388,-1.253071253071253,,11.166666666666666,2.896563081082194,0.6470588235294118,0.6971428571428572,4.32589530308313,,,4.332127795527157,,1.036808905380334,0.7773279352226721,3.329669926874416,0.953603520997616,3.885507246376811,3.881188802338024,1.0681775961359836,,3.9521591574019896,2.283771700896403,0.2355174353205849,0.1524249422632794,-0.3351831298557158,0.3478260869565217,,,,3.170526315789474,2.3958010093256465,2.1920998230351856,2.1552165061977933,-0.949615378825513,,3.3069908814589666,4.474186440677966,,171.37,0.0564276127676955
2021-03-31,2.088174429105922,0.7793706581935087,,0.8048413989008049,1.3732657040323264,2.2266192503246898,1.1059907834101383,-0.522230590637196,0.0,,1.6039175713228198,4.3101352993599615,0.5108544579047892,-0.4062392584297071,0.0592025553475052,,0.5046564309086333,,1.1593621832126555,-0.1627971787373129,0.3577257796891402,1.1598066472414037,-1.2330066884429929,0.720159180540213,0.3688423843032896,,0.0269016697588126,,0.8177713037144938,1.4307504717396646,0.0440165061898211,1.401631477927063,,,,0.2498864152657882,,0.0,,0.8196826758147513,-1.00273840892702,,-0.5924659332088404,,3.819216050754121,0.45294293397072,0.4912023460410557,1.0453400503778338,2.252920847947329,,,,0.5786941580756014,1.977024651134198,0.0684350674052012,1.378194592629184,1.1762228785919826,,-0.4768439108061749,-0.8692564000603327,-1.063973671160002,0.075055187637969,-0.230583644249911,0.1666666666666666,-0.253047011027278,-2.352621422553203,-0.188034188034188,1.1700698854970522,-0.3957161009257579,0.0714194443430323,2.40404609543741,,0.8435723454978911,-0.1953558052434457,,1.8311347075872904,0.6723968410035206,-0.1400487804878049,0.453192145739126,0.075,0.1166421784699774,0.5498154981549815,-1.3316953316953315,,3.878787878787879,1.3774298241400842,1.2941176470588236,1.0971428571428572,2.2476465607411464,,,2.223501597444089,,0.6805936920222635,0.1497975708502024,1.9306925854200905,3.300935264991748,1.981739130434783,1.98499614548216,0.9567155861044028,,2.030567583382094,1.5825348916373538,0.2917604049493813,-0.3833718244803695,-0.3174250832408435,0.3295194508009153,,,,1.216842105263158,1.5973639941857616,1.5033718971372088,1.4872602928285266,-0.9737012449382046,,1.8650455927051672,2.4640169491525423,,196.5,-0.016030534351145
2020-12-31,2.2094491033415045,0.7793706581935087,,0.39007019205039,1.5928490020439496,1.8476435908046165,1.032258064516129,0.8147793124482593,0.0,,1.484028830141683,3.572875313943125,0.5078654842286804,-0.4311098051825651,-0.425432316334398,,0.9443745280644348,-0.0099906056079525,1.6397274231720074,0.8975847238947188,0.5736344857945888,1.6124047130251415,-1.2253849743350442,0.7293505290982777,0.5951433903281365,,-0.3701298701298701,,1.176693372177713,1.4481364544649522,0.4071526822558459,-0.3114203454894433,,,,-0.7950931394820536,,0.0,,0.7201972555746141,-0.991827960410983,,-0.6734612759766313,,3.834728344246714,0.5294293397072005,0.5041400724512679,1.0453400503778338,2.2805489086916007,,,,0.5140893470790378,2.0925960533595624,-0.4214471938467819,1.400781925726238,1.1970245197230844,,-0.6625214408233276,-0.8488529940078706,-1.063973671160002,0.119205298013245,1.6678751763325468,0.1860465116279069,-0.5107370864770748,-0.2679857581605196,-0.3732193732193732,-0.154795237770038,-0.3467053911780722,-0.4104906721185791,-0.0576863739418575,,0.7335411699981661,-29.176629213483142,,0.0373209572223576,-1.3490225929567488,0.3331219512195122,0.6988231638996306,2.975,0.2968753061024586,,,,,-1.164065019452316,0.5294117647058824,0.8228571428571428,-0.0659461074861782,,,2.2337252396166134,,0.4183797155225727,0.1214574898785425,1.803623901130789,3.0441958554923896,1.94,1.9366708471885032,0.8452535760728218,,1.988437682855471,1.679891070010212,0.530793025871766,-0.2886836027713625,-0.2419533851276359,0.2517162471395881,,,,1.5621052631578949,1.681270313086936,1.3205613982877458,1.611626688304005,0.2787637929217661,,1.775075987841945,2.338593220338983,,145.74,-0.0075476876629615
2020-09-30,2.021473358276352,-0.0282272065307264,,0.6813363249006813,1.5315069654412388,1.464161193711872,0.576036866359447,-0.419527315958844,0.0,,1.368920135753329,2.608766102244187,1.483466492110604,-0.4048532493596638,-0.3758673862760215,,0.9174427384847722,,1.4259310628520705,0.4706107001548253,0.5885340828282144,1.3985018535722673,-1.2306735106548452,0.7109678319821484,0.3184961900003724,,-0.9721706864564008,,0.105753823743627,1.4687678206322934,0.2472489683631361,1.226007677543186,,,,-1.044979554747842,,0.0,,0.6246783876500858,-0.991827960410983,,-0.6704614484667132,,3.734818657345268,0.3023603226770242,0.5194928411247197,0.6775818639798489,2.183616559978647,,,,0.4673539518900343,1.913460379910248,-0.3713455989460109,1.324939904839382,1.127178358851986,,-0.8704974271012007,-0.8690644325302692,-1.063973671160002,-37.47461368653422,5.132562523895532,-16.315891472868216,0.2762623331398723,2.47438371429348,0.1737891737891738,-27.762981174167408,10.709747685605372,-0.3612044102077325,0.5232019962168472,,0.8435723454978911,-32.25528089887641,,-0.5706494749483074,-1.7338534893801474,0.3233658536585366,0.9783913258994134,-4.208333333333333,-0.4632383191301792,-1.5498154981549817,-0.3783783783783784,,-92.4090909090909,-0.170521678868678,0.0588235294117647,0.64,0.5940130497584301,,,2.440753993610224,,0.0151638837353123,-0.1093117408906882,1.358883506118235,2.5673940949935816,1.5828985507246376,1.5891889404103048,0.9567155861044028,0.8789473684210526,1.6279929783499123,0.8329603994099626,0.1511529808773903,-0.2655889145496535,-0.3618201997780244,0.3752860411899313,,,,1.6463157894736842,0.8879370886344706,0.8741636685390571,0.7611054361396671,1.531228830781737,,1.9477203647416408,2.579271186440678,,97.45,0.088147768086198
2020-06-30,1.252282286156625,0.0,,0.0689569996500689,0.9458730113877194,1.059374219002864,0.576036866359447,1.3027754781926713,0.0,,1.2446389191409868,2.59256258608118,-0.555312452363232,-0.4042988457316465,10.805613687263648,,0.1132645356154039,-1.0022833367978174,0.1197435526189377,-0.1424978496473421,0.3653110290880769,0.907888855908946,-1.234717685487634,0.672500336165063,1.0729184995292889,,0.8181818181818182,,-0.3918426802621995,1.4873128688726,-0.4140302613480055,0.6559500959692899,,,,-1.044979554747842,,0.0,,0.5215480274442539,-0.991827960410983,,-0.667461620956795,,1.3950915422506234,-0.8718255153869137,0.533293082628946,0.6826196473551638,1.7670884238425482,,,,0.4316151202749141,1.180442613880863,10.931203087742738,0.922224283035811,0.7563003181974617,,0.444253859348199,-0.939160004936308,-1.0729903971867816,-0.1633554083885209,1.1668929875677314,0.0620155038759689,1.67382472431805,-2.52249069116408,1.0284900284900285,10.193721687268091,6.632782719186785,10.757411193457704,5.30312177191076,,0.8068952869979827,-0.6035955056179775,,5.432005128621864,-0.0296023766479537,0.3233658536585366,-0.1695398575466508,-0.1083333333333333,-0.4789107650112645,-0.062730627306273,-2.481572481572482,,33.90909090909091,5.014018018265279,0.3529411764705882,0.6514285714285715,5.033172286696219,,,0.8663130990415335,,-1.0856400742115029,-0.5060728744939271,0.2213744188745868,2.6407482119933983,0.7272463768115942,0.7377432085696862,0.9195615827605425,,0.7643300175541252,0.0082696017247248,0.1511529808773903,-0.6120092378752887,-0.3618201997780244,0.3752860411899313,,,,0.3831578947368421,0.0707181237648826,-0.3204816844074336,0.0192538499247764,-0.9134865796564752,,0.8145896656534954,0.9996101694915254,,77.33,0.2709168498642183
2020-03-31,1.4261953296348855,0.0,,0.1873160289001873,1.1660450045682744,0.8455090360088332,0.5852534562211982,1.11293003105996,0.0,,1.180560454026931,1.9525236976423883,-0.555312452363232,-0.4048532493596638,6.68254580166685,,0.8502391140196325,-0.8907752871090572,0.7290631795307576,0.9557302597626012,0.7139615996749179,1.2187573387068449,-1.239384041063929,0.6752236987007859,1.487760865851795,,0.4420222634508349,,-0.9593590677348872,1.3375616043321232,1.0416093535075652,0.5095969289827256,,,,-0.9541117673784644,,0.0,,0.4683747855917667,-0.9917143099056076,,-0.6704614484667132,,1.3248918411909234,-1.0391395279354645,0.4218561324823184,0.2594458438287154,1.528972002004205,,,,0.3890034364261168,1.346176922604045,6.763492637848971,0.8735605166071989,0.7114837742971202,,0.1715265866209262,-0.9006019553264134,-1.0729903971867816,2.2339955849889623,-3.2364767768388023,1.1143410852713178,4.810214741729541,2.986709428423885,0.4643874643874643,17.500967470236063,-0.3575966600108912,6.65752436931839,1.289223380421513,,0.7335411699981661,1.51625468164794,,0.0421365646058876,1.8649497288210848,0.0843414634146341,1.708769226692585,1.5916666666666666,-0.2986776373787834,1.5904059040590406,2.592137592137592,,58.22727272727273,1.1551176401973364,0.5882352941176471,1.9885714285714289,1.2788763261443443,,,-0.2122811501597444,,-0.1802597402597402,-0.2672064777327935,0.5830314433902902,2.860810562992848,0.1660869565217391,0.176249266491008,0.8452535760728218,0.2684210526315789,-0.3404095962551199,0.4312810620674004,1.2900731158605174,-0.8914549653579676,-0.002219755826859,0.0045766590389016,,23000000.0,,-0.6357894736842106,0.4018520635646507,0.823146785139207,0.3394671322558132,-0.5521985879660991,,0.0826747720364741,-0.020728813559322,,55.23,-0.144486692015209
2019-12-31,1.222479680041285,0.0212328544700154,,-0.1389432082501389,0.9973249691523732,0.7856923373170163,0.6359447004608295,0.7973508779573875,0.0,,1.1553683155244292,2.06594831078344,-0.5696595260085544,-0.4042988457316465,-0.386881815177883,,1.0037754845205136,0.0457634192364276,0.9815593873516448,0.983598830208154,0.5955775286986557,0.9453528467467964,-1.2370508632757815,0.6502028054038321,1.1009171484018294,,0.3752319109461967,6.158681721086359,1.300218499635834,0.8495950225090523,0.7847317744154058,-0.3877159309021113,,,,-0.1817355747387551,,0.0,,0.4474699828473413,-0.9860317846368384,,-0.667461620956795,,1.3056986644966984,-1.0176277263220794,0.0587372779023632,0.1133501259445843,1.0410323529274037,,,,0.340893470790378,1.1520415565254811,-0.3824792867017378,0.8529931889090685,0.6925424425354664,,,,-1.0729903971867816,-0.7064017660044151,-0.5206259640611198,-0.1763565891472868,1.5113174695298897,0.3883890957519093,0.2905982905982906,0.0455280111088347,-0.3884552550372118,-0.3721569128545873,-0.3957553561127433,,0.7335411699981661,0.01812734082397,,0.0806614236741278,-1.1079746688234111,-0.6717560975609757,0.5291374447032409,0.9916666666666668,1.0726613772161817,-2.70479704797048,0.5135135135135135,,0.1363636363636363,-0.9239129688968788,-0.2352941176470588,1.7485714285714289,-0.503013398416098,,,0.6337252396166134,,0.0201113172541743,-0.1336032388663967,0.9398012108179437,0.7335411699981661,0.82,0.8251889864343984,0.8452535760728218,,0.691772966647162,1.0179144445705208,0.9947975253093364,-0.6836027713625866,-0.0954495005549389,0.1006864988558352,,7100000.0,,0.1221052631578947,0.987154779597903,0.8444038198891446,0.9612991096332036,-0.3835975251772569,,0.668693009118541,0.7962203389830509,,111.79,-0.1000983987834333
2019-09-30,1.1001728809185911,-0.1184043884563215,,0.2573022375002573,0.9402215377659724,0.5959996558491308,0.3778801843317972,1.4011216442483054,0.0,,1.0990412776419125,1.5717410678117152,-0.3592357792104925,-0.4040216439176378,-0.4180893637331571,,0.97382330732444,-1.0532031976383498,0.9396120002002648,0.9794701531051092,0.7132843452642985,0.9003134165851159,-1.240317312179188,0.7075636288124948,0.7037986974206566,,0.1289424860853432,,0.2875455207574654,0.7587242861315493,0.9398211829436038,0.7317658349328215,,,,-0.3180372557928214,,0.0,,0.4007289879931389,-0.9860317846368384,,-0.6659617072018359,,1.4629249612521311,-0.9477143710785778,-0.0088839054683456,0.1385390428211587,0.9553385373985606,,,,0.3120274914089347,1.0354865678981988,-0.4140247353429639,0.9359970471193804,0.7689842457164263,,,,-1.0729903971867816,-4.790286975717439,0.592081844669154,-1.968992248062016,-0.0603598374927452,-0.9991030902617346,0.4074074074074074,-0.386988094425095,-0.2468687602105645,-0.4031890036873425,2.087441810547216,,0.5868329359985329,-3.689737827715356,,1.3748559079978209,0.0888071299438612,0.1233658536585365,0.316665641583406,0.1083333333333333,0.563306886080909,0.2361623616236162,0.054054054054054,,-1.303030303030303,1.753439320438312,0.6470588235294118,0.9371428571428572,1.882801215321014,,,0.6925111821086262,,-0.1629437229437229,0.0,0.8359469976968801,0.5868329359985329,0.7272463768115942,0.7239359804857843,0.6966375626973806,,0.7643300175541252,0.9089844547827074,1.1072834645669292,-0.6628175519630485,-0.0599334073251942,0.0640732265446224,,,,0.1978947368421052,0.8809959332995803,0.7487471635144256,0.8562517658820716,-1.322946303572235,,0.7027355623100304,0.8436779661016949,,102.33,0.059220170038112
2019-06-30,1.0969474906463683,-0.1184043884563215,,0.2521561927502521,0.9887300196859664,0.4169592631893772,0.391705069124424,1.2766328264563636,0.0,,1.0452980488365753,1.474519970833671,-0.5352863287333028,-0.4106744874538459,-0.2749017880089584,,1.0682104203372766,-0.9887476775870432,1.014576040464344,1.1773025976260107,0.7895431919000373,0.987362101178945,-1.24467257738373,0.6658621399842385,0.9131463931190108,,0.2101113172541744,,0.4052439912600146,0.7666059316336796,1.1829436038514445,0.6357965451055663,,,,-0.1590186278964107,,0.0,,0.3561320754716981,-0.9858044836260876,,-0.7019596373208541,,1.2420719691541988,-0.9369584702718852,-0.0030188028290495,0.0226700251889168,0.9640015733946458,,,,0.2707903780068728,1.0324128603922051,-0.2692867945185144,0.8943114811597769,0.7305942250923602,,,,-1.0729903971867816,1.770419426048565,-1.137625080750419,0.9108527131782944,-0.0046430644225188,-1.681298073003017,0.1225071225071225,-0.0910560222176694,-0.22327101107279,-0.2608064692782301,0.854563260487517,,0.5501558774986246,1.482546816479401,,1.175008201581325,-0.2029877255859684,0.1233658536585365,0.2189383362582646,-2.191666666666667,-0.2594965226760701,-0.029520295202952,-0.7199017199017199,,-0.3181818181818182,0.5471898779341434,0.2352941176470588,0.7771428571428571,0.8692035662698611,,,1.050338658146965,,-0.1777860235003092,-0.0283400809716599,0.8591614688651178,0.5501558774986246,0.8130434782608695,0.8067793489891959,0.6594835593535203,0.1947368421052631,0.8509303686366296,0.8132168387609213,1.3041338582677164,-0.5681293302540416,0.002219755826859,0.0,,,,0.5431578947368421,0.8023975567133221,0.710484500964538,0.7586905546741238,0.7484381821192552,,0.9434650455927052,1.179271186440678,,83.94,0.3138181818181818
2019-03-31,1.2142226809443943,-0.1184043884563215,,0.1718778946501718,1.156625881865363,0.2051425972738334,0.4193548387096774,-0.44940463222891,0.0,,0.97863577464534,1.474519970833671,-0.5352863287333028,-0.4084568729417765,-0.2510371920549253,,1.4311603322426378,,1.1684282314034378,1.5719353173920525,0.9363719481223122,1.1457576506772098,-1.2477834811012598,0.6599047844373448,1.1677029163546786,,-0.0445269016697588,,0.4378732702112163,0.7747193902388139,1.4133425034387896,0.6924184261036468,,,,0.2726033621081327,,0.0,,0.3008147512864494,-0.9854635321099614,,-0.6899603272811813,,1.2205125104017815,-0.969226172691963,0.0030188028290495,-0.1032745591939546,0.9602553956666088,,,,0.2391752577319587,1.144172865310137,-0.2451638043811061,0.8777841642594936,0.7153735120696026,,,,-1.063973671160002,-5.368653421633554,-0.2200366508022307,-2.2228682170542635,-0.0023215322112594,0.9781751963688744,0.3732193732193732,0.0865032211067859,-0.2704665093483391,-0.2370760468767113,0.4507586428945144,,0.4034476434989913,-4.700973782771536,,-0.2889364430118012,0.5286138687134596,-0.262,0.3506027854226839,0.5083333333333333,-0.9099030267411108,1.878228782287823,-0.2088452088452088,,0.2727272727272727,0.1162884843661015,0.8235294117647058,1.12,0.597748667629626,,,0.5442683706070287,,-0.3088930117501546,-0.2064777327935222,0.666114813887141,0.4034476434989913,0.6252173913043478,0.6111769511339186,0.5108675459780792,,0.6613458162668227,0.5304527402700556,1.3041338582677164,-0.7020785219399538,,0.0,,,,0.0547368421052631,0.5314883470251025,0.5468053333900188,0.4763909113521163,-1.407246834966656,,0.6030395136778115,0.7046949152542373,,68.58,0.5568802068371157
2018-12-31,0.943934976132112,-0.1184043884563215,,-0.1173298203001173,0.9469326626917968,0.0764957247448572,0.4377880184331797,-0.0547750798284544,0.0,,0.9334191157946956,1.8147938102568253,-0.6309334863687855,-0.4292470089924268,-0.2987663839629915,,1.079536873898817,0.0319054824253967,1.0806093466897422,1.572279373817306,-0.2866140665741085,1.05278634988475,-1.2445170321978534,0.61003320800192,0.9709417692320536,-0.4885104636848584,-0.3172541743970315,,1.2454479242534595,0.7557107157924995,1.0687757909215956,-0.3867562380038388,,,,0.6133575647432985,,0.0,,0.2632933104631217,-0.9801219583573184,,-0.6779610172415086,,0.8684623241885295,,-0.0111264447127824,0.0277078085642317,0.8090034698971206,,,,0.2034364261168385,0.8865961763078626,-0.2934097846559226,0.6891891147418158,0.5416882645765809,,,,-1.0459402191064424,,0.033091191942097,-0.0872093023255814,1.012188044109112,1.6603701791101568,0.0398860398860398,0.0364224088870677,-0.2976946814303866,-0.2845368916797488,-1.71583423887525,,0.366770584999083,-0.1878651685393258,,-0.6645538189271428,-0.7992641694947509,-2.032731707317073,0.5618104542447806,0.525,0.2812028602213733,-2.959409594095941,-0.2948402948402948,,0.106060606060606,-2.095854975607413,-0.1176470588235294,0.8,-1.6025302585047567,0.0,0.0,0.5544920127795527,0.0,0.6187507730364873,,0.6978819849594663,0.366770584999083,0.6994202898550724,0.6825142962340786,0.4737135426342188,,0.6496430661205383,0.7805378418245773,1.177587176602925,,,,0.0,3700000.0,0.0,0.1305263157894736,0.7629962926064446,0.5340511125400562,0.7439597777343099,-0.178867663219377,0.0,0.5908814589665653,0.6877457627118644,,66.66,0.6260126012601261
2018-09-30,0.7128680170300606,-0.1091618518046677,,0.2223091332002223,0.7268784085450282,0.1084525911692525,0.2396313364055299,1.2536023951648545,0.0,,0.8874273142208976,1.4340111804261524,-0.6309334863687855,-0.4054076529876811,-0.3263024562176451,,0.7231311351623458,-0.9768234063775514,0.7273040955534417,0.7183313263375194,-0.3214249432799431,0.691093555986973,-1.1802768704308602,0.5955653445308923,0.5175691521675193,-0.4782519491177677,-0.2982374768089054,-0.5547757094903876,0.182665695557174,0.7223296289599473,0.7083906464924347,0.6180422264875239,0.0,0.0,0.0,1.0904134484325307,0.0,0.0,0.0,0.2251286449399657,-0.9318204935727796,,-0.6299637770828177,,0.8642556005295213,,-0.0359668794203898,0.0075566750629722,0.7642834732686805,,,,0.1869415807560137,0.6663957705784718,-0.3212440040452399,0.6735799821137703,0.5273131467217543,,,,-0.9828231369189848,,-0.0829257359823865,-0.0271317829457364,0.0046430644225188,-0.702851085804365,0.339031339031339,0.1639008399918049,-0.3757487747322563,-0.3119181482968858,0.6130854160797413,,0.366770584999083,-0.1878651685393258,0.0,0.5754650823318375,-0.1945299036865531,-0.5010243902439024,0.3070387727006309,-0.2083333333333333,-0.4632383191301792,0.059040590405904,-0.4963144963144963,,0.5303030303030303,0.3536959400580481,0.0,0.24,0.677441848881805,0.0,0.0,0.6822875399361022,0.0,0.5346444032158318,,0.6514530426229909,0.366770584999083,0.6947826086956522,0.6779118868727779,0.4737135426342188,,0.731562317144529,0.2726517644388971,0.9666760404949382,,,,0.0,0.0,0.0,0.2231578947368421,0.7082836564373092,0.457525787440281,0.6884175040268149,-1.2627316382905056,0.0,0.6857142857142857,0.8199491525423729,,70.0,-0.1172857142857143
2018-06-30,0.7188027351309508,-0.1091618518046677,,0.2758279986002758,0.7682048094040521,-0.0165069506184473,0.2027649769585253,1.2038068680480776,0.0,,0.8301959431613679,1.2800777768775824,-0.6309334863687855,-0.4042988457316465,-0.4052391966809854,,0.8074502894538133,-0.9510411983570288,0.794013972539346,0.8611147428178221,-0.3214249432799431,0.7530744231819462,-1.157722818478768,0.5858633654973796,0.5445403276869392,-0.4807139926138695,-0.4397031539888683,-0.5547757094903876,0.2409322651128914,0.7304430875650816,0.7242090784044016,0.5796545105566219,0.0,0.0,0.0,0.93139482053612,0.0,0.0,0.0,0.1776372212692967,-0.9124999076589644,,-0.6329636045927359,,0.8487433070369285,,-0.0299292737622908,-0.0478589420654911,0.7680296509967174,,,,0.1525773195876288,0.6720513923895002,-0.4010354329612826,0.6631126814102576,0.5176733618073412,,,,-0.9647896848654254,,-1.058522629892816,-0.8217054263565892,0.0069645966337782,0.9061506264778626,-0.1481481481481481,-0.1365840333265041,-0.3339989108731167,-0.3904110839326786,-0.5138111911565447,,0.366770584999083,-1.97812734082397,0.0,0.0505638775270652,-0.1903009927368454,-0.6668780487804878,0.4728348479039802,-0.1583333333333333,-0.4945832108923499,0.03690036900369,-0.9975429975429976,,-0.4696969696969697,-0.7784494411318709,0.0,0.2628571428571428,-0.3635503312247846,0.0,0.0,0.6592843450479233,0.0,0.5791713048855907,,0.6490094140789658,0.366770584999083,0.6669565217391304,0.650297430704974,0.4737135426342188,,0.7034757167934464,0.6461908544196074,0.9244938132733408,,,,0.0,0.0,0.0,0.24,0.6392804063433993,0.4787828221902185,0.6072774867845612,-1.244667238705987,0.0,0.6589665653495441,0.7826610169491526,,70.8,-0.0517241379310344
2018-03-31,0.6007534511675913,-0.1318934960019784,,0.1574689693501574,0.6913212203415374,-0.1238492455311599,0.1889400921658986,1.2641839446771694,0.0,,0.7742564766404281,-0.1134246131410516,-0.6461772521169407,0.2562730770510162,-0.3630172192238499,,0.6365466901585703,-0.9823021255819124,0.6906339603340095,0.5941269568209187,-0.3208831397514476,0.6510125952008903,-1.1298802302068751,0.5562467979213935,0.3919605347485066,-0.4835863766926549,-0.4953617810760667,-0.5547757094903876,0.2922068463219228,0.7385565461702157,0.5364511691884457,0.6261996161228407,0.0,0.0,0.0,0.7496592457973649,0.0,0.0,0.0,0.1312178387650086,-0.8893152045623859,,-0.6404631733675313,,0.7643459136280757,,-0.0238916681041918,-0.0780856423173803,0.7741171898047773,,,,0.1182130584192439,0.5595536976701297,-0.3583562965643295,0.6311598687363764,0.4882466499633434,,,,-0.9377395067850864,,-1.5964192957245125,-1.0096899224806202,0.0046430644225188,0.4930285652162096,0.7094017094017094,-0.0273168066653008,-0.3358141223452532,-0.3484264904530685,0.0563448303618143,,0.2567394094993581,-1.891985018726592,0.0,-0.467113916202412,0.680854662902936,-0.862,0.2625995900801436,0.025,0.4457635419727691,2.092250922509225,0.0319410319410319,,-0.106060606060606,-0.1691493814369326,0.4117647058823529,0.3542857142857142,0.0162374856801314,0.0,0.0,0.5366006389776358,0.0,0.4208534322820037,,0.4975044443494144,0.2567394094993581,0.5185507246376811,0.4961167171014026,0.3622515326026379,,0.5536805149210065,0.4010983773970271,0.6995219347581553,,,,0.0,0.0,0.0,0.0968421052631579,0.4057309444870894,0.3512406136905932,0.3609595772991483,-1.14832377425522,0.0,0.5835866261398176,0.6775762711864407,,65.55,0.0425038639876352
2017-12-31,0.5069591020513482,-0.1588717110932921,,-0.0957164323500957,0.6411643919485339,-0.2471699736560703,0.0138248847926267,0.1966923321112681,0.0,,0.7106947733418082,-0.0648140646520294,-0.6919085493614058,0.178933770942597,-0.3648529573741601,,0.5285678328718852,0.0022559432017957,0.7275747238576441,0.6756683296060554,-0.3216958450441908,0.6884765860387408,-1.0969046508010578,0.5216941357494098,0.3290277918698602,,-0.5139146567717996,-0.5547757094903876,0.9949016751638748,0.74667000477535,0.2379642365887207,-0.3363723608445297,394200000.0,0.0,0.0,0.2726033621081327,563500000.0,0.0,0.0,0.0784734133790737,-0.861584481250792,,-0.667461620956795,,0.6376183634004525,,-0.0178540624460928,-0.0478589420654911,0.7748195981287842,,,,0.0742268041237113,0.470170283395832,-0.360211911190284,0.5938815872835151,0.453915486145346,,,,-0.9377395067850864,0.0,1.2090809613584528,-0.3391472868217054,-0.8520023215322112,0.2198787812899192,-3.9686609686609686,0.0546336133306016,-0.3703031403158468,-0.3502519075608776,-0.1140312043036718,,0.2200623509994498,-0.1878651685393258,0.0,0.693447463228323,-0.9472760527345196,0.3184878048780488,0.2710595657650066,1.1083333333333334,0.8767558037026153,-3.132841328413284,-0.687960687960688,,0.1666666666666666,-0.4985007650558182,0.6470588235294118,1.0285714285714285,-0.2103899985057528,0.0,0.0,0.5621597444089457,0.0,0.329325912183055,,0.5341588725097898,0.2200623509994498,0.5394202898550725,0.5145263545466051,0.3250975292587776,,0.5747454651843183,0.5275025530466356,0.6854611923509561,,,,0.0,5100000.0,0.0,-0.0210526315789473,0.5316924986525993,0.2874695094407805,0.5027131193265378,-1.1423023077270469,0.0,0.6419452887537994,0.7589322033898305,,65.5,0.0146945088940446
2017-09-30,0.3948445361888789,-0.1461319984112828,,0.142030835100142,0.5940687784339767,-0.43932087561814,-0.1428571428571428,1.1695724431552936,0.0,,0.6557888304517403,0.1296281293040589,-0.6919085493614058,0.1947342743410912,-0.3997319822300547,,0.3327460357412534,-0.9333159303429196,0.6078216992480593,0.2311474281782212,-0.3179032203447225,0.5639639106070613,-1.1023487323067351,0.5026305979993498,0.119936964509786,,-0.7551020408163265,-0.5547757094903876,0.0474872541879096,0.8366134887408376,0.2981430536451169,0.5532629558541267,0.0,0.0,0.0,0.0681508405270331,0.0,0.0,0.0,0.0329116638078902,-0.8613571802400413,,-0.6584621384270405,,0.6231577508226117,,0.0490771088494048,0.0730478589420654,0.8633230469536551,,,,0.0233676975945017,0.36332821048749,-0.3954685890834191,0.5733142595853847,0.4349741543836922,,,,-0.9377395067850864,0.0,-0.1567546901161487,0.1201550387596899,-0.0023215322112594,-1.5100698502432528,0.6182336182336182,-0.0273168066653008,-0.3721183517879833,-0.3849348326092512,1.2516601601803037,,0.2200623509994498,-0.1204494382022472,0.0,1.5145085221201915,0.0465180204467844,0.0794634146341463,0.0712291056225533,-0.0083333333333333,-0.4162209814869233,-0.2509225092250922,-0.687960687960688,,-0.106060606060606,1.192169670854461,0.6470588235294118,0.2514285714285714,1.2626886487024953,0.0,0.0,0.4522555910543131,0.0,0.3788002473716759,,0.4351919164767763,0.2200623509994498,0.4373913043478261,0.413273348597991,0.3250975292587776,,0.4717612638970158,0.3929286281629411,0.671400449943757,,,,0.0,15300000.0,0.0,0.6105263157894737,0.3912361789348185,0.3172293580906931,0.3561298143680617,-1.136280841198874,0.0,0.355015197568389,0.3589322033898305,,61.5,-0.1063311688311689
2017-06-30,0.5202477099729067,-0.1461319984112828,,0.2603898643502604,0.7428909171399776,-0.558954273001774,-0.1474654377880184,1.1104402547041212,0.0,,0.6161273611170324,0.1215263712225552,-0.6919085493614058,0.1963974852251433,-0.4015677203803649,,0.6418323684872892,-0.9026995583185488,0.7921195744099289,0.6863340787889214,2.1412075446141343,0.751421600056747,-1.0997044641468348,0.501439126889971,0.3698698576564103,,-0.8905380333951762,-0.5547757094903876,0.0113619810633648,0.8454223866549833,0.5969738651994498,0.5076775431861804,0.0,0.0,0.0,0.0227169468423443,0.0,0.0,0.0,0.0,-0.8555610044658966,,-0.6494626558972859,,0.6228948305939237,,0.0556322235639123,0.0680100755667506,0.8717519468417381,,,,-0.0233676975945017,0.4828339583205262,-0.3973242037093736,0.5720288016042515,0.4337903211485888,,,,-0.919706054731527,0.0,-3.468510632687769,0.1143410852713178,0.0,-0.0872448563585464,-0.2222222222222222,-0.0500808122197181,-0.3648575058994373,-0.3867602497170603,-0.1556190552850109,,0.1833852924995415,-0.2627715355805243,0.0,0.8559742124224612,-0.0169156437988307,-0.4180975609756097,0.3204580444766204,0.025,-0.6904887844059163,0.4870848708487085,-0.8992628992628993,,-0.1818181818181818,-0.2665824990908529,0.4705882352941176,0.2971428571428571,4.9808238282611946e-05,0.0,0.0,0.4880383386581469,0.0,0.4554854669140383,,0.5182752869736271,0.1833852924995415,0.4814492753623188,0.4546950328496968,0.2879435259149173,,0.5162317144528964,0.456017247248383,0.7417041619797525,,,,0.0,-15300000.0,0.0,0.6273684210526316,0.4518692123013604,0.4213888283653871,0.4114305999290025,-1.1663881738397386,0.0,0.3841945288753799,0.3996101694915254,,56.55,-0.0946065428824048
2017-03-31,0.5624358147335827,-0.1458822001234003,,0.0,0.8048216489116203,-0.640485252725552,-0.1382488479262673,1.4801720435461885,0.0,,0.5746572254282987,0.0,-0.6922074467290167,0.1972290906671693,-0.3942247677791239,,0.7681852504404731,-1.0941324528709295,0.7841360394359564,0.6546808876655772,0.7792489248586232,0.7438461607329169,-1.0811945870275317,0.5045029097426592,0.4484715691701483,,-0.9828385899814472,-0.5547757094903876,0.2071376547705753,0.8539994714661252,0.7300550206327373,0.7927063339731286,0.0,0.0,0.0,0.0908677873693775,0.0,0.0,0.0,-0.0344125214408233,-0.8382861276488381,,-0.6449629146324086,,0.628416155396372,,0.062014835259617,-0.0075566750629722,0.8773712134337933,,,,-0.0687285223367697,0.5230380524989242,-0.3899017452055557,0.5753342649843083,0.4368344637531403,,,,-0.9106893287047472,0.0,0.428603446230109,-1.4186046511627908,0.0,-0.0750142690185633,0.4672364672364672,-0.0455280111088347,-0.3594118714830278,-0.3794585812858238,0.8948095678888128,,0.1467082339996332,-3.262771535580524,0.0,-0.248003780251796,0.9092158541871505,-0.5985853658536585,0.1750826002367334,0.0083333333333333,-0.7688510138113429,2.3468634686346865,0.1646191646191646,,-0.1666666666666666,0.7749912516038726,0.3529411764705882,0.3657142857142857,0.9874981321910644,0.0,0.0,0.5289329073482428,0.0,0.3441682127396413,,0.4327482879327513,0.1467082339996332,0.4976811594202898,0.4685022609335987,0.250789522571057,,0.5326155646576946,0.2726517644388971,0.6151574803149606,,,,0.0,5100000.0,0.0,0.5852631578947368,0.2883437586764442,0.257709660790868,0.2349027647977899,-1.112194975086182,0.0,0.435258358662614,0.4707966101694915,,60.1,-0.0599001663893511
2016-12-31,0.4803818862082312,-0.16161949226,,-0.1584981783001585,0.751721344673957,-0.7162803846295667,-0.152073732718894,0.2956609422558618,0.0,,0.5313784233855392,-0.0081017580815036,-0.7896479885701647,0.0899519886458137,-0.3887175533281932,,0.6461112509438711,-0.0093460504074394,0.8578822523311246,0.8301496645449854,-0.3202058853408283,0.8193250834503509,-1.0572406284025508,0.4896946259546662,0.4068588983687576,,-0.8882189239332097,-0.5547757094903876,0.98557902403496,0.8628083693802708,0.4748968363136176,-0.3867562380038388,279700000.0,0.0,0.0,0.0,549400000.0,0.0,0.0,-0.0703259005145797,-0.8165788811221396,,-0.6419630871224905,,0.5037919669982529,,0.0685699499741245,-0.0125944584382871,0.8853318411058717,,,,-0.1195876288659793,0.4448429335464437,-0.3843349013276922,0.5593578586473676,0.4221211078311414,,,,-0.8475722465172896,-0.6269315673289183,1.77334511080935,1.8352713178294573,-0.0069645966337782,-0.9012583915418694,-2.626780626780626,-0.0455280111088347,-0.3539662370666183,-0.3739823299623964,-0.5419836063374519,,0.0733541169998166,4.100524344569289,0.0,0.2744896208612112,-1.2517576411134723,-2.1156585365853657,0.1870432555153328,-7.425,1.4801449701244,-3.11070110701107,-0.2383292383292383,,-0.1666666666666666,-0.5286913085542161,0.2352941176470588,-4.708571428571428,-0.7034915575036111,0.0,0.0,1.904012779552716,0.0,0.3985899814471243,,0.4877299301733143,0.0733541169998166,0.6785507246376812,0.6433938166630231,0.1764815158833364,1.973684210526316,0.7151784669397309,0.5154748666742313,0.5448537682789651,,,,0.0,5100000.0,0.0,2.328421052631579,0.5227098270427412,0.187561446116074,0.5012641904472119,2.783693868641708,300000.0,1.2401215805471124,1.5928305084745762,,62.1,-0.0219952867242733
2016-09-30,0.4679963875628951,-0.16161949226,,-0.1049793129001049,0.7687935045729841,-0.8150189078126344,0.2995391705069124,-0.2776100636760303,0.0,,0.4446916288461613,0.4942072429717248,-0.7899468859377755,0.092169603157883,-0.3832103388772625,,0.6332746035741253,,0.7360995154400213,0.5091450197832444,0.7219532017202263,0.6957765548417043,-0.9836677554829678,0.4639928920237817,0.4189317102679265,,-0.9995361781076066,-0.5547757094903876,0.0509832483612527,0.8711536410884089,0.4662998624484181,0.5211132437619962,0.0,0.0,0.0,-0.9768287142208087,0.0,0.0,0.0,-0.1422598627787307,-0.7596399779290719,,-0.6284638633278586,,0.4661943742958667,,0.0747800586510264,0.2997481108312342,0.9312225182743232,,,,-0.1580756013745704,0.4330398967234278,-0.3787680574498288,0.5316286936257811,0.396584133759626,,,,-0.8205220684369505,-0.075055187637969,-0.2727716180406322,-0.2596899224806202,-0.0603598374927452,-0.629467561764466,0.6239316239316239,0.0546336133306016,-0.3884552550372118,-0.368506078638969,0.6694302464415557,,0.1100311754997249,-0.2627715355805243,0.0,1.0943467779071971,-0.2199033693847991,0.3233658536585366,0.2159238621636582,-0.0083333333333333,0.2655304143402879,-0.014760147601476,-1.0294840294840295,,0.1666666666666666,0.5238608215944723,0.2941176470588235,0.2971428571428571,0.6139363450714749,0.0,0.0,0.4931501597444089,0.0,0.4579591836734694,,0.501169887165452,0.1100311754997249,0.4605797101449275,0.4293817813625433,0.2136355192271967,,0.4951667641895845,0.5744786111426302,0.5870359955005624,,,,0.0,0.0,0.0,0.6021052631578947,0.5565989972072057,0.4107603109904184,0.5386948531631325,-1.1001520420298363,-400000.0,0.3963525835866261,0.4165593220338983,,55.67,-0.0973594395545177
2016-06-30,0.5268275061282415,-0.16161949226,,-0.0689569996500689,0.8648685561426809,-0.96251213746369,0.0691244239631336,-0.5290774756157528,0.0,,0.4028339217958506,0.5671230657052581,-0.7833711438503361,0.092169603157883,-0.4180893637331571,,0.8197835388874906,,0.909707572585894,0.9041217959745398,0.8774508143984288,0.8698739240293624,-0.9883341110592628,0.4694396170952274,0.5278438856987269,,-1.1767161410018554,-0.5547757094903876,0.0917698470502549,0.8980439610368537,0.8002063273727648,0.5196737044145874,0.0,0.0,0.0,-1.113130395274875,0.0,0.0,0.0,-0.1769939965694682,-0.7595263274236965,,-0.6614619659369586,,0.4746078216138832,,0.0947904088321545,0.345088161209068,0.948782726374496,,,,-0.2006872852233677,0.4891043216327534,-0.4140247353429639,0.5375050729681041,0.4019959428343843,,,,-0.8115053424101709,-0.3134657836644591,-0.9952406692067344,-0.436046511627907,-0.0139291932675565,0.2062892398010491,0.6581196581196581,-0.1502424366591545,-0.3412597567616627,-0.4031890036873425,-0.0939080506030238,,0.0733541169998166,-0.2627715355805243,0.0,0.3744134740694591,-0.575131889160244,-2.613219512195122,0.2336217423319923,-0.125,0.5554706631403663,-0.7712177121771218,-0.2014742014742014,,-0.5151515151515151,-0.2624656067956168,0.0,0.2628571428571428,-0.1406584649100961,0.0,0.0,0.6771757188498403,0.0,0.3738528138528138,,0.5243843583336897,0.0733541169998166,0.6321739130434783,0.5973697230500167,0.1764815158833364,,0.6683674663545933,0.4312810620674004,0.6151574803149606,,,,0.0,0.0,0.0,0.8547368421052631,0.4428865406915024,0.2938466198657618,0.3995976807478404,-1.112194975086182,100000.0,0.4984802431610942,0.562322033898305,,52.74,0.0426621160409556
2016-03-31,0.4796077925428977,-0.16161949226,,-0.0957164323500957,0.7956380042762817,-0.8715579791788725,0.0,-0.5284550315267931,0.0,,0.3554210252296037,0.4374949364011991,-0.7833711438503361,0.0932784104139177,-0.3703601718250908,,0.670022652907123,,0.8166114359402507,0.6632822982969206,,0.7786931816225351,-0.8982734484367709,0.4238232946218696,0.5016433151941475,,-1.073747680890538,-0.5547757094903876,-0.1109978150036416,0.9068528589509992,0.829092159559835,0.5695777351247601,0.0,0.0,0.0,-0.8859609268514311,0.0,0.0,0.0,-0.2163379073756432,-0.6909950726823394,,-0.6554623109171223,,0.4051968812402473,,0.101345523546662,0.2644836272040302,0.950421679130512,,,,-0.2336769759450171,0.4441052437450052,-0.3657787550681474,0.4882903959761492,0.3566720418332841,,,,-0.613137369821018,,-0.6999248526716852,-0.0910852713178294,0.016250725478816,-0.2557551708205365,,0.0409752099979512,-0.3703031403158468,-0.3557281588843051,0.1797668397257885,,0.0,-0.2627715355805243,0.0,-0.6874279539989104,0.7823485256959202,-4.798585365853659,0.1898632474102871,0.525,0.1401508472916054,2.3911439114391144,0.2751842751842752,,0.1212121212121212,0.0408121256201069,0.6470588235294118,0.5714285714285714,0.1793594660556856,0.0,0.0,0.4573674121405751,0.0,0.3466419294990723,,0.4413009878368389,0.0,0.4188405797101449,0.3810564830688865,0.1021735091956158,,0.4530368636629608,0.2783252014070124,0.530793025871766,,,,0.0,0.0,0.0,0.5936842105263158,0.2865063940289732,0.3448635032656119,0.2310389544529207,-1.0760661759171446,0.0,0.364741641337386,0.3691016949152542,,59.84,-0.0593248663101605
2015-12-31,0.441419171719778,-0.16161949226,,-0.2037833721002037,0.6751909727128015,-0.5737035959668796,0.0691244239631336,0.1114174919237879,0.0,,0.3153719845333189,-0.0405087904075184,-0.7833711438503361,0.0949416212979697,-0.3997319822300547,,0.4017115529826328,0.0,0.7960436848208644,0.5755479098572166,-0.3203413362229521,0.7555536578697452,-0.7408617203297558,0.4171850984410452,0.4340869422264577,,-0.7365491651205937,-0.5547757094903876,0.6849235251274581,0.9270205989123328,0.5515818431911967,-0.3694817658349328,0.0,0.0,0.0,-0.3180372557928214,0.0,0.0,0.0,-0.2495711835334476,-0.57154839153281,,-0.6464628283873677,,0.3965205136935428,,0.1163532861825081,-0.0327455919395466,0.9604895317746112,,,,-0.2872852233676976,0.4077125468740394,-0.3954685890834191,0.4811285586526931,0.3500763995234225,,,,-0.55903701366034,-0.6269315673289183,0.5077058970877114,0.3527131782945736,4.889146836912362,-0.133449297420705,-1.5982905982905984,-0.0819504199959024,-0.3503358141223452,-0.3849348326092512,-0.2844072389691579,,0.0,1.6435955056179776,0.0,-0.1143706753588379,-0.7696617928467971,-1.8424878048780489,0.4232418869927145,-2.3583333333333334,2.33429327064355,-2.309963099630996,0.977886977886978,,-0.2878787878787879,-0.4449811652177493,-0.1176470588235294,-1.1542857142857144,-0.6001394630671913,0.0,0.0,0.8484217252396166,0.0,0.4035374149659864,,0.4364137307487888,0.0,0.4373913043478261,0.3994661205140891,0.1021735091956158,0.2894736842105263,0.4717612638970158,0.4800726199931919,0.390185601799775,,,,0.0,5100000.0,0.0,1.0315789473684212,0.4696304038935798,0.3193550615656869,0.4486197744983687,0.856824579626368,-200000.0,0.6103343465045593,0.7114745762711865,,67.44,-0.1497627520759192
2015-09-30,0.3607844149142046,0.0424657089400309,,-0.0802782981000802,0.6016040765963058,-0.5737035959668796,-0.3548387096774194,-0.370354232931027,0.0,,0.2622747079972766,-0.0081017580815036,-0.7833711438503361,0.1218301972568108,-0.379538862576642,,0.7510697206141455,,0.6003794208824919,0.74413555823155,,0.5579035591479973,-0.675221651889874,0.3981215606909851,0.2773972558755421,,-0.511595547309833,-0.5547757094903876,-0.0037873270211216,0.4807803756299521,0.4497936726272352,0.4894433781190019,0.0,0.0,0.0,-0.5679236710586097,0.0,0.0,0.0,-0.2936320754716981,-0.5209739166407639,,0.2264869769988225,,0.3925767102632226,,-0.2157150250129377,-0.0125944584382871,0.4891735463659735,,,,-0.3189003436426116,0.3308698592241962,-0.3750568281979198,0.4605612309545627,0.3311350677617687,,,,-0.4598530273657635,,0.5551673676022729,1.007751937984496,0.0232153221125943,-1.1676134047237243,,0.0591864144414851,-0.3866400435650753,-0.3648552444233507,0.3246535463704538,,0.0,1.770936329588015,0.0,0.471929523585942,-0.2452768350830452,-4.759560975609756,0.2992594847145499,-3.6416666666666666,-0.0479185032814183,0.2804428044280442,-0.3931203931203931,,0.1818181818181818,0.2727303915850722,-0.0588235294117647,-2.2285714285714286,0.343726652388305,0.0,0.0,1.272702875399361,0.0,0.5346444032158318,,0.5866968862063278,0.0,0.5973913043478261,0.5582492434789612,0.1021735091956158,0.7052631578947368,0.6332592159157402,0.6366594803131738,0.1370922384701912,,,,0.0,0.0,0.0,1.5873684210526315,0.6245814891636317,0.4341430492153497,0.6022062357069203,1.33252043535203,0.0,0.8534954407294832,1.050457627118644,,81.15,-0.0490449784349969
2015-06-30,0.4490310927622242,0.0449636918188562,,-0.0391099401000391,0.6195004097318376,-0.3557413788158752,-0.3686635944700461,-0.3753337856427046,0.0,,0.1962583860753361,-0.3969861459936806,-0.7803821701742273,0.1273742335369842,-0.4162536255828468,,0.7762396174175686,,0.6254125390212186,0.765467056597282,,0.5806298771194874,-0.5168766526676,0.4042491263963615,0.4387105723155011,,-0.2694805194805195,-0.5547757094903876,0.1139111434814275,0.504657125239347,0.5904401650618982,0.5115163147792706,0.0,0.0,0.0,0.0,0.0,0.0,0.0,-0.3484133790737564,-0.4024364395342375,,0.2414861145484134,,0.4073002430697514,,-0.1979472140762463,-0.2544080604534005,0.5013486239820932,,,,-0.3532646048109966,0.4149664965881847,-0.4121691207170095,0.4671721577146761,0.3372233529708718,,,,-0.3787024931247464,0.2339955849889624,-0.953052695416013,-1.6434108527131783,1.9454439930354035,1.3097600086973065,,0.0045528011108834,-0.4011617353421673,-0.4013635865795334,-0.3018473055097195,,-0.1100311754997249,-2.7009737827715354,0.0,-0.2419842710223835,-0.1818431708374301,-2.364439024390244,0.4789610371930189,-0.4916666666666666,1.3155842883730042,-0.011070110701107,0.1302211302211302,,0.0,-0.4985007650558182,-0.2941176470588235,-0.0342857142857142,-0.4544503660905514,0.0,0.0,0.8893162939297125,0.0,0.3639579468150897,,0.5695914863981526,-0.1100311754997249,0.7272463768115942,0.6802130915534282,-0.009288500835965,,0.7643300175541252,0.5631317372063996,0.0246062992125984,,,,0.0,0.0,0.0,1.174736842105263,0.5698688529944961,0.2853438059657868,0.5408682464821214,-0.859293380902919,0.0,0.60790273556231,0.7114745762711865,,90.62,-0.0672037077907747
2015-03-31,0.2758921429492968,-0.025729223651901,,-0.0874827607500874,0.4487788107415675,-0.3114934099205585,-0.3179723502304147,-0.3908948878666973,0.0,,0.1431611095392939,-0.3888843879121769,-0.8649701252081073,0.0314624058899841,-0.4309395307853287,,0.60558771709036,,0.4265007354324167,0.5266918974711853,,0.3770571621991087,-0.4361487011976979,0.3376969544296342,0.2833052276559865,,-0.0881261595547309,-0.5547757094903876,0.1535324107793153,0.322915652484341,0.3909903713892709,0.531190019193858,0.0,0.0,0.0,0.0,0.0,0.0,0.0,-0.3924742710120069,-0.3397013605670251,,0.1469915479859908,,0.2135280345266844,,-0.3331895808176643,-0.2493702770780856,0.3205955486043146,,,,-0.3986254295532646,0.2499698776664412,-0.4270140377246453,0.3953701476256673,0.2710978108386697,,,,-0.3155854109372886,,1.045602562919408,0.0368217054263565,-0.0092861288450377,-0.8686434919685809,,-0.1138200277720867,-0.3684879288437103,-0.4159669234420065,0.6506486363209509,,-0.0733541169998166,-0.2627715355805243,0.0,0.2756935227070937,0.2833370336304143,-4.949804878048781,0.1880156665135929,-0.425,-0.37703986678421,0.3542435424354243,-0.2407862407862407,,-0.3939393939393939,0.5911033957499948,0.4705882352941176,-0.1371428571428571,0.6986103501519151,0.0,0.0,0.6643961661341853,0.0,0.2105875077303649,,0.3875411598682884,-0.0733541169998166,0.516231884057971,0.4731046702948994,0.0278655025078952,,0.5513399648917495,0.2483694542153636,-0.0175759280089988,,,,0.0,0.0,0.0,0.871578947368421,0.2681327475542635,0.1620530044161489,0.2199304997114216,-0.8412289813184001,0.0,0.4814589665653495,0.5352033898305085,,83.1,0.0172081829121541
2014-12-31,0.294470390917301,0.0984205254257187,,-0.1924620736501924,0.3875545131726431,-0.0394503418975004,-0.3824884792626728,0.044815974405099,0.0,,0.0967817366039188,-0.5347160333792433,-0.8616822541643876,0.0494805238005477,-0.3978962440797444,,0.4855273093380317,-0.0051564416041045,0.5371877118512194,0.8181076896611045,-0.3020554671362297,0.4922038399213256,-0.2779592471613004,0.3640795289944494,0.2637832339466921,,0.2147495361781076,4.327738785474519,0.3050254916241806,0.3203657083512988,0.4442916093535076,-0.4889635316698656,0.0,0.0,0.0,0.1363016810540663,0.0,0.0,0.0,-0.4309605488850772,-0.2167315137508587,,0.2279868907537816,,0.2713704848380477,,-0.3350871140244954,-0.3400503778337531,0.3105276959602155,,,,-0.4879725085910653,0.2676744329009651,-0.3936129744574647,0.4238338600650442,0.2973112610445299,,,,-0.1713177945088138,0.2339955849889624,-0.7421128264624065,-2.625968992248062,2.4631456761462567,3.011170603103851,-1.4928774928774928,-0.4051992988686289,-0.2196405881285169,-0.383109415501442,-1.4220361948457896,,-0.1833852924995415,-5.120449438202248,240.44524129687733,-0.4960075605035921,-0.9176736760865658,-4.169317073170732,2.389456925474664,5.241666666666666,-0.1184445097463022,-2.453874538745388,0.0098280098280098,,-1.3636363636363635,-1.8776596839599016,-0.3529411764705882,3.8857142857142857,-1.266324650097126,0.0,0.0,-0.3298530351437699,0.0,0.0967965367965368,,0.243367075770812,-0.1833852924995415,0.3446376811594203,0.2959119098848247,-0.0835965075236856,-2.1,0.3781392627267408,0.1771110858958356,-0.0738188976377952,,,,0.0,0.0,0.0,-0.3831578947368421,0.188921916085515,0.0685220515164237,0.1547287001417535,-1.876921224164145,-400000.0,-0.102127659574468,-0.2817457627118644,,75.92,0.11340885142255
2014-09-30,-0.0493562121016643,-0.1281465216837403,,-0.247010148000247,-0.0192338485593451,0.2842153565034271,-0.5622119815668203,0.7892591048009112,0.0,,0.0815372630485588,-0.6319371303572875,-0.9875180459285696,-0.0600141927328772,-0.2473657157543048,,-0.1532846715328467,-0.7364043165861779,-0.0005507285990519,-0.2230070531567177,,-0.043861793684976,-0.1378130346865764,0.2934423132241378,-0.2127075335630592,,0.7764378478664193,-0.5547757094903876,-0.4279679533867443,0.1196155611499784,0.0955983493810178,0.2600767754318618,0.0,0.0,0.0,0.295320308950477,0.0,0.0,0.0,-0.4436106346483704,-0.111945747794754,,0.0899948252975453,-0.673355629877369,0.0584050996007556,,-0.4844747283077454,-0.4005037783375315,0.0958248849221029,,,,-0.5168384879725086,-0.0599827872379664,-0.2414525751291971,0.3476245654692931,0.2271268621062591,,,,-0.1082007123213561,0.2339955849889624,-0.984693675759054,-0.3275193798449612,1.3905977945443992,-0.5030848259179735,,0.154795237770038,-0.2940642584861136,-0.233425212661093,0.6211346775600005,,-0.2934164679992664,-0.2627715355805243,0.0,0.3250534983882764,0.2199033693847991,-1.61809756097561,0.2361500109274686,-0.175,-0.1968067391517288,0.8856088560885609,0.2751842751842752,,0.5,0.5622851496833424,-0.0588235294117647,0.0685714285714285,0.6425760820839767,0.0,0.0,0.5263769968051119,0.0,0.1066914038342609,,0.243367075770812,-0.2934164679992664,0.3539130434782608,0.298213114565475,-0.1950585175552665,,0.3875014628437683,0.1821037104277771,-0.2425478065241844,,,,0.0,0.0,0.0,0.7115789473684211,0.1942298584004311,0.0600192376164486,0.161007391952166,-0.7448855168676332,0.0,0.3963525835866261,0.4199491525423728,,64.42,-0.0459484632101831
2014-06-30,-0.0359385885692168,-0.1281465216837403,,2.25911364525226,-0.0127582017010935,0.3042908238725986,-0.5622119815668203,0.9187274753045308,0.0,,0.0395503655443892,-0.696751195009317,-0.9875180459285696,-0.0580737800348165,-0.3226309799170246,,0.0,-0.7666984110102919,0.0008024129219602,-0.0850404266299673,,-0.0481315867584075,-0.07948358998289,0.2549748174070524,-0.129739060298558,,0.799165120593692,-0.5547757094903876,-0.1051711580480699,-0.006954393090115,0.124828060522696,0.3051823416506717,0.0,0.0,0.0,0.2726033621081327,0.0,0.0,0.0,-0.4784519725557461,-0.0665991961499754,,0.0899948252975453,-0.6421404682274248,0.0008255695180803,,-0.57866137657409,-0.4408060453400503,-0.0338865189111734,,,,-0.5498281786941581,-0.0471961640130325,-0.3175327747933309,0.3061226363641371,0.1889059605157792,,,,-0.0631170821874577,0.2295805739514348,-0.3782415525174355,-0.4496124031007752,0.0278583865351131,0.2429810018209985,,0.0091056022217669,-0.3104011617353421,-0.3082673140812675,-0.0737848969023758,,-0.4034476434989913,-0.9107116104868914,0.0,-0.012039018458825,-0.4651802044678444,-0.6912682926829268,0.1185855212378208,-0.3416666666666667,0.2341855225781173,-0.4317343173431734,0.2432432432432432,,0.0151515151515151,-0.1787554634591501,-0.4117647058823529,-0.0342857142857142,-0.0709269313144394,0.0,0.0,0.6797316293929713,0.0,0.0497959183673469,,0.2836869467472249,-0.4034476434989913,0.4953623188405797,0.4316829860431936,-0.3065205275868475,,0.5302750146284377,0.1632678996936344,-0.2284870641169853,,,,0.0,0.0,0.0,0.8968421052631579,0.1897385225955021,0.0004995403166235,0.147725543891678,-0.7509069833958061,0.0,0.4887537993920973,0.5352033898305085,,68.74,-0.0622636019784696
2014-03-31,-0.1164443297639014,-0.1376388566232767,,2.195302690352196,-0.0660939840063296,0.2342315397883472,-0.5622119815668203,0.9087683698811754,0.0,,-0.0068290073909858,-0.7291582273353318,-0.9988761458977832,-0.06777584352512,-0.3391526232698167,,-0.0961490057890762,-0.7615419694061875,-0.0435806289672418,-0.2109650782728367,,-0.0945483695244208,-0.0511743661533675,0.2185498434917592,-0.2014053266787309,,0.7374768089053804,-0.5547757094903876,-0.1914056809905316,-0.0002318131030038,0.0533012379642365,0.2975047984644913,0.0,0.0,0.0,0.408905043162199,0.0,0.0,0.0,-0.5169382504288165,-0.04284624052652,,0.0824952565227499,-0.6064659977703456,-0.0898819093792847,,-0.573658789028808,-0.4609571788413098,-0.050510182579337,,,,-0.5869415807560138,-0.123915903362636,-0.3342333064269213,0.2668243495123523,0.1527144873283336,,,,-0.0450836301338983,0.2207505518763796,0.1174671395235395,-0.1162790697674418,0.0348229831688914,-0.380778952518142,,0.0,-0.3231076420402977,-0.3246960680515497,0.3085550234099354,,-0.4401247019988997,-0.4350561797752809,0.0,0.0987199513623654,0.1310962394409379,-0.3888292682926829,0.0082168729352979,-0.6083333333333333,-0.1184445097463022,0.4095940959409594,0.081081081081081,,-0.0151515151515151,0.322133099127905,0.0,-0.3085714285714285,0.3399910345171091,0.0,0.0,0.4880383386581469,0.0,-0.1827334570191713,,0.0662040063289979,-0.4401247019988997,0.3098550724637681,0.2452854069105176,-0.3436745309307077,,0.3430310122878876,-0.1537637580846476,-0.2987907761529809,,,,0.0,0.0,0.0,0.6610526315789473,-0.1117934312172336,-0.2078194002327645,-0.1659675584823919,-0.7207996507549413,0.0,0.3744680851063829,0.3826610169491525,,55.31,0.1654312059302113
2013-12-31,-0.0969629725196748,-0.0502094558643895,,-0.389040983100389,-0.0234724537756553,0.1477841190762007,-0.5622119815668203,-0.0043571086227179,0.0,,-0.0473948099027066,-0.7696670177428502,-1.0096364511317748,-0.0758146961313714,-0.3520027903219884,,-0.0352378555247923,-0.0077346624061567,0.0799611919011773,0.1299948391536212,,0.0302397764281252,-0.0359309379374708,0.210720176201556,-0.1680124427023062,,0.6563079777365491,-0.5547757094903876,0.0020393299344501,0.0064907668841073,0.0374828060522696,-0.4803262955854127,0.0,0.0,0.0,0.522489777373921,0.0,0.0,0.0,-0.5506003430531733,-0.0261396162363385,,-0.1274926691715226,-0.6153846153846154,-0.0843605845768364,,-0.5686562014835259,-0.4861460957178841,-0.0224138496190605,,,,-0.6542955326460481,-0.1053507100264338,-0.3472226088086026,0.2583770542077631,0.1449350117833686,,,,-0.027050178080339,0.2207505518763796,0.428603446230109,-0.2228682170542635,0.8728961114335462,0.8123827902046585,,0.154795237770038,-0.3975313123978943,-0.3374739878062137,-0.7499228612441475,,-0.4401247019988997,1.0068913857677904,130.89795308531302,-0.2648584060941511,-1.0233964498292578,-0.1449268292682926,0.9702230735140284,-0.175,0.4457635419727691,-2.4132841328413286,0.6732186732186732,,0.5,-0.8443197178556481,-0.2352941176470588,0.0,-0.7321312945161129,0.0,0.0,0.3270159744408946,0.0,-0.2445763760049474,,-0.0266538783439529,-0.4401247019988997,0.1684057971014492,0.1049119213908481,-0.3436745309307077,,0.2002574605032182,-0.0986179507545671,-0.2706692913385827,,,,0.0,0.0,0.0,0.4926315789473684,-0.0746378350128207,-0.2397049523576708,-0.1036636166713756,-0.7328425838112872,0.0,0.2699088145896656,0.2301186440677966,,53.74,-0.0975065128395981
2013-09-30,-0.2428796284350406,-0.150878165881051,,-0.2953829686502954,-0.1334407113321465,0.0670725461838175,-0.5622119815668203,0.6523214052297752,0.0,,-0.0821470419907732,-0.8101758081503686,-1.01471770638116,-0.0705478616652067,-0.4272680544847083,,-0.188522527057639,-0.6655032445297406,-0.0857986444228242,-0.1954825391364183,,-0.1441330632803993,-0.0239539586249805,0.1814440289425353,-0.4192296775403315,,0.5728200371057514,-0.5547757094903876,-0.6878368536052439,-0.0676894260771195,-0.076685006877579,0.1545105566218809,0.0,0.0,0.0,0.408905043162199,0.0,0.0,0.0,-0.5794382504288165,-0.0151155172149261,,0.0749956877479545,-0.3924191750278706,-0.1245873795661027,,-0.6238571675004313,-0.5113350125944585,-0.0985080847198093,,,,-0.681786941580756,-0.2444052375975902,-0.4233028084727364,0.2267915152427771,0.1158465380065432,,,,-0.0090167260267796,0.2207505518763796,-0.7368393297385664,-1.7965116279069768,-1.6041787579802669,-0.0464762318919359,,-3.0230599376266247,0.7950626247957887,-0.4123160892263882,0.2508686494680779,,-0.476801760498808,-2.5773782771535583,0.0,0.012039018458825,-0.0169156437988307,-0.0717560975609756,0.1731377782402132,0.925,-0.0949358409246743,0.6088560885608856,0.4201474201474201,,-10.075757575757576,0.1945094379755868,0.0,0.9257142857142856,0.2827115604921054,0.0,0.0,0.1199872204472843,0.0,-0.1852071737786023,,0.0075569212723973,-0.476801760498808,0.1660869565217391,0.1003095120295474,-0.3808285342745681,-0.7789473684210526,0.1979169104739613,-0.06185407920118,-0.1019403824521934,,,,0.0,0.0,0.0,0.1810526315789473,-0.04176942298584,-0.1780595515828519,-0.0715456931796502,-0.3655331255927381,0.0,0.162917933130699,0.0877457627118644,,53.2,-0.0919172932330827
2013-06-30,-0.2689407818346019,-0.2118289481243895,,1.938000452851938,-0.1368551433119519,-0.0038061447318286,-0.5622119815668203,0.7151882582147059,0.0,,-0.1114732750167624,-0.9236004212914204,-1.0876486640782157,-0.1409571224234091,0.7788119102691192,,-0.3672287943619431,-0.6819394021428238,-0.1836307763920105,-0.4745123000172028,,-0.1532235904689954,-0.0155545185876497,0.0866369706676833,-0.2627968595276962,,0.6057513914656771,-0.5547757094903876,-0.4128186453022578,0.0934206805105451,-0.1523383768913342,0.1789827255278311,0.0,0.0,0.0,0.408905043162199,0.0,0.0,0.0,-0.6037735849056604,-0.0057961757741446,,-0.0074995687747954,-0.1917502787068004,-0.3378156850320828,,-0.5039675694324651,-0.5818639798488665,0.0609386048297596,,,,-0.7202749140893471,-0.2692407942460195,0.7958360007793581,0.1245057873154679,0.0216472362990328,,,,-0.0090167260267796,0.2163355408388521,-0.9635996888636932,-0.2286821705426356,2.5536854323853744,1.1181474737042372,,3.0139543354048577,-0.4193138500635324,0.7869829506042131,-0.2052561677466092,,-0.5868329359985329,1.0068913857677904,0.0,0.0156507239964725,-0.444035649719306,0.0794634146341463,0.119946896635385,0.175,-0.424057204427466,-0.5129151291512916,0.4520884520884521,,10.015151515151516,-0.2734439862495797,-0.3529411764705882,0.5828571428571429,-0.0883598147133536,0.0,0.0,0.2937891373801917,0.0,-0.3212615955473098,,-0.033984763976028,-0.5868329359985329,0.1521739130434782,0.0795986699036945,-0.492290544306149,,0.1838736102984201,-0.1637490071485305,-0.186304836895388,,,,0.0,0.0,0.0,0.3831578947368421,-0.1346584134968724,-0.2375792488826771,-0.1732122028790216,-0.7689713829803249,0.0,0.2699088145896656,0.2335084745762712,,40.1,0.2380830343413633
2013-03-31,-0.3949890336730744,-0.2118289481243895,,-0.39007019205039,-0.2229223770098053,-0.1045931849933832,-0.5622119815668203,0.7431982422178928,0.0,,-0.146354697558688,-0.9722109697804424,-1.0876486640782157,-0.134304278887201,-0.4492969122884311,,-0.2768688648376541,-0.7125557741671944,-0.2040632133592956,-0.3664785824875279,,-0.26616650402428,-0.0108881630113547,0.0651904906988658,-0.4875566555228619,,0.4916512059369202,-0.5547757094903876,-0.4920611798980335,-0.1578647231456111,-0.1819119669876203,0.2245681381957773,0.0,0.0,0.0,0.2726033621081327,0.0,0.0,0.0,-0.6327186963979416,0.0,,-0.0269984475892636,-0.0267558528428093,-0.3646335483582603,,-0.6909608418147317,-0.6120906801007556,-0.1942697528927516,,,,-0.7491408934707904,-0.3893612835802545,-0.4455701839841902,0.1013675436550712,0.0003382380671723,,,,0.0,,-0.262224624592952,0.7693798449612403,0.3482298316889147,-0.4663930638980241,,-0.309590475540076,-0.3085859502632057,-0.4342210945200978,-0.3112381105700219,,-0.5868329359985329,1.0068913857677904,0.0,-0.5297168121883022,0.4144332730713523,-0.2376097560975609,-0.0082168729352979,-2.7916666666666665,-0.6826525614653737,0.8118081180811808,0.457002457002457,,-1.0454545454545454,-0.1485649199607523,0.0,-1.8742857142857143,-0.1456392887383573,0.0,0.0,0.1711054313099041,0.0,-0.4721583178726036,,-0.2197005333219297,-0.5868329359985329,0.0408695652173913,-0.0308591547675207,-0.492290544306149,,0.0715272088940901,-0.4231385453307614,-0.186304836895388,,,,0.0,0.0,0.0,0.2568421052631578,-0.3778030018455307,-0.4586524102820277,-0.4241183871489667,-0.7689713829803249,0.0,0.1896656534954407,0.4199491525423728,,36.69,0.0502035278154681
2012-12-31,-0.3900864404592956,-0.1243995473655023,,2.3445379881023447,-0.1876006668738873,-0.2119354799060959,-0.5622119815668203,0.3579053511518328,0.0,,-0.1883415950628576,-1.0208215182694644,-1.0876486640782157,-0.1293146462350449,-0.3373168851195065,,-0.172162094135414,-0.0029004984023087,-0.183360148087808,-0.2708308962669878,,-0.2366911582915593,0.0,0.0648500703819005,-0.4819055520806977,,0.3701298701298701,-0.5547757094903876,-0.1482884195193008,-0.1833641644760328,-0.3724209078404402,-0.468809980806142,0.0,0.0,0.0,0.1135847342117219,0.0,0.0,0.0,-0.6675600343053173,0.0131834586235446,,-0.017998965059509,0.0267558528428093,-0.3604268246992521,,-0.709936173883043,-0.6423173803526449,-0.2214295414210188,,,,-0.8123711340206186,-0.384689248171144,-0.3323776918009667,0.101000269946176,0.0,,,,0.0180334520535593,0.1986754966887417,1.0350555694717274,-1.0968992248062015,0.807893209518282,1.5502948930503084,,-0.0182112044435338,-0.3140315846796151,-0.3228706509437406,-0.9243235266497632,,-0.6601870529983496,-1.4013483146067416,0.0,-0.5212894992671248,-1.602757249939209,-0.0424878048780487,0.077841500410722,-1.8916666666666664,-0.5337643255950631,-2.4464944649446494,0.9901719901719902,,-0.0757575757575757,-0.8717656664905552,-0.5882352941176471,-0.0685714285714285,-0.7383573243014394,0.0,0.0,0.0663130990415335,0.0,-0.7516883116883117,,-0.3724273173234936,-0.6601870529983496,-0.0588405797101449,-0.1344133653967852,-0.5665985509938696,-0.2210526315789473,-0.0291164423639555,-0.428585044820152,-0.2144263217097863,,,,0.0,0.0,0.0,0.0210526315789473,-0.3914811608878146,-0.6329600952315156,-0.4101120746488159,-0.7509069833958061,0.0,0.1167173252279635,0.0911355932203389,,32.03,0.0340305963159536
2012-09-30,-0.6109611663011224,-0.2360593820489954,,1.7156913196517156,-0.36868330083736,-0.2832238742374395,-0.5622119815668203,0.6348929707389034,0.0,,-0.2177970185427058,-1.0127197601879607,-1.116641708736471,-0.1404027187953918,-0.3428240995704372,,-0.4852756103699975,,-0.9396309441815592,-0.591491484603475,,-1.0069067346344265,0.0094882563384663,-0.0129359720446835,-0.7940005830911279,,0.3344155844155844,-0.5547757094903876,-1.858994901675164,-0.2517490298621639,-0.579092159559835,0.0863723608445297,0.0,0.0,0.0,-0.0454338936846887,0.0,0.0,0.0,-0.6920025728987993,0.0218208970320738,,-0.001499913754959,0.2318840579710145,-0.4910981783571955,,-0.7608245644298776,-0.6372795969773299,-0.2902655571736962,,,,-0.8329896907216495,-0.5951767381815947,-0.3379445356788302,0.0170782274636261,-0.0772873983488908,,,,0.027050178080339,,-0.4309765197558371,-0.1162790697674418,0.5107370864770748,-0.1551925638028972,,-0.1593480388809215,-0.263205663459793,-0.328346902267168,0.0389047638212527,,-0.7702182284980744,-0.2253183520599251,0.0,0.1300213993553105,-0.0803493080444458,0.0160487804878048,0.0317492190931927,0.2083333333333333,0.3203839749240866,-0.1623616236162361,0.3415233415233415,,-0.5454545454545454,0.14922362272799,-0.4117647058823529,-0.0685714285714285,0.0199731035513273,0.0,0.0,0.1020958466453674,0.0,-0.6453184910327767,,-0.361430988875381,-0.7702182284980744,-0.0333333333333333,-0.1137025232709323,-0.6409065576815902,-0.4947368421052631,-0.0033703920421299,-0.4782843526608419,-0.2706692913385827,,,,0.0,0.0,0.0,0.1221052631578947,-0.4339446994071437,-0.6372115021815032,-0.4625150024511046,0.0379051317948486,0.0,0.162917933130699,0.0199491525423728,,28.27,0.0046931407942237
2012-06-30,-0.6107031350793446,-0.2360593820489954,,0.5815030567505814,-0.3423097572692079,-0.3741780325222571,-0.5622119815668203,0.584474999533167,0.0,,-0.2445394424915154,-1.004618002106457,-1.116641708736471,-0.1340270770731923,-0.2914234313617506,,-0.3470928769192046,,-0.3178624152764265,-0.3747359366936177,,-0.3701566256514016,0.0083994400373308,0.0,-0.8189168119043063,,0.2314471243042671,-0.5547757094903876,-1.849672250546249,-0.3273201014414139,-0.5557083906464925,0.1022072936660268,0.0,0.0,0.0,-0.2271694684234438,0.0,0.0,0.0,-0.7141938250428816,0.0290945293760985,,0.0,0.3299888517279821,-0.465069075717082,,-0.8170605485595998,-0.6322418136020151,-0.366359792274445,,,,-0.9305841924398626,-0.5949308415811151,-0.2859873261521047,0.0310346284016431,-0.06443435179634,,,,0.027050178080339,,-1.0743431200643367,0.0,-0.3064422518862449,0.0826244122523306,,0.1684536411026884,-0.3430749682337992,-0.2772352232485123,-0.1797668397257885,,-0.6235099944984412,-0.1391760299625468,0.0,-0.0300975461470626,0.6258788205567362,-0.0912682926829268,-0.009286525033384,0.7416666666666667,0.0304437261240082,0.077490774907749,0.312039312039312,,0.5454545454545454,-0.1279804584845719,-0.6470588235294118,0.0914285714285714,-0.1369228470389002,0.0,0.0,0.0714249201277955,0.0,-0.6205813234384663,,-0.3455474033392184,-0.6235099944984412,-0.061159420289855,-0.1344133653967852,-0.5294445476500093,-0.4947368421052631,-0.0314569923932124,-0.4912197889481448,-0.2847300337457817,,,,0.0,0.0,0.0,0.1221052631578947,-0.4480311617044211,-0.5840689153066593,-0.4823170304685594,0.0318836652666757,0.0,0.1337386018237082,0.0335084745762711,,22.43,0.2547339945897204
2012-03-31,-0.6207663527286802,-0.2360593820489954,,0.6576645190506577,-0.3335970687690148,-0.4364529517082584,-0.5622119815668203,0.6759742806102442,0.0,,-0.2717986282557609,-1.0451267925139756,-1.116641708736471,-0.1221073990708195,-0.3721959099754011,,-0.3667253964258746,,-0.3211099549268559,-0.4521486323757096,,-0.3795226233608643,0.0185098771193031,-0.015318914263441,-0.8268797303909922,,0.1609461966604823,-0.5547757094903876,-1.8485069191551349,-0.2909254442698119,-0.594566712517194,0.1578694817658349,0.0,0.0,0.0,-0.3634711494775102,0.0,0.0,0.0,-0.7368138936535163,0.0387548223330062,,0.0119993100396727,0.4860646599777034,-0.4774263264654187,,-0.7899775746075556,-0.6574307304785895,-0.3307711038580948,,,,-0.9580756013745704,-0.6045208089998155,-0.3676343696941019,0.0145073115013598,-0.0796550648190975,,,,0.0450836301338983,,0.1754756034857813,-0.0329457364341085,-0.5107370864770748,0.687359008507053,,-0.3551184866489107,-0.2141949537121074,-0.3575535759921142,-0.9082250036892447,,-0.6601870529983496,-0.2627715355805243,0.0,-0.710302089070678,-0.0549758423461997,0.1965365853658536,-0.0522670911564811,0.5416666666666666,-0.0949358409246743,-0.059040590405904,0.0,,-1.196969696969697,-0.7592372770874359,-0.0588235294117647,-0.1828571428571428,-0.7931463864123126,0.0,0.0,-0.0768178913738019,0.0,-0.6378973407544836,,-0.4298525881080817,-0.6601870529983496,-0.1863768115942028,-0.2609796228325528,-0.5665985509938696,-0.4947368421052631,-0.1578466939730836,-0.6866129581300352,-1.522075365579303,,,,0.0,0.0,0.0,-0.0631578947368421,-0.6348299008639697,-0.6159544674315657,-0.6866160024535196,-0.5220912553252345,0.0,0.0462006079027355,-0.0851355932203389,,27.22,-0.0645749726377234
2011-12-31,-0.7023042188104761,-0.1526267538962288,,0.6823655338506823,-0.3828119848917272,-0.524129482667497,-0.5622119815668203,0.0,0.0,,-0.294536148134942,-1.0208215182694644,-1.116641708736471,-0.1101877210684466,-0.241858501303374,,-0.5333501132645356,-0.0132133816105178,-0.3128557916486811,-0.4896507827283674,,-0.3613415689836722,0.0138435215430082,-0.0287655167835726,-0.9799732600059852,,0.0616883116883116,-0.5547757094903876,-1.8345229424617624,-0.2350584864458878,-0.8160247592847317,-0.5609404990403071,0.0,0.0,0.0,-0.5452067242162654,0.0,0.0,0.0,-0.7556818181818182,0.0419370364835169,,0.0224987063243863,0.6465997770345596,-0.4868914546981873,,-0.7484043470760738,-0.6423173803526449,-0.2736418935055326,,,,-1.0378006872852237,-0.682224134751337,-0.2358857312513337,0.0,-0.0930154684724069,,,,0.0450836301338983,,-0.0460112589155054,0.9031007751937984,,3.48544560106542,,0.1138200277720867,-0.2722817208204756,-0.2279489613376656,-3.7979098751022926,,0.1833852924995415,3.669812734082397,136.90422829822202,-0.683816248461263,-0.2960237664795374,-0.437609756097561,1.0476269889755334,,-0.6669801155842884,,,,,-3.695953781022499,-0.8235294117647058,-1.5314285714285714,-3.384419983065199,0.0,0.0,-0.1381597444089456,0.0,-0.8135312306740878,,-0.5483685724932953,0.1833852924995415,-0.2420289855072463,-0.3139073304875102,-0.5294445476500093,,-0.2140198946752486,-0.7018177692045842,-0.2847300337457817,,,,0.0,0.0,0.0,-0.1557894736842105,-0.6534076989661761,-0.7711308211061098,-0.6851670735741936,0.0077977991539839,0.0,-0.3914893617021276,-0.0986949152542372,,20.99,0.219790675547098
2011-09-30,-0.84486646884273,-0.2358095837611129,,0.1204174471501204,-0.4973720647658877,-0.5782103335395508,-0.5622119815668203,0.5577099037078994,0.0,,-0.3223120957146234,-0.2997650490156364,-1.1163428113688605,-0.0738742834333107,-0.3006021221133018,,-0.8754090108230557,,-0.5013484055256887,-1.0821159470153106,,-0.5576143151010874,0.0270648623425104,-0.0309782488438475,-1.2941232377226566,,0.0,-0.5547757094903876,-1.8857975236707936,-0.1662099948537491,-1.03060522696011,0.0734165067178502,0.0,0.0,0.0,-0.5906406179009541,0.0,0.0,0.0,-0.7787307032590052,0.0597801658274523,,0.1034940490921772,0.9855072463768116,-0.4558668677130015,,-0.6971709504916336,-0.1939546599496221,-0.1832653558166433,,,,-1.1367697594501718,-0.81808200651626,-0.2952653992818771,-0.0023872791078187,-0.0952140159090274,,,,0.1172174383481357,,-0.098746226153907,0.7906976744186046,,-0.8496181338841627,,-0.714789774408705,0.0,-0.286362308787558,0.6117438724996982,,1.5771135154960572,3.2016479400749063,0.0,0.3226456946965114,-0.4059754511719369,-0.437609756097561,-0.6453405589953244,,0.539798217259281,,,,,0.8285108514419415,0.0,-0.7428571428571429,0.5168102804203816,0.0,0.0,-0.306849840255591,0.0,-0.6428447742733457,,-0.5092705157888949,1.5771135154960572,-0.3834782608695652,-0.4542808160071797,-0.5294445476500093,-0.5210526315789473,-0.356793446459918,-0.7281425167366391,-0.2003655793025871,,,,0.0,0.0,0.0,-0.3831578947368421,-0.6895425370331052,-0.5734403979316905,-0.7356380962040479,0.0138192656821568,0.0,-0.0802431610942249,-0.2647966101694915,,16.49,0.1115827774408732
2011-06-30,-0.8070648948522772,-0.2358095837611129,,0.2017249542002017,-0.4602842691231739,-0.587223808684893,-0.5622119815668203,0.584474999533167,0.0,,-0.3382025215392784,-0.1620351616300737,-1.1163428113688605,-0.0580737800348165,-0.0252413995667657,,-0.9463881198087088,,-0.48714041955506,-1.1939342852227766,,-0.5224918236906025,0.0437081972312956,-0.0590629249934894,-1.1911190340723008,,-0.010204081632653,-0.5547757094903876,-1.9673707210487985,-0.0317583951115252,-0.9418844566712518,0.1022072936660268,0.0,0.0,0.0,-0.7269422989550205,0.0,0.0,0.0,-0.7919168096054888,0.0776232951713878,,0.1469915479859908,1.1103678929765886,-0.4842622524113071,,-0.5971191995859928,-0.1083123425692695,-0.0434860993392679,,,,-1.2054982817869415,-0.7820581545460134,-0.0169232053887048,-0.0326873600916715,-0.1231186564507495,,,,0.1532843424552545,,0.2176635772765026,1.2189922480620154,,-0.2408066751827793,,0.6647089621889868,-0.2777273552368851,-0.0125497426161878,0.1502528809648381,,-0.6235099944984412,3.2016479400749063,0.0,1.060637526222487,0.6131920877076131,0.3282439024390244,-0.6534115702808834,,0.7670486825350181,,,,,-0.4916392778970914,0.0588235294117647,6.468571428571429,0.0523484584350251,0.0,0.0,-0.2352843450479233,0.0,-0.603265306122449,,-0.4371834737401567,-0.6235099944984412,-0.3092753623188405,-0.3806422662263695,-0.5294445476500093,-0.5105263157894737,-0.281895845523698,-0.704767956428004,-0.3128515185601799,,,,0.0,0.0,0.0,-0.2652631578947368,-0.6619820673210407,-0.5160464041068591,-0.717284997065919,-0.0584383326559183,0.0,-0.0462006079027355,-0.2003898305084746,,18.53,-0.0269832703723691
2011-03-31,-0.6737917688040252,-0.2358095837611129,,0.4662316543504662,-0.3346567200730924,-0.6011537248186039,,0.6162196480701121,0.0,,-0.356547565987254,-0.0486105484890221,-1.1163428113688605,-0.0389468548682182,-0.3061093365642325,,-0.7070224012081551,,-0.3308525738781442,-0.8842835024944091,,-0.3844810927364622,0.0601959869342043,-0.0799987744868589,-0.9119031503617347,,,,-1.7680990531682448,-0.0081134586051341,-0.6540577716643742,0.1012476007677543,,,,-0.6815084052703316,,0.0,,,0.0930797639024401,,0.1694902543103771,,-0.4984599447604599,,,,-0.0163263108110006,,,,,-0.6550525603983525,-0.3008322431597406,-0.0552746931887254,-0.1439202975818515,,,,0.2164014246427122,,0.2387575641718632,1.2616279069767442,,-0.1225776642296088,,-0.6419449566345694,-0.0344890179705935,-0.2918385601109853,-1.0893333869950763,,-0.8068952869979827,2.609887640449438,,-0.233556958101206,0.6216499096070285,0.1282439024390244,-0.6210302840388215,,0.1323146243510627,,,,,0.1615742996136982,0.0588235294117647,-9.565714285714286,-0.9973601633710216,0.0,0.0,-0.6340063897763578,0.0,-0.8011626468769326,,-0.6326737572621586,-0.8068952869979827,-0.6594202898550725,-0.7396301964078195,-0.7152145643693107,,-0.6353188999414863,-0.7535595143537955,-0.2284870641169853,,,,0.0,0.0,0.0,-0.7789473684210526,-0.7367015629848601,-0.5351777353818029,-0.7670315552561102,-0.0524168661277454,0.0,-0.3914893617021276,-0.5292033898305085,,18.49,-0.0822065981611681
2010-12-31,-0.6159927751257902,-0.1448830069718702,,1.0189168605010188,-0.2575376529430049,-0.6859623318679607,,-0.3249158144369682,0.0,,-0.3822564663051918,-0.1215263712225552,-1.1160439140012497,-0.0145530952354552,-0.0601204244226603,,-0.5346086081047068,-0.0135356592107743,-0.2847104480116262,-0.7136315155685532,,-0.3190568440306571,0.0603515321200808,-0.1179556398284962,-0.7621489091443844,,,,-1.5595047341587764,-0.0129815337682147,-0.7355570839064649,0.0,,,,-0.8859609268514311,,0.0,,,0.0977394346228309,,0.2354864595285771,,-0.533954175633342,,,,-0.0233503940510697,,,,,-0.5999717218909448,-0.05217988328184,-0.0962257117305386,-0.1816338420715728,,,,0.2164014246427122,,0.4233299495062688,,,0.525643464789498,,0.5235721277515992,-0.255944817571247,-0.0472326676645613,0.2991642183496331,,-1.1736658719970658,0.5499625468164794,50.2017032720753,-0.3515393389976915,-0.8711556556397814,0.3428780487804878,-0.0723959988204654,,-0.079263395043589,,,,,0.4525013551437138,-0.8823529411764706,1.3485714285714283,0.3250485630323255,0.0,0.0,-0.7311309904153355,0.0,-1.7164378478664193,,-1.1385048658753385,-1.1736658719970658,-0.5365217391304348,-0.6406783951398557,-1.0867545978079138,,-0.508929198361615,-1.2948054011119936,-1.4658323959505062,,,,0.0,0.0,0.0,-0.9221052631578948,-1.2125790066798412,-1.5300069616788805,-1.229964332200754,-1.130259374670701,0.0,-0.3914893617021276,-0.5258135593220339,,18.48,-0.0367965367965367
2010-09-30,-0.8221597213262805,,,0.354047878800354,-0.4359122891293905,-0.719967715370843,,0.3865377792439794,0.0,,-0.3892327508135769,0.024305274244511,,-0.1038120793462472,-0.2840804787605096,,-0.8343820790334759,,-0.4001334197539718,-0.9314192327541716,,-0.4533487229530991,0.0578628091460569,-0.1412744315406232,-1.0547219464455202,,,,-1.769264384559359,-0.092261614995526,-0.7950481430536451,-0.050383877159309,,,,-1.1812812358019082,,0.0,,,0.0978530851282063,,-0.0749956877479545,,-0.6546345606011408,,,,-0.0992104930438162,,,,,-0.7964431056740641,-0.2785648676482868,-0.1213839607898588,-0.2048031496728815,,,,0.1713177945088138,,,0.313953488372093,,-0.054629956785258,,-0.8468210066243256,0.0689780359411871,-0.2699335548172757,-0.5164942783166311,,-0.7335411699981661,0.4788014981273408,,-0.0409326627600051,-0.2368190131836298,,-0.6291985364242065,,-0.5337643255950631,,,,,-0.4161629191510968,-0.8823529411764706,-0.0685714285714285,-0.3598147133535886,0.0,0.0,-0.324741214057508,0.0,-0.7343722943722943,,-0.5728048579335455,-0.7335411699981661,-0.3857971014492753,-0.463485634729781,-0.6409065576815902,,-0.3591339964891749,-0.6798048337682968,-0.0878796400449943,,,,0.0,0.0,0.0,-0.3747368421052631,-0.6462623920037891,-0.6818512751563721,-0.6718852255137057,0.0258621987385027,0.0,-0.3914893617021276,-0.3156440677966102,,14.07,0.2651030561478323
2010-06-30,-0.8064198167978326,,,0.3272884461003273,-0.406124313581433,-0.7736388628271994,,0.3952519964894153,0.0,,-0.4053815575459498,0.2349509843636069,,-0.0766463015733975,0.0445166501450233,,-0.8092121822300529,,-0.3955327385825301,-0.90183038018235,,-0.4240111124808117,0.0563073572872919,-0.1460403159781382,-1.0413647928549503,,,,-1.805389657683904,-0.062821350914039,-0.8239339752407153,-0.0436660268714011,,,,-1.0904134484325307,,0.0,,,0.0978530851282063,,-0.0719958602380363,,-0.6362301445929798,,,,-0.0633876685194637,,,,,-0.7814434130448147,0.0535901503975654,-0.1265257927143914,-0.2095384826132949,,,,0.1623010684820341,,-0.2094896573545503,0.3023255813953488,,0.0445736960834941,,-0.1411368344373876,0.1125431112724632,0.0568161074805593,-0.3622167666116633,,0.8068952869979827,0.1417228464419475,,-0.1540994362729606,0.2791081226807066,0.3184878048780488,-0.6356164490127233,,-0.8707219120383974,,,,,-0.1362142430750441,-0.7647058823529411,-0.6742857142857143,-0.1630721721372715,0.0,0.0,-0.2582875399361022,0.0,-0.8061100803957947,,-0.5960193291017832,0.8068952869979827,-0.3394202898550724,-0.4151603364361243,-0.6037525543377299,,-0.3146635459332943,-0.7571905140133893,-0.186304836895388,,,,0.0,0.0,0.0,-0.2989473684210526,-0.7119992160577504,-0.7626280072061348,-0.7450561339196665,0.0198407322103298,0.0,-0.3914893617021276,-0.2410677966101695,,10.54,0.2220113851992411
2010-03-31,-0.796227583537608,,,0.5032831765505033,-0.381281377452504,-0.8277197136992531,,0.3168240412804919,0.0,,-0.4219179356398997,0.1863404358745848,,-0.0785867142714581,0.088574365752469,,-0.7895796627233829,,-0.3523675240622391,-0.8316428694305866,,-0.3767679181521988,0.0545963602426504,-0.147742417562965,-1.0167054323800522,,,,-1.708667152221413,-0.0305993295965061,-0.8889270976616231,-0.1113243761996161,,,,-0.93139482053612,,0.0,,,0.098080386138957,,-0.0659962052181999,,-0.640699788480676,,,,-0.0322475661551573,,,,,-0.7717304973258745,0.0981249014204729,-0.1283621612588673,-0.2112296729491569,,,,0.1893512465623732,,,0.3546511627906977,,-0.1633462886962194,,-2.549568622094744,1.11635505536395,0.1006261180679785,-0.983351444171664,,-2.1639464514945903,0.0892883895131086,,0.0373209572223576,-0.6047342658081978,0.3233658536585366,-0.6448543534961944,,-0.925575472622196,,,,,-0.825107553811213,-0.3529411764705882,0.6742857142857143,-0.7308860885590477,0.0,0.0,-0.4576485623003195,0.0,-0.9421645021645022,,-0.7548551844634097,-2.1639464514945903,-0.5179710144927536,-0.5900518921655487,-0.5665985509938696,,-0.4925453481568168,-0.9707386814932486,-0.1722440944881889,,,,0.0,0.0,0.0,-0.5515789473684211,-0.91962142122197,-0.8774159948557976,-0.959256119913354,0.0198407322103298,0.0,-0.3914893617021276,-0.3766610169491525,,13.3,0.0977443609022555
2009-12-31,-0.7261721068249258,-0.2365589786247605,,0.4085959531504086,-0.3068703080995036,-0.8641833176963196,,0.0846523960985204,0.0,,-0.4314780292254644,-0.024305274244511,,-0.0544701564527038,1.1037375628740316,,-0.6277372262773723,-0.010312883208209,-0.3575094618420856,-0.6596146568037158,,-0.3058342590290628,0.0514854565251205,-0.1337851845673853,-0.9206366738632612,,,,-1.8345229424617624,-0.0271221330514486,-0.8841127922971114,-0.5734165067178503,,,,-0.817810086324398,,0.0,,,0.0981940366443324,,-0.0404976713838954,,-0.5962662698324015,,,,-0.0348230633431826,,,,,-0.7049695702956906,1.1242797895733014,-0.1133039391941647,-0.1973619121950889,,,,0.1893512465623732,,,0.5503875968992248,,0.1342646699100372,,2.290058958774386,0.1905972045743329,1.11008177868643,0.2629425416884667,,0.0733541169998166,0.6510861423220974,0.2241147467503361,-0.7813322979777458,0.0169156437988307,0.3331219512195122,-0.6415481561021099,,-1.019610147908708,,,,,0.6007094777722124,-0.7647058823529411,0.24,0.4408527170393983,0.0,0.0,-0.4857635782747604,0.0,-1.14995670995671,,-0.8562657690404482,0.0733541169998166,-0.5226086956521739,-0.5486302079138429,0.1764815158833364,,-0.4995669982445875,-1.017260864631794,-0.0316366704161979,,,,0.0,0.0,0.0,-0.5263157894736842,-0.962084959741299,-1.047472272855298,-0.9894421382326448,0.0258621987385027,0.0,-0.3914893617021276,-0.485135593220339,,11.53,0.0164787510841284
2009-09-30,-0.8929892917042962,,,0.4724069080504724,-0.4560456639068637,-0.8748356065044515,,0.4332210859159576,0.0,,-0.4317364101331824,0.15393340354857,,-0.0644494217570159,0.1675111062158093,,-0.9315378806946892,,-0.4688730090213945,-1.0900292447961466,,-0.4894353611866168,0.0486856431793435,-0.1519976715250319,-1.2160352628854791,,,,-1.799563000728332,-0.046130807497763,-1.1365199449793673,-0.1473128598848368,,,,-0.9541117673784644,,0.0,,,0.0981940366443324,,-0.1379920654562362,,-0.6338638625347877,,,,-0.0488712298233208,,,,,-0.8639417225056863,0.1779163303365157,-0.1329530826200571,-0.2154576487888117,,,,0.1713177945088138,,,0.5988372093023255,,-0.4473677058136058,,-0.4051992988686289,0.3394445452895262,0.1791190537037713,-0.0134154358004319,,-0.1833852924995415,0.6623220973782772,,1.2592813307931003,0.0465180204467844,,-0.6614825815664422,,-1.090136154373592,,,,,0.2850810684707803,-1.0588235294117647,0.2742857142857143,0.1955471434975345,0.0,0.0,-0.4755399361022364,0.0,-0.934743351886209,,-0.7572988130074347,-0.1833852924995415,-0.5318840579710145,-0.6061603249301009,-0.6037525543377299,,-0.5065886483323581,-0.9171814365142404,-0.1722440944881889,,,,0.0,0.0,0.0,-0.6610526315789473,-0.8726665468977118,-0.8689131809558226,-0.9032308699127504,0.0138192656821568,0.0,-0.3914893617021276,-0.3359830508474576,,12.68,-0.001577287066246
2009-06-30,-0.6934021416591407,,,1.5047034849015046,-0.2648374730377613,-0.9063827695131494,,0.5010674916125659,0.0,,-0.4412965037187472,-0.1944421939560884,,-0.0547473582667124,0.318041634541249,,-0.5580166121318902,,-0.2575123034392798,-0.6169516600722519,,-0.2629985930343146,0.0460413750194431,-0.100083573187815,-0.9059951785812904,,,4.327738785474519,-1.755280407865987,-0.0037090096480613,-0.78232462173315,-0.0892514395393474,,,,-0.6360745115856429,,0.0,,,0.0981940366443324,,-0.0524969814235681,,-0.5444709847808625,,,,-0.0160921747029983,,,,,-0.6737407020347944,0.3300767296647832,-0.0769438420135413,-0.1638763435450224,,,,0.1803345205355935,,,0.5658914728682171,,0.1424183948033593,,0.2504040610985909,0.2269014340170629,0.3288032565441203,-0.5983284366992662,,0.1467082339996332,0.5499625468164794,,0.5694455731024249,-0.5116982249146289,,-0.632893698217595,,-0.9882652561465374,,,,,-0.4655656266939296,-1.8235294117647056,-0.2285714285714285,-0.3635503312247846,0.0,0.0,-0.582888178913738,0.0,-1.0015337043908472,,-0.8403821835042855,0.1467082339996332,-0.6269565217391304,-0.693606102794813,-0.492290544306149,,-0.6048917495611469,-0.9997866787699988,-0.1581833520809898,,,,0.0,0.0,0.0,-0.72,-0.9555521076614024,-0.9241814713056602,-0.9848538634481128,0.0138192656821568,0.0,-0.3914893617021276,-0.4580169491525424,,10.24,-0.1123046875
2009-03-31,-0.6340549606502387,,,0.6998620860006999,-0.2026712631985457,-0.9342426017805712,,0.5365468046832693,0.0,,-0.4484019786809913,-0.024305274244511,,-0.0084546553272644,0.2042258692220141,,-0.4344324188270828,,-0.1998684746441576,-0.4676311715121279,,-0.212862958236603,0.0469746461347021,-0.1014452544556764,-0.8286778087589535,,,,-1.8648215586307355,0.0,-0.6887895460797799,-0.1309980806142034,,,,-1.0676965015901865,,0.0,,,0.0983076871497078,,-0.0239986200793454,,-0.5026666684194682,,,,-0.0074291387069131,,,,,-0.6171844839245098,0.2150286228556053,-0.0784129368491221,-0.165229295813712,,,,0.1082007123213561,,,0.25,,-1.2369200663169624,,-2.5768854287600447,1.2416046469413686,0.215627395859954,0.1408620759045357,,0.2934164679992664,-0.1579026217228464,0.014940983116689,1.2303876864919203,0.1480118832397687,0.3233658536585366,-0.6719846203476515,,-1.019610147908708,,,,,0.5650297445468331,-0.5882352941176471,-0.32,0.3275389749464561,0.0,0.0,-0.7413546325878594,0.0,-1.0757452071737783,,-0.9356836967212614,0.2934164679992664,-0.7452173913043478,-0.7557386291723718,0.3994055359464982,,-0.7219192510239907,-1.224681720186089,-0.0035151856017997,,,,0.0,0.0,0.0,-0.9221052631578948,-1.1680739518855443,-0.9837011686054854,-1.217406948579929,0.0138192656821568,0.0,-0.3914893617021276,-0.5936101694915255,,4.31,0.1392111368909514
2008-12-31,-0.3992465488324087,-0.2435533306854714,,0.0072044626500072,0.0160878615765727,-0.9498113315770712,,-0.3628849038635104,0.0,,-0.4394878373647214,-0.0972210969780442,,0.0056826371871777,1.230403495245438,,0.0158570349861565,0.3006850010393452,-0.0320789260386376,0.1244899363495613,,0.0349227752828565,0.0284647690153989,-0.086807180826166,-0.3963683954333947,,,,-1.0537509104151492,0.018081422034299,-0.3101788170563961,-0.5580614203454894,,,,-0.7950931394820536,,0.0,,,0.0983076871497078,,0.0029998275099181,,-0.4666465970892101,,,,0.0087262527452458,,,,,-0.3934185774881662,1.2523171987641606,-0.0626201673666291,-0.1506850589252992,,,,0.1082007123213561,,,,,0.2375451852254504,,3.1641967720640123,-0.032673806498457,1.23603555912526,0.5232019962168472,,0.476801760498808,0.7372284644194756,0.014940983116689,0.8186532552001036,1.188323976867857,0.386780487804878,-0.7241058498543936,,15.820432951317464,,,,,1.1510007479021005,-0.3529411764705882,58.67428571428572,-1.9935249290232604,0.0,0.0,-13.702376996805112,0.0,-1.1821150278293135,,-1.0554214953784875,0.476801760498808,-1.6657971014492754,-1.6578108639872973,0.5851755526657998,,-13.356208308952604,-0.0983910132758425,2.246203599550056,,,,0.0,0.0,0.0,-13.713684210526315,-1.2568799098466412,10.28252724886142,-1.2987884539687369,-30.06942750906984,0.0,-0.3914893617021276,-0.973271186440678,,4.57,-0.0437636761487965
2008-09-30,0.1299754870339311,1.1173477416985784,,-0.2006957452502007,0.0655382557668578,0.5587166450206695,,-0.5097817088580018,0.0,,0.032574081036004,-0.283561532852629,0.3213535268394891,1.2456063512479625,-0.0582846862723501,,-0.1834885476969544,,0.0638588078011315,-0.0802236366764149,,0.0358869221058894,0.0273759527142634,-0.0813604557547203,-0.499886335760311,,,,-0.8591405680990531,0.1576329100426072,-0.2063273727647868,-0.0350287907869481,,,,0.0,,0.0,,,0.0983076871497078,,0.7634561012741767,,0.717809033150297,,,,0.2924992156440382,,,,,0.1109153500952849,-0.0503242686558855,-0.0567437880243061,-0.145273249850541,,,,0.081150534241017,,,,,-4.545973418856848,,-0.6419449566345694,0.2105645307678344,-0.0454072505567522,4.305013348358622,,0.1100311754997249,0.7784269662921348,1.0458688181682354,0.810225942278926,2.905261822449174,,-1.0586152332558727,,12.85834067979234,,,,,4.6929004192368655,-0.2941176470588235,-0.2742857142857143,6.45270707775066,0.0,0.0,-0.580332268370607,0.0,-0.1233642547928262,,-0.3223329321709807,0.1100311754997249,-0.4530434782608695,-0.4772928628136829,0.2136355192271967,,-0.4644587478057344,-0.3820628616816067,-1.0299493813273342,,,,0.0,0.0,0.0,-0.8042105263157895,-0.3876022799653759,-0.1504254064079331,-0.415424813873011,-0.0524168661277454,0.0,-0.3914893617021276,-0.3902203389830508,,11.52,-0.1979166666666666
2008-06-30,0.2575719262030705,1.1170979434106958,,-0.1235050740001235,0.1802160746748048,0.5648621962561302,,-0.4774146162320969,0.0,,0.0339951760284529,-0.3645791136676659,0.3210546294718782,1.2505959839001186,0.187704225869222,,0.0702240120815504,,0.1362518791752873,0.1485738861173232,,0.1280318113357496,0.0279981334577694,-0.1138705960249119,-0.2014053266787309,,,,-0.4233066278222869,0.1585601624546226,0.0,0.1046065259117082,,,,0.0,,0.0,,,0.0983076871497078,,0.7919544626183994,,0.6723238335872704,,,,0.2845385879719598,,,,,0.2325112190323968,0.198328091222015,-0.0918184272237963,-0.1775749852655042,,,,0.0901672602677967,,,,,1.6399858668768517,,0.3824352933142115,0.0453802868034126,0.1991986418896718,1.003474597872312,,0.1100311754997249,0.5949063670411985,1.0757507844016136,0.6007470210953701,1.5224079418947636,0.3184878048780488,-0.615487541348739,,16.345459888333824,,,,,1.2662737321687103,0.0,-0.3885714285714285,-1.6311699955172585,0.0,0.0,-0.3400766773162939,0.0,0.0374273345701917,,-0.1476134912731915,0.1100311754997249,-0.2930434782608695,-0.3185097398488108,0.2136355192271967,,-0.3123229959040374,-0.165791444457052,-0.9596456692913384,,,,0.0,0.0,0.0,-0.391578947368421,-0.1797759231736595,0.0153794646415798,-0.2041226856379754,-0.0765027322404371,0.0,-0.3914893617021276,-0.3461525423728813,,12.626,-0.1058371614129573
2008-03-31,0.072176493355696,1.1178473382743437,,-0.0802782981000802,0.0172652519144366,0.5431479152241693,,-0.5483732423735038,0.0,,0.0289567483279525,0.5590213076237543,0.3219513215747109,1.256140020180292,0.0206520541909901,,0.0475711049584696,,-0.0166531126990978,0.1950215035265783,,-0.0401429416532776,0.0279981334577694,-0.4706310882046062,-0.0372664585176898,,,,-0.1646030589949016,-0.1557784052185765,0.1588720770288858,0.0513435700575815,,,,-0.3180372557928214,,0.0,,,0.0985349881604586,,0.817452996452704,,0.1265014388309515,,,,-0.0184335357830213,,,,,0.0558345115878773,0.0294671602601571,-0.4767212741459509,-0.5320484796621678,,,,0.0991839862945764,,,,,0.3815943250074742,,-1.292995515490906,0.5481938645852242,0.0330856850790405,-0.42795240203378,,0.0,0.0930337078651685,1.0757507844016136,-0.1577111418106082,0.2833370336304143,0.2794634146341463,-0.7048521120888434,,0.0304437261240082,,,,,-0.2020845197988212,-0.7058823529411765,-0.1942857142857142,-0.3672859490959805,0.0,0.0,-0.3681916932907348,0.0,0.0275324675324675,,-0.1952642478816795,0.0,-0.3695652173913043,-0.4013531083522224,0.1021735091956158,,-0.3357284961966062,-0.2474889367979121,-0.8049775028121485,,,,0.0,0.0,0.0,-0.4505263157894736,-0.255312025347466,-0.046265936133239,-0.2840552621474574,0.0619909979075403,0.0,-0.3914893617021276,-0.3258135593220339,,13.3437,0.1339883240780293
2007-12-31,0.0677899625854728,1.0573187151375265,,-0.1057409275231057,0.0166471219870581,0.5313689420228697,,0.1349209807229065,-0.9866666666666668,,0.0247658100047671,0.3901806692052175,0.2720384501573694,1.1904348742058168,0.5283070822777839,,0.059066196828593,0.0015823830172595,-0.0755364191274672,0.1385515224496817,,-0.0619905086632035,0.0272437393062684,-0.4921099081035354,0.047299735810914,,,,0.2034435542607429,-0.1545011150210254,0.0453645116918844,-0.4337188099808061,,,,-0.1156292594275329,,-0.9801324503311258,,,0.0996498996181911,,0.7123990370553693,,0.0310035533668907,,,,-0.0303557464024987,,,,,0.0516542693797258,0.5426188289216095,-0.4998944088086926,-0.5533896105104097,,,,0.0991839862945764,,0.153379652212891,,,0.6825754899029707,,0.5399622117507796,0.3193683064076965,0.5378865320725786,-0.025127111254209,,1.0849073904272877,0.4623595505617977,1.061556850440759,-0.2561421567299618,0.4997726960364532,0.0,-0.4578509668317901,,0.0720540699382897,,,,,0.2727715605080245,2.0247058823529414,-1.3312,0.0,0.0,0.0,-0.3472843450479233,0.0,-0.1888188002473717,,-0.2446988533273057,1.0849073904272877,-0.2350492753623188,-0.1997905903740608,1.2011889281070036,,-0.2535517846693973,-0.2227096334959718,3.9766591676040495,,,,0.0,0.0,0.0,-0.4061473684210526,-0.2258529454996815,-0.2069053477385172,-0.2394379121900801,-0.0759005855876198,0.0,-0.3914893617021276,-0.308864406779661,,14.3682,-0.1009869016299884
2007-09-30,-0.0624422655141272,1.0076638114722365,,-0.8611597126448611,-0.1056884436783558,0.543500260161669,,-0.5510061808698034,-0.9866666666666668,,0.0198591565672029,0.386939965972616,0.2266718077013895,1.13874227992948,0.2977383705988178,,-0.1810948905109489,0.2290233538463026,-0.1135854055568109,0.0267366248064682,,-0.118019835254855,0.0370555296313579,-0.5395866276091089,-0.0924417775802745,,,,0.0590123816460305,-0.173463426846739,-0.0391059147180192,-0.5454798464491363,,,,-0.0131758291685597,,-0.9801324503311258,,,0.1082293762689789,,0.6603520297582889,,-0.0913621502667983,,,,-0.0502292192497342,,,,,-0.0724534333312841,0.3095536319017266,-0.5511162366197597,-0.6005619825486069,,,,0.1803345205355935,,,,,-0.6371320631641888,,-0.3909035033804548,0.4625158831003812,0.3086141433317513,0.7525791175326331,,-0.5391527599486521,0.3517228464419475,1.0953234722844762,0.9540079397326736,1.4396904437184814,-0.3269756097560976,-0.7325920806362096,,-0.2406112253893623,,,,,0.8696660514199848,0.4323529411764706,-0.1123428571428571,0.7715420630572297,0.0,0.0,-0.1022492012779552,0.0,0.2196660482374768,,0.0443946215735746,-0.5391527599486521,-0.1001159420289855,-0.1677808332662148,-0.4439903399591306,,-0.0627501462843768,0.1927039600590037,-0.5915354330708661,,,,0.0,0.0,0.0,-0.2496842105263158,0.164493132339251,0.1227700041982643,0.1651585731914349,0.0645802285146547,0.0,-0.3914893617021276,-0.0953050847457627,,17.926,-0.0175340727614798
2007-06-30,0.0307057153915623,0.9709259772733516,,-0.874045408698874,-0.0215556623056128,0.5465402595061435,,0.0040645599009069,-1.0133333333333334,,0.0049001939148712,0.4701450214696589,0.1916798928751834,1.104574384334771,0.4425046811322833,,0.0001585703498615,,-0.0546276763447858,0.2033958369172544,,-0.0471454022937052,0.0551361020376419,-0.5416580852378432,0.1278022730279254,,,,0.3122388929351784,-0.1732061143024048,0.1768741403026134,-0.4766026871401151,,,,0.1453884597910041,,-1.0066225165562914,,,0.1234949121510006,,0.6510675636150921,,-0.1269694368380161,,,,-0.051528674649147,,,,,0.0163140099588123,0.455887401304497,-0.5533510971383869,-0.602620161187351,,,,0.1893512465623732,,-0.4035543367918682,,,0.1779958144212214,,-2.117826492749664,1.294191323289163,0.4525665364535796,-0.4739539313934613,,-0.5453878598936366,0.0736329588014981,0.974002689376961,-0.1445404556166535,1.1736919449818686,0.2882439024390243,-0.7126537655278843,,0.0574786952688804,,,,,-0.4072567088190694,0.85,-0.1984,-0.4142800219156248,0.0,0.0,0.0339297124600639,0.0,0.1592578849721707,,0.0944523522979271,-0.5453878598936366,0.0693449275362318,0.0,-0.4503065205275868,,0.0911644236395552,0.2129535912856008,-0.5111079865016873,,,,0.0,0.0,0.0,0.0351157894736842,0.196134593084976,0.0700738150531691,0.1926930516615592,0.0205030935284288,0.0,-0.3914893617021276,0.0335084745762711,,23.3442,-0.1246500877455805
2007-03-31,0.0186504967101019,-0.1840563744776093,,-0.8392272699203392,-0.0106930590484802,0.4704583352111406,,-0.0211693234655197,-1.28,,-0.0130068948945224,0.433038969456372,0.1635984851881409,1.0531229556366215,1.283584829459926,,0.0043468411779511,,-0.0978930233376318,0.2093996215379322,,-0.0280787101919272,0.0488629646912428,-0.549639239569096,0.1635223841491686,,,,0.2401398397669337,-0.1451613651010009,0.081468363136176,-0.4575383877159309,,,,-0.0059064061790095,,-1.271523178807947,,,0.1254315167625971,,0.5135854688355419,,-0.1880983900079796,,,,-0.0338233021620128,,,,,0.0048257207844101,1.306074354478062,-0.5619618292434345,-0.6105501526722076,,,,0.2705017808033902,,-0.436355486414154,,,0.321012149050091,,-1.6104623369528102,1.9235795970230527,1.2889178927384908,-1.0190365034008129,,-0.5567577480286081,-0.017003745318352,1.0022411474675033,-0.0456399189774057,0.7690697453138381,-1.4315121951219512,-0.633132911323167,,-0.1798021353707513,,,,,-0.872122463822809,-0.3558823529411765,2.086742857142857,-0.882514817950889,0.0,0.0,-0.7294185303514377,0.0,0.2275572047000618,,-0.0075569212723973,-0.5567577480286081,0.2076869565217391,0.1365764977965965,-0.4618242615641835,,-0.1684025746050322,0.0316918189038919,-0.5074521934758155,,,,0.0,0.0,0.0,-0.9003789473684211,0.0104321481650851,0.128339347302748,-0.006809965732832,-1.0065182375167472,0.0,-0.3914893617021276,-0.6037796610169491,,25.8863,-0.0440570963297973
2006-12-31,0.0865449619403948,-0.1840563744776093,,-0.3448982112348449,0.0012574528808386,0.6444798610286014,,-0.0664645798191177,-1.3066666666666666,,-0.0049001939148712,-0.0042129142023819,0.166512734522347,1.051534589242352,1.9200903183169955,,0.0826956959476466,0.0069644189415436,-0.1397064494784316,0.3045036986065715,,-0.0228833361683841,0.105095660289314,-0.5533804588525453,0.3058171688228623,,,,0.7381675163874727,-0.2004951527880162,0.0636623108665749,-0.472883877159309,,,,0.0052248977737392,,-1.2980132450331126,,,0.1664309365767672,,-0.1023691137759578,,-0.1953839095449245,,,,-0.0829403748987361,,,,,0.0695272637855781,1.94947161373526,-0.5659981673041926,-0.6142673890304321,,,,0.2669852576529462,,,0.409437984496124,,0.8876688500529992,,-0.2278676955997177,2.001724450898529,1.921844766529152,-1.2259025234434742,,-0.6803594351732991,1.763558052434457,1.0,-0.7563272566387662,-0.9637688054383796,,-0.6720692201045001,,-0.3620726809677735,,,,,-1.1547196739421302,1.4441176470588235,-0.1961142857142857,-1.0455620859690191,0.0,0.0,-0.170108626198083,0.0,-0.1645021645021645,,-0.2039513473556884,-0.6803594351732991,-0.2595130434782609,-0.3348252810346216,-0.5870332528329928,,-0.1670450555880632,-0.1733030750028367,3.687992125984252,,,,0.0,0.0,0.0,-0.1966315789473684,-0.173861650525078,-0.2145791372832446,-0.1859917555946766,0.2101792891658763,0.0,-0.3914893617021276,-0.1476101694915254,,21.7261,0.1278072942986829
2006-09-30,-0.0425867629983228,0.8407835672694299,,-0.9412012926864411,-0.1053823221905111,0.6054883869566821,,0.0240014440702863,-1.36,,-0.0117731260601691,0.0072915822733533,0.1718600084289057,1.0691008681960814,1.999118845687851,,-0.1263453309841429,,-0.2565042130061257,0.0145191811457078,,-0.1358414006023162,0.0985658733862187,-0.555986376378915,0.0363725567004748,,,,0.1262753095411507,-0.195226040956739,-0.1421664374140302,-0.4697216890595009,,,,0.0059064061790095,,-1.3509933774834435,,,0.1664218445363371,,0.5585828814843147,,-0.1827479633541785,,,,-0.1005497515815894,,,,,-0.0535316899243868,2.0293558233826,-0.5688096475457852,-0.6168566014346367,,,,0.2381317343672512,,,0.4533333333333333,,-0.2801483977930584,,1.9885724692116824,1.196169903793792,2.000428973020336,0.6852067989428636,,-0.732807628828168,1.4517228464419476,0.9934259674286569,0.8737678817046046,1.6623426052205903,,-0.7620580787054876,,-0.2997747085904594,,,,,0.917298495275866,-0.3347058823529412,-0.2222857142857142,0.7184091248692533,0.0,0.0,-0.0829265175718849,0.0,0.1931725417439703,,0.0620498378041553,-0.732807628828168,-0.0147362318840579,-0.0952008376385037,-0.640163477614713,,0.0033703920421299,0.2530398275275162,-0.6347019122609674,,,,0.0,0.0,0.0,-0.1023157894736842,0.2245382090186023,0.0934352962433505,0.2326955631382833,0.0129762603682126,0.0,-0.3914893617021276,-0.0675423728813559,,18.5575,0.1435757262081904
2006-06-30,0.0135866339827119,0.8422249033905121,,-0.8668306539593669,-0.0368275923780459,0.5453193433273653,,-0.5243531249805486,-1.413333333333333,,-0.0253768808515201,0.0339463663615004,0.1735846462400205,1.0773226739995787,1.184454969343173,,-0.0178907626478731,0.2398647723189323,-0.1174202086273597,0.1657250989162222,,-0.0553929896884497,0.092025198320112,-0.5597786587099092,0.1463173428511615,,,,0.3349045884923525,-0.1617058662623846,0.0791506189821183,-0.4648752399232245,,,,0.0174920490686051,,-1.403973509933775,,,0.1658933696863416,,0.5944158210902873,,-0.1808076120664609,,,,-0.0651085689132806,,,,,0.0,1.20587116467652,-0.5729010766628776,-0.6206245735029372,,,,0.2262296560119021,,,0.6491279069767442,,-0.2662055282254776,,1.2985954608572925,0.6657106552913414,1.1903453689167975,0.0053527588843723,,-0.6202090592334495,1.4036704119850187,,-0.0760865966597743,0.4961781217292016,,-0.76007824991303,,-0.3022039377020276,,,,,0.2943989680323313,,-0.8906285714285714,0.0877621158539622,0.0,0.0,-0.0339297124600639,0.0,0.1120098948670377,,0.050100494223873,-0.6202090592334495,0.0147362318840579,-0.0588878277778417,-0.5261006873490619,,0.0564072557050907,0.2422035629184159,-0.5042182227221598,,,,0.0,0.0,0.0,-0.0417684210526315,0.2194160446847082,0.024477475514553,0.2289983796145366,0.0728898523235334,0.0,-0.3914893617021276,-0.0199491525423728,,18.8991,-0.1053648057314898
2006-03-31,0.0,-0.1757256015767268,,-0.5618451658055619,-0.0240917610933717,0.4578558581442893,,-0.4127426753891832,-1.36,,-0.0499282347028813,0.0345945070080207,0.190460391615331,1.0961696253340285,0.6479972096780116,,0.0067052605084319,0.235826633987718,-0.0937632354155024,0.1240736280750043,,-0.071563109263316,0.0887680821278581,-0.5669342937725209,0.1126008047685038,,,0.0024412572474824,0.1655120174799708,-0.1608574303053905,0.0683596973865199,-0.4399232245681382,,,,-0.0397546569741026,,-1.3509933774834435,,,0.1658933696863416,,0.6117098266849657,,-0.173984832132007,,,,-0.0626618465846566,,,,,-0.0129476854982479,0.6636049025338417,-0.5806211700238544,-0.6277343376749008,,,,0.2149587484784274,,,,,-0.8184709047916723,,0.0901454619954927,0.6170629878380831,0.6569037275017341,0.5646020310969802,,-0.6924628644782689,0.0647940074906367,,-0.8191950110307507,0.3061308636493387,,-0.8014203035040587,,-0.2560485845822313,,,,,0.8091889036029669,-0.6652941176470588,0.0649142857142857,0.5995168600886587,0.0,0.0,-0.2705303514376996,0.0,-0.0364378478664192,,-0.1604669774147631,-0.6924628644782689,-0.2393623188405797,-0.3155872099043849,-0.5992940739364666,,-0.2032767700409596,-0.0298332009531374,-0.7903543307086615,,,,0.0,0.0,0.0,-0.3340631578947368,-0.0479572588152672,-0.1060194608153135,-0.0456557489875609,0.0646404431799364,0.0,-0.3914893617021276,-0.2176779661016949,,17.798,-0.0141701314754465
2005-12-31,-0.0425183847245516,-0.1757256015767268,,-0.5393260739795394,-0.0410932775721269,0.381995173693763,,0.106842527869934,-1.4933333333333334,,-0.0661455123757995,-0.1544195090334602,0.1946359878408551,1.0985868251521838,0.5987994272496971,,-0.0251044550717342,0.0258627774205867,-0.1324319606614697,0.0119972475485979,,-0.1146150196169444,0.081541452792036,-0.5689155400172593,0.0286973307526627,,,0.0024412572474824,0.6179519300801165,-0.1578021336078,-0.1616540577716643,-0.4321880998080614,,,,-0.337800999545661,,-1.4834437086092715,,,0.1658933696863416,,-0.0389227619411883,,-0.174752559199776,,,,-0.0668809792508581,,,,,-0.0534665273252597,0.630816192093226,-0.5827587030096244,-0.6297028832258441,,,,0.2149587484784274,,0.8966790154381616,,,1.5153018237164677,,1.3884222267750232,0.0507896169903793,0.6079825490124493,-1.641365154747052,,-0.5629928479735925,2.4161048689138576,,-0.9695623515814756,-1.5955258122152092,,-0.6321099349529973,,0.9323929865804682,,,,,-1.465929285513342,-0.9317647058823528,-0.4478857142857143,-1.6368854908601882,0.0,0.0,-0.2403194888178913,0.0,-0.1550030921459493,,-0.2013366648135817,-0.5629928479735925,-0.2001971014492753,-0.2685966103255054,-0.4681404421326398,,-0.1769689877121123,0.0093293997503687,2.00070303712036,,,,0.0,0.0,0.0,-0.3013894736842105,-0.0104321481650851,-0.2010171491127845,0.006809965732832,0.0306191572957593,0.0,-0.3914893617021276,-0.1933389830508474,,14.8376,0.1675872073678746
2005-09-30,-0.234260095471552,0.8842559633096275,,-0.4462855848994463,-0.1900272683602249,0.2913523900048754,,-0.3548491506750406,-1.4933333333333334,,-0.0926321392259683,-0.1079154176456291,0.2238771173142278,1.1368379034672402,0.0261225538789147,,-0.3376239617417568,0.2959636341955871,-0.2447048189428987,-0.3855909169103733,,-0.2718646117484045,0.0806688442992689,-0.5460341884124328,-0.4225201609537007,,,0.0,-0.1318572469045885,-0.1545776133450167,-0.4585832187070151,-0.5197168905950096,,,,-0.578827805542935,,-1.4834437086092715,,,0.1658933696863416,,0.6610719883606693,,-0.103653670957963,,,,-0.0723386919283918,,,,,-0.2361910616585725,0.0518644287954277,-0.5580724006662345,-0.606968211540852,,,,0.1651864208106036,,-0.3370555431042438,,,0.4097110863479466,,0.6487286302897858,-0.2205663459793065,0.0385254280603117,-0.3313880951422707,,-0.6238767650834403,0.3444943820224719,,1.162620051587194,1.1312759681563005,,-0.7133091705407115,,0.0441571162699578,,,,,-0.0705360879917113,,-0.2558857142857142,-0.2798351347312846,0.0,0.0,-0.1134185303514377,0.0,0.0821026592455164,,-0.0568326908626619,-0.6238767650834403,-0.1457971014492753,-0.2184303482873284,-0.5298160876834479,,-0.1162083089526038,0.1012141155111766,-1.15677727784027,,,,0.0,0.0,0.0,-0.1399578947368421,0.0775265805419,-0.0047934613361109,0.0822943305827833,0.0456728236161917,0.0,-0.3914893617021276,-0.1063898305084745,,15.3702,0.1415466291915524
2005-06-30,-0.0970932782866726,0.8786579836781798,,-0.6097033819806097,-0.0399052907212222,0.2045526243552292,,-0.3876706274858861,-1.5466666666666666,,-0.1119486958869635,0.804261524750871,0.2171788273060679,1.1407353609722022,-0.248301942210963,,-0.0474880442990183,0.2487757479660255,-0.0549037172150723,0.0366626526750387,,-0.0992575380786344,0.0759962669155389,-0.5475967176673038,-0.1480152425671935,,,0.5517241379310345,0.3052002913328477,-0.1485736539772174,-0.1191196698762035,-0.4599376199616123,,,,-1.312130849613812,,-1.5364238410596027,,,0.1658933696863416,,0.7002347365026511,,-0.1050944738111733,,,,-0.0436968218364699,,,,,-0.105474887809676,-0.2087566454198792,-0.5597581869900634,-0.6085207242691733,,,,0.13750507190839,,0.2280523658224677,,,0.0455521430706927,,-1.3159416330897584,0.2913958976220729,-0.2343561753860757,-0.3933137467970647,,-0.5468549422336328,0.1007490636704119,,0.7013089422819357,,,-0.7368648545625646,,0.7202664315799785,,,,,-0.1583082317261443,,-0.1947428571428571,-0.4447502116850127,0.0,0.0,-0.1117060702875399,0.0,0.0832158317872603,,-0.0403992889040936,-0.5468549422336328,-0.1229333333333333,-0.1909079403067506,-0.4517926806613412,,-0.0894558221181977,0.1631249290820379,-1.0241844769403825,,,,0.0,0.0,0.0,-0.1378526315789473,0.1355546391415832,-0.0004995403166235,0.1476869057882293,0.0551265260654232,0.0,-0.3914893617021276,-0.1037457627118644,,13.908,0.0305076215127984
2005-03-31,-0.0319713585343826,0.8692705640195542,,-0.904005681233404,0.0322981717482833,0.1601039007862208,,-0.5279135051693982,-1.5466666666666666,,-0.1326023737453992,0.6457911366766589,0.2059462642312509,1.1322668455542373,0.269449645702537,,0.1042738484772212,0.2484244653817458,0.0048050055411145,0.2860588336487183,,0.0003663757927525,0.0758531653445325,-0.5558144641188475,0.0,,,0.5431797375648459,0.1950997815003641,-0.1489376005489334,0.1502028885832187,-0.4098032629558541,,,,-0.1240345297592003,,-1.5364238410596027,,,0.1658933696863416,,0.7218184954365124,,-0.1238853825555057,,,,-0.0412852199240462,,,,,-0.0434155037806602,0.3143411176366892,-0.5686241743227932,-0.6166857912107147,,,,0.1425544384833866,,0.8818604896441709,,,-0.1899546109314271,,0.4762229961984111,0.0888182973316391,0.2804844657004125,0.1276076253337089,,-0.6994315055932514,-0.0707490636704119,,-0.4255552244825479,-0.4284309683148847,,-0.753920943472047,,-0.347654030757175,,,,,0.4791376482938912,,-0.2928,0.2084599292723016,0.0,0.0,-0.4322428115015974,0.0,0.1458750773036487,,-0.173344899841775,-0.6994315055932514,-0.4325913043478261,-0.5077838248322997,-0.6063533345718001,,-0.4068812170860152,-0.0895381822307954,-1.155652418447694,,,,0.0,0.0,0.0,-0.5338947368421053,-0.119426660569338,0.056490569847959,-0.1276506342686169,0.0426018756868235,0.0,-0.3914893617021276,-0.3495084745762712,,13.899,-0.1045470897186847
2004-12-31,-0.084888401496581,0.980793009644712,,-0.724017620057224,0.0,0.1044497887978892,,0.0256944919922567,-1.5466666666666666,,-0.1450563334974052,0.4716033379243295,0.2073241810959371,1.117996496169071,0.0645812681279142,,-0.0017367228794361,0.0121692021856866,0.0,0.1700017202821262,,-0.0198958583695864,0.075380307979468,-0.564947941223028,-0.0783499805422233,,,0.4491913335367714,0.199632920611799,-0.111186836724759,0.0163583218707015,-0.5250575815738964,,,,-0.950931394820536,,-1.5364238410596027,,,0.1658933696863416,,0.637688332920857,,-0.1515288153997636,,,,-0.0068999911028278,,,,,-0.0938439786069957,0.1043968788561991,-0.578478127932451,-0.6257607185529499,,,,0.1425544384833866,,0.4329804485108963,,,-0.0944609028891365,,0.4160349655125316,-0.0897622072971501,0.0767679164689131,-0.2121651171838317,,-0.7672840638180818,1.7053932584269662,,-0.8686753768965216,-2.379354456743527,,-0.7470897562092697,,-0.1825448133999412,,,,,0.0,,-0.4541714285714285,-0.1331498729889924,0.0,0.0,-0.2522044728434505,0.0,0.0400989486703772,,-0.1582554935824205,-0.7672840638180818,-0.3110840579710145,-0.391457928225426,-0.6750882407579417,,-0.2721123464014043,-0.100111199364575,0.9031214848143982,,,,0.0,0.0,0.0,-0.3114105263157894,-0.1171830341831485,-0.0396549983260085,-0.1279790581479308,0.0737930723027593,0.0,-0.3914893617021276,-0.2082881355932203,,12.4369,0.1306354477401925
2004-09-30,-0.2191188233776287,0.854270176832208,,-0.5905909717790906,-0.1083116693511166,0.0550846242405122,,-0.3651070292610966,-1.5733333333333333,,-0.1616508472955916,0.54929919792595,0.1879974773062173,1.1301323915863706,-0.1160186510996071,,-0.2089806191794613,0.2662979810919731,-0.1109115979112907,-0.1530225356958541,,-0.146342336857749,0.0747550163322445,-0.5729648396875623,-0.3460324758640087,,,0.4357644186756179,-0.141401310997815,-0.1000157632910042,-0.2218019257221458,-0.546746641074856,,,,-0.6785552021808269,,-1.5629139072847682,,,0.1658933696863416,,0.8078385492834163,,-0.1510871094155677,,,,-0.0295058323304503,,,,,-0.2217618491424356,-0.0785667232629127,-0.5871274237769326,-0.6337262250348596,,,,0.1304720256075019,,0.5522669444041608,,,0.9610387845514092,,0.1218329577272416,-0.1510437465964784,-0.1028166185973494,-0.9646771575374626,,-0.8487071336878782,-0.1311985018726591,,0.5430440056222217,,,-0.6719466963187194,,0.5373689881477128,,,,,-0.7669907575767972,,0.5434285714285715,-0.9460203217612192,0.0,0.0,-0.29785303514377,0.0,0.0407915893630179,,-0.2008479391047767,-0.8487071336878782,-0.3848,-0.4697218994143434,-0.7575701281813115,,-0.3541252194265652,-0.0082696017247248,-0.18644544431946,,,,0.0,0.0,0.0,-0.3678315789473684,-0.0417163435626908,-0.0392723717005096,-0.0302922731037747,0.0542233060861972,0.0,-0.3914893617021276,-0.2403559322033898,,12.1842,0.1540847983453981
2004-06-30,-0.0337375822474519,0.8592111869665245,,0.287005207797287,0.0754459954599828,0.0043510502747061,,-0.0011079504783482,-1.5733333333333333,,-0.177303562685146,-0.1700559021307623,0.1939096672375606,1.140599532083338,-0.1779931710540808,,0.2137654165617921,0.2532779660416092,0.0511663403340365,0.2331257526234302,,0.0139856383443946,0.0736630891273915,-0.5865459082328952,0.0338552469853289,,,0.4461397619774184,0.0,-0.0903514750267744,-0.0361623108665749,-0.5405854126679462,,,,-0.5797364834166288,,-1.5629139072847682,,,0.1658933696863416,,0.8348069985975807,,-0.162137646627325,,,,-0.0573329087665241,,,,,-0.0450986660109423,-0.1408968185487238,-0.601779808393306,-0.6472202327247021,,,,0.131283530949912,,3.178679252745514,,,0.1160275052319734,,-1.4481094493387057,0.4136140860410238,-0.1644427001569858,-0.1152385935257106,,-0.5145791307537135,-0.1989513108614232,,-0.254203874758091,,,-0.7325210946333366,,0.548809873640905,,,,,0.1309446209371419,,-0.1032,-0.1593988145639288,0.0,0.0,-0.2143769968051118,0.0,-0.0151638837353123,,-0.162898387816068,-0.5145791307537135,-0.2696927536231884,-0.3345261244261371,-0.4190971577187442,,-0.2381743709771796,-0.016884148417111,-0.0229190101237345,,,,0.0,0.0,0.0,-0.279578947368421,-0.0393522677162782,-0.0785553719183942,-0.0349964621986529,0.05362115943338,0.0,-0.3914893617021276,-0.1798813559322034,,13.5381,-0.1066840989503697
2004-03-31,-0.1067139723906592,0.7929222153111363,,-0.6160844774706161,0.0238374447803931,-0.0478082915777268,,-0.3238140883995095,-1.6,,-0.1963565708202689,-0.5652596613465122,0.1145912727946605,1.069403018173351,0.3930498953629254,,-0.0292348351371759,0.2694305193664666,0.0258436499098131,0.084551866506107,,0.0310551691698902,0.0723020687509721,-0.4378639305951057,-0.2698453267301046,,,0.4443088190418065,-0.2462345229424617,0.0384809750986364,-0.1694876203576341,-0.5719097888675624,,,,0.0774647887323943,,-1.5894039735099337,,,0.1658570015246215,,0.8476012629273817,,0.0,,,,0.0660825751225702,,,,,-0.1146431425585541,0.4362735547081582,-0.4413693432962448,-0.4994913745064895,,,,0.1371444028673188,,0.4520177716839593,,,0.0619003614818036,,-2.796558082360172,1.5159012524959157,0.4033897995692015,-0.5433922270964973,,-0.6458830001833853,-0.2328464419475655,,-0.6190463291527841,,0.2664878048780488,-0.7356483684037411,,-0.2276814575374669,,,,,-0.2158212170905922,,-0.2453714285714285,-0.4334188374757184,0.0,0.0,-0.391629392971246,0.0,-0.3366233766233766,,-0.4110244301763689,-0.6458830001833853,-0.4245913043478261,-0.4964849098503066,-0.5521084896897641,,-0.4030661205383265,-0.3820515148076704,-0.0365579302587176,,,,0.0,0.0,0.0,-0.4837052631578947,-0.3822371751947606,-0.3604874238068161,-0.3915488808231848,0.0316428066055487,0.0,-0.3914893617021276,-0.3137457627118644,,15.6228,-0.1357695163479018
2003-12-31,-0.1928486646884273,0.7347466920461727,,-0.6038574751446039,-0.0439920125839479,-0.0853084452165077,,-0.0695456780594683,-1.6,,-0.209745869458214,0.9915741715952362,0.0354372719039463,1.0517840708749595,1.5078018871388186,,-0.2294840171155298,,-0.0868351508279196,0.0,,0.0,0.0722009643801524,-0.4437532020786064,-0.416124139330524,,,0.4162343606957583,-0.3302898761835397,0.0431821448275542,-0.3658975240715268,-0.5739827255278311,,,,0.3673330304407087,,-1.5894039735099337,,,0.1658570015246215,,1.149473905250448,,-0.0258082496480155,,,,0.1174731094679959,,,,,-0.1967271162476178,1.5622419535910783,-0.4477231784601315,-0.5053428930685718,,,,0.1371444028673188,,0.1409869349118666,,,0.8528796238414916,,2.6045209315031075,0.4647667453258304,1.5118743382862985,-0.0409707409345192,,-0.3084540619842288,0.2053558052434456,0.4497235918123412,-0.8243115938757513,,0.2664878048780488,-0.6719661445386845,,0.4691938485649917,,,,,0.2796879395640211,,4.337371428571428,-0.0778129202570105,0.0,0.0,-1.435258785942492,0.0,-0.5854792826221398,,-0.5609776957804644,-0.3084540619842288,-0.4549217391304347,-0.5054135840112299,-0.2102916589262493,,-1.3441778818022234,-0.4264109837739703,0.5589145106861643,,,,0.0,0.0,0.0,-1.3616,-0.5042300217217331,0.2333490989674395,-0.5062146974515755,-2.310767887519005,0.0,-0.3914893617021276,-0.3779830508474576,,16.1644,-0.0279193783870728
2003-09-30,-0.3711301767513869,0.906945141797998,,-0.5814515963030814,-0.2312064954270159,0.0,,-0.0186110782598953,-1.6,,-0.1833561354484394,0.5877015312322774,0.2166288561496639,1.1204275560779269,0.444780996438668,,-0.5034205889755852,,-0.2388362441662686,-0.3958713228969551,,-0.234479130009001,0.0720983045574739,-0.4564134336665481,-0.8155826608734295,,,0.4162343606957583,-0.4427676620538965,-0.0847300072789314,-0.6758321870701514,-0.5833781190019194,,,,0.4720581553839164,,-1.5894039735099337,,,0.1658570015246215,,0.6116498301347673,,0.019742679972183,,,,0.0,,,,,-0.3666244544169177,0.4877111921396164,-0.4613820876939434,-0.517921966786713,,,,0.127316171498129,,0.4264940475405729,,,0.4969151740820264,,1.071228573379772,0.0249591577418769,0.454830053667263,0.0599267517205296,,-0.3554006968641115,0.0968913857677902,0.4497235918123412,0.9701161464305816,,,-0.704476761443515,,-0.5007738270153785,,,,,0.3719886648232138,,-1.3450285714285717,0.1699706131394132,0.0,0.0,-0.1210607028753993,0.0,-0.4113296227581942,,-0.3250820142830088,-0.3554006968641115,-0.1921971014492753,-0.2476326356847809,-0.2578487832063905,,-0.1677940315974254,-0.2636173834108703,-0.1134701912260967,,,,0.0,0.0,0.0,-0.1386947368421052,-0.2551732022407683,-0.4246411546821276,-0.2582329346364034,0.0334492465640006,0.0,-0.3914893617021276,-0.1208983050847457,,15.0274,-0.0270372785711433
2003-06-30,-0.3516010837311314,0.8323928427794556,,-0.6077890533336078,-0.193903237352473,-0.0677895271612879,,-0.0498577715256727,-1.6,,-0.2043431246778313,-1.1901482621728916,0.1264604872624886,0.9618542583742667,0.0,,-0.2658117291719103,,-0.1238814593901932,-0.0663340787889213,,-0.1508393931108954,0.0716814434593249,-0.4580321322737183,-0.6273161496977302,,,0.3881599023497101,-0.232774945375091,-0.1659920905369255,-0.3934834938101788,-0.5659021113243762,,,,0.4645615629259427,,-1.5894039735099337,,,0.1658570015246215,,0.2061031490689285,,-0.1331612082236189,,,,-0.1468478255779649,,,,,-0.3480137702096268,0.0372607416891659,-0.46312847417974,-0.5195302887961177,,,,0.1365132320454443,,0.1020157941226879,,,0.5191204848748403,,-0.6465888137676705,0.2700490107097477,0.0125497426161878,-0.3869145839202586,,-0.3832752613240418,0.0676029962546816,0.4497235918123412,-0.0261005920187327,,0.0719512195121951,-0.6977787944874992,,-0.4561857184836909,,,,,-0.1978578437090455,,0.5629714285714286,-0.2518678089355979,0.0,0.0,-0.2230159744408945,0.0,-0.478961038961039,,-0.4114520651715733,-0.3832752613240418,-0.3084869565217391,-0.3647869659766888,-0.2860858257477243,,-0.26724400234055,-0.3419493929422444,-0.0556805399325084,,,,0.0,0.0,0.0,-0.2294736842105263,-0.3343146221561678,-0.4845859926769515,-0.3347774324497282,0.0795736801698053,0.0,-0.3914893617021276,-0.2260169491525423,,12.1662,0.2017803422597031
2003-03-31,-0.4445723132499032,0.7217496871276444,,-0.7681500998332681,-0.27192654026204,-0.0915277430667939,,-0.0788885638347535,-1.6,,-0.2201973771754057,-1.1855302600664344,0.0250446104321159,0.8650054885959174,0.2478613650548885,,-0.3505638056883967,,-0.2211723347509746,-0.1549114054704971,,-0.2312740304987187,0.0818105459636024,-0.4254658226512274,-0.7718225707640164,,,0.3881599023497101,-0.6317727603787328,-0.2416860230607674,-0.4620495185694635,-0.5815595009596929,,,,0.4568378009995457,,-1.5894039735099337,,,0.1732670144750966,,0.1909840184189409,,-0.1747157503677596,,,,-0.2231668313423959,,,,,-0.4366127743283949,0.2878058284855401,-0.4279932348182821,-0.4871727441000711,,,,0.1670799332762274,,-0.3036215738750972,,,0.0696871687549262,,0.6721755560108357,-0.0106552913414412,0.2590175605125771,-0.0316872593606203,,-0.1008619108747478,-0.0524719101123595,0.4497235918123412,-0.3743653179956238,0.1044118113482825,0.1731219512195121,-0.7290281943275863,,0.0009011656381624,,,,,0.3732786244090544,,-0.4576,0.0052174129601036,0.0,0.0,-0.5351693290734825,0.0,-0.6189981447124304,,-0.6097036489483234,-0.1008619108747478,-0.5405101449275362,-0.5773262302815524,0.0,,-0.5354008191925103,-0.645984341313968,-0.0911136107986501,,,,0.0,0.0,0.0,-0.638821052631579,-0.6312123340247269,-0.5859607913994037,-0.6467897773237801,-0.0077977991539839,0.0,-0.3914893617021276,-0.4042881355932203,,7.2202,1.0250270075621173
2002-12-31,-0.4620203844665204,0.7217496871276444,,-0.7235338918507236,-0.2816823966015805,-0.1129880079810225,,-0.0782723441866834,-1.6,,-0.2293660236857778,-1.158146317750952,0.0294294348149675,0.8678662113164869,-0.0360171825090869,,-0.3909564560785301,,-0.2152158057754786,-0.206396008945467,,-0.2465103050078474,0.0847534608803857,-0.4098149985787452,-0.8328313697889441,,,0.3600854440036619,-0.5727021121631464,-0.2326406757815578,-0.5227269601100413,-0.587236084452975,,,,0.449341208541572,,-1.5894039735099337,,,0.1754422851479815,,0.1844593935848688,,-0.1478268985798363,,,,-0.2049931866392571,,,,,-0.4532403024528186,0.0,-0.411107826051826,-0.4716222489618205,,,,0.1670799332762274,,-0.033091191942097,,,0.0830728671214633,,-1.3534111862323297,0.5162461426756217,-0.0232649410390274,-0.4490817134194604,,0.0975609756097561,-0.016441947565543,0.014940983116689,-1.1837726070193495,-1.4027297620180363,,-0.6684868579869099,,0.3262611421294936,,,,,-0.0888699816798292,,-0.3563428571428571,-0.4339044677989739,0.0,0.0,-0.5764984025559106,0.0,-0.6856153370439084,,-0.665528343036575,0.0975609756097561,-0.8751884057971014,-0.8970095845174949,0.2010031580902842,,-0.5906143943826799,-0.6924044025870872,0.4389763779527559,,,,0.0,0.0,0.0,0.2870736842105263,-0.6777874863218409,-0.6329388381967658,-0.6908492896626169,0.7192340694576164,0.0,-0.3914893617021276,-0.4252033898305085,,7.5902,-0.0202102711391004
2002-09-30,-0.5933208618242808,0.714418107378292,,-0.6785162923776785,-0.406202021343732,-0.0966490357630111,,-0.0090814592579221,-1.6,,-0.2364702067434833,-0.8533581787247833,0.0206567970755881,0.8594365041524832,0.4968425303814663,,-0.6018474704253712,,-0.4187309968187643,-0.5340856700498882,,-0.4136864773587335,0.1466931093482656,-0.4329295381006929,-1.0515547598345254,,,0.3600854440036619,-0.7149308084486525,-0.2932180758585198,-0.8884284731774416,-0.5856046065259117,,,,0.4420717855520218,,-1.5894039735099337,,,,,0.1828694850046122,,-0.1915268697900713,,,,-0.2564375722895233,,,,,-0.5783660170898137,0.5386292574758075,-0.436045710885809,-0.4945886137228257,,,,0.2525584960100987,,0.3228698369171138,,,-0.3556790693881988,,-0.7376903639964488,0.7976583772009439,0.50659888284473,0.0577936974282609,,-0.2860810562992848,0.0,0.0001494098311668,0.3598462617342808,,,-0.765483882652358,,1.6086590263492997,,,,,0.3351562017551684,,-0.5312,-0.1672062559147283,0.0,0.0,-0.1961533546325878,0.0,-0.6083364254792826,,-0.4592250032072624,-0.2860810562992848,-0.2840695652173913,-0.3344570882857176,-0.1876277168864945,,-0.2521942656524283,-0.4173334846249858,-0.0537120359955005,,,,0.0,0.0,0.0,-0.1942736842105263,-0.4008170148132421,-0.5813692718934172,-0.4040000096595258,0.0548856674042963,0.0,-0.3914893617021276,-0.1372033898305084,,7.897,-0.0914017981511966
2002-06-30,-0.5563101535285769,0.7381864144703152,,-0.7051316358247052,-0.3551126998031403,-0.1568959230413104,,-0.1068612011926028,-1.6,,-0.2553901487111314,-0.806611034594507,0.0117646003891643,0.8559021810238726,0.7814370158240629,,-0.5697029952177196,,-0.358537849398055,-0.4346533631515568,,-0.3310632266826256,0.1465997822367397,-0.450881603515861,-0.9474999646806036,,,0.3332316142813549,-0.7152454479242535,-0.2211543365277179,-0.7933012379642366,-0.587619961612284,,,,-6.441617446615175,,-1.5894039735099337,,,,,0.2083680188389167,,-0.2226092992255684,,,,-0.1847427546581378,,,,,-0.5430958382000369,0.8254887225021108,-0.4554138899243967,-0.5124255981951616,,,,0.2600423786123259,,-0.1931945524778842,,,0.0,,-0.5312663616289922,0.996768923579597,0.7895932970683801,-0.1881783179726593,,0.2501375389693746,-0.0751685393258426,1.1174361272971762,-0.0894137900936936,,,-0.7327612801499068,,-0.7037320011754334,,,,,0.0491419710308012,-0.9388235294117648,-0.4338285714285714,0.1271106240972256,0.0,0.0,-0.2434888178913738,0.0,-0.681187384044527,,-0.5247264663298532,0.2501375389693746,-0.3441507246376811,-0.3604376891302597,0.3555638120007431,,-0.3158104154476301,-0.5458481788267332,-0.1967097862767154,,,,0.0,0.0,0.0,-0.2563368421052631,-0.5219769227000277,-0.6375516147375022,-0.53437221533981,0.0472384049135166,0.0,-0.3914893617021276,-0.1763898305084745,,12.7256,-0.0772082185977546
2002-03-31,-0.592677073925945,0.69715454770273,,-0.6712500771906712,-0.3760313939359688,-0.199591115991134,,-0.0265472403941316,-1.6,,-0.2718993968097709,0.6030138540063193,0.0,0.8046836018494905,0.9827991335315932,,-0.5456154039768437,,-0.3963283857968853,-0.4399862377429898,,-0.3544217494995045,0.1502675377197075,-0.4584117009271347,-0.961080593725477,,,0.3332316142813549,-0.7646438455935907,-0.2568744175695787,-0.8459456671251719,-0.5961756238003839,,,,0.9116310767832804,,-1.5894039735099337,,,,,-0.0097344402696844,,-0.2828206607974107,,,,-0.2487485425027276,,,,,-0.5777525050716174,1.0290310908230578,-0.4635379843651582,-0.5199074242410149,,,,-0.0690681213651323,,-0.2856916850140407,,,0.2152583371837034,,0.7696965558059596,0.6771827917952441,0.989823299623964,-0.203914624166566,,-0.6205758298184486,-0.1732958801498127,0.627820110563275,-0.2604400863197623,0.0960808567773584,,-0.7860503752655593,,-0.5186404153198159,,,,,0.0535744917353387,-1.7405882352941175,-0.3035428571428571,-0.0720849728545101,0.0,0.0,-0.3471821086261981,0.0,-0.8453184910327768,,-0.6439755392782743,-0.6205758298184486,-0.3986898550724638,-0.4691926223377938,-0.5264722273825004,,-0.3842480983031012,-0.7348190173607171,-0.124578177727784,,,,0.0,0.0,0.0,0.1344842105263158,-0.6979433765045975,-0.7828647042880753,-0.7189512652771439,0.0143009830044107,0.0,-0.3914893617021276,-0.4827627118644068,,13.7637,0.3127792672028597
