,totalAssets,intangibleAssets,earningAssets,otherCurrentAssets,totalLiab,totalStockholderEquity,deferredLongTermLiab,otherCurrentLiab,commonStock,capitalStock,retainedEarnings,otherLiab,goodWill,otherAssets,cash,cashAndEquivalents,totalCurrentLiabilities,currentDeferredRevenue,netDebt,shortTermDebt,shortLongTermDebt,shortLongTermDebtTotal,otherStockholderEquity,propertyPlantEquipment,totalCurrentAssets,longTermInvestments,netTangibleAssets,shortTermInvestments,netReceivables,longTermDebt,inventory,accountsPayable,totalPermanentEquity,noncontrollingInterestInConsolidatedEntity,temporaryEquityRedeemableNoncontrollingInterests,accumulatedOtherComprehensiveIncome,additionalPaidInCapital,commonStockTotalEquity,preferredStockTotalEquity,retainedEarningsTotalEquity,treasuryStock,accumulatedAmortization,nonCurrrentAssetsOther,deferredLongTermAssetCharges,nonCurrentAssetsTotal,capitalLeaseObligations,longTermDebtTotal,nonCurrentLiabilitiesOther,nonCurrentLiabilitiesTotal,negativeGoodwill,warrants,preferredStockRedeemable,capitalSurpluse,liabilitiesAndStockholdersEquity,cashAndShortTermInvestments,propertyPlantAndEquipmentGross,propertyPlantAndEquipmentNet,accumulatedDepreciation,netWorkingCapital,netInvestedCapital,commonStockSharesOutstanding,investments,changeToLiabilities,totalCashflowsFromInvestingActivities,netBorrowings,totalCashFromFinancingActivities,changeToOperatingActivities,changeInCash,beginPeriodCashFlow,endPeriodCashFlow,totalCashFromOperatingActivities,issuanceOfCapitalStock,depreciation,otherCashflowsFromInvestingActivities,dividendsPaid,changeToInventory,changeToAccountReceivables,salePurchaseOfStock,otherCashflowsFromFinancingActivities,changeToNetincome,capitalExpenditures,changeReceivables,cashFlowsOtherOperating,exchangeRateChanges,cashAndCashEquivalentsChanges,changeInWorkingCapital,stockBasedCompensation,otherNonCashItems,freeCashFlow,researchDevelopment,effectOfAccountingCharges,incomeBeforeTax,minorityInterest,sellingGeneralAdministrative,sellingAndMarketingExpenses,grossProfit,reconciledDepreciation,ebit,ebitda,depreciationAndAmortization,nonOperatingIncomeNetOther,operatingIncome,otherOperatingExpenses,interestExpense,taxProvision,interestIncome,netInterestIncome,extraordinaryItems,nonRecurring,otherItems,incomeTaxExpense,totalRevenue,totalOperatingExpenses,costOfRevenue,totalOtherIncomeExpenseNet,discontinuedOperations,netIncomeFromContinuingOps,netIncomeApplicableToCommonShares,preferredStockAndOtherAdjustments
2023-09-30,0.9933969185619956,8.53755868544601,,0.44368388301182327,1.4735786791428214,-0.09660405292865736,,0.9485082872928177,0.3333333333333333,0.0,-0.8212281545614879,,-2.8187311178247736,,0.5659323611542042,,1.46256168204248,-0.6617993405558172,1.8313593777620647,1.7635421573245407,2.516396272005523,2.161240527645243,-0.5825311942959002,,0.507873389533959,0.08866995073891626,,-0.1572938689217759,0.13010882708585247,2.1439200186003253,1.1007751937984496,0.5271359484148307,,,,0.7562582345191041,,,,,,,0.822202166064982,,1.1664017985193225,,,-3.4549763033175354,1.2537444933920705,,,,,0.9933969185619956,0.44273605361718904,,1.1986735299940605,,-2.4200341491178143,2.33595166163142,0.15538996522088458,-0.9748045178105995,,,,1.802730627306273,,0.8731898238747554,0.5320593412119689,0.8582914572864322,1.4366812227074235,-0.18181818181818182,0.32608695652173914,,0.5,-0.25,-0.03076923076923077,,14.915057113187954,,4.0625,,,,,0.44029850746268656,0.8620102214650767,0.0,-2.2202655485674354,,,0.8757961783439491,-0.15384615384615385,0.3157894736842105,,0.4658266513936617,0.32608695652173914,0.739872240640414,0.5755475464374826,0.1282839820753888,,2.251277166854273,0.2865407520843968,-0.007222172068249526,0.36989247311827955,1.9712230215827338,-0.06976744186046512,,,,0.5196770938446014,0.28867391490454586,0.09166666666666666,0.29877875603521725,-1.3855234544889716,,0.8154681139755766,,
2023-06-30,0.5251989389920424,8.5,,0.4150591163658992,1.2800868875057438,-1.688905339132044,,-2.4446408839779004,0.3333333333333333,0.0,-0.969376302709636,,-2.8187311178247736,0.0,-34.56655290102389,,-0.23406994207251663,0.5129533678756477,8.303576689647045,0.9957607159679699,1.3910942354159475,1.9232388436710637,-2.443018419489008,,-9.25862891681247,-0.08866995073891626,,0.1386892177589852,0.11559854897218863,2.128574750058126,1.0077519379844961,0.4648038688876948,,,,0.6380575945793338,,,,,,,-0.09386281588447654,,0.9270126749098803,,,-0.10900473933649289,1.2610132158590308,,,,,0.5251989389920424,-22.30199093238715,,0.9100178182538111,,-1.1918042117245304,1.8787512588116817,0.024374896505236797,-1.2099623515783378,,,,2.248487084870849,,5.306327462491846,0.5994468192104602,2.6331658291457285,0.21397379912663755,-0.18181818181818182,0.13043478260869565,,0.5,2.2045454545454546,1.6717948717948719,,13.362409138110072,,3.9055232558139537,,,,,0.13805970149253732,0.06132879045996593,1.4035087719298245,-3.6346610761705103,,,0.589171974522293,0.1258741258741259,0.7017543859649122,,-0.17563955708285606,0.13043478260869565,0.03800436645912509,0.08428056556695315,0.09665231526227924,,0.1593211533466101,0.30287561681129826,-0.06499954861424573,-0.5849462365591398,1.5971223021582734,0.06976744186046512,,,,-0.6004036326942482,0.1493022857632052,0.275,0.3061630218687873,-1.2736874805840324,,-0.025780189959294438,,
2023-03-31,0.5640273153112478,6.528169014084507,,0.5071561916614811,0.9704666026149797,-0.2509484593319145,,0.8976795580110497,0.3333333333333333,0.0,-0.944364277697611,,-2.8187311178247736,,0.16382252559726962,,0.5859257670027891,,1.304342702256791,0.32878002826189356,0.41353123921297896,1.4427448779118721,-0.5316696375519905,,0.6115794496580245,-0.5320197044334976,,0.3230443974630021,0.25973397823458283,1.6617065798651476,1.3565891472868217,0.38097796883396023,,,,0.5063052889139845,,,,,,,0.6868231046931408,,0.5260669018179,,,-0.08056872037914692,1.0405286343612334,,,,,0.5640273153112478,0.41119653065247386,,0.5409819837655909,,0.27660785429709733,1.1367573011077543,0.15538996522088458,-0.6284390385172314,,,,1.5149077490774907,,-0.0009132420091324201,0.6095046517475484,0.5989949748743718,0.35152838427947597,0.9090909090909091,0.043478260869565216,,0.5,4.613636363636363,-0.2153846153846154,,3.08785046728972,,3.050872093023256,,,,,0.041044776119402986,,0.8070175438596491,-2.6367575122292104,,,0.4012738853503185,0.0,0.0,,-0.029018709431080564,0.043478260869565216,0.19002183229562544,0.18408649847518713,0.08259379667867499,,0.32210581002684213,0.3682150757189042,0.007222172068249526,0.05161290322580645,1.3669064748201438,-1.2325581395348837,,,,0.14631685166498487,0.22189881003338754,-0.058333333333333334,0.3720533939221812,-2.2242932587760174,,0.5386702849389416,,
2022-12-31,0.4518313674586602,6.429577464788732,,0.5196017423771002,0.7975270479134466,-0.22318867400758768,,0.8839779005524862,0.3333333333333333,0.0,-1.0412057078723744,,-2.8187311178247736,,0.08067018305926156,,0.46363441321604804,,1.0059513287372577,-0.12246820536975978,-0.24784259578874698,1.0686219477968004,-0.4727272727272727,,0.6115794496580245,0.37438423645320196,,0.16744186046511628,0.20169286577992745,1.2645896303185307,2.0968992248062017,0.6227834497581946,,,,0.5830980613589309,,,,,,,0.7066787003610109,,0.37195240125586265,,,0.27014218009478674,0.8753303964757709,,,,,0.4518313674586602,0.28582692686773115,,0.3085527618293407,,0.6010244735344337,0.6300100704934541,0.024036356614537627,-1.076744859542427,,,,1.336309963099631,,0.1634703196347032,0.5561981393009806,0.6090452261306533,1.314410480349345,-0.18181818181818182,-0.391304347826087,,0.421875,-1.0,-0.841025641025641,,3.6785046728971964,,3.890988372093023,,,,,1.1902985074626866,,10.021052631578947,-2.2118798043326344,,,-3.2770700636942673,0.8461538461538461,0.10526315789473684,,-0.07636502481863307,-0.391304347826087,-0.10592706396054015,-0.04103132797338509,0.01230120376065372,,0.005195255000432938,0.2559128807214565,-0.08666606481899432,0.11182795698924732,1.2517985611510791,-0.20930232558139536,,,,0.21695257315842584,0.1606026881260166,-0.3416666666666667,0.28798636750923035,-8.263435849642747,,-2.649932157394844,,
2022-09-30,0.38546193351769287,5.42018779342723,,0.23335407591785937,0.5393709010401437,0.13657814379568797,,0.3641988950276243,0.3333333333333333,0.0,-0.4620811287477954,,-0.3504531722054381,,0.30282345640707414,,0.2108989487234499,-0.6095148374941121,0.6590065405692063,0.11210551106924165,0.09596133931653435,0.7057255122088127,-0.41568627450980394,,0.6068076984253221,1.206896551724138,,0.06765327695560254,0.19008464328899638,0.5475470820739363,1.875968992248062,0.5776464266523375,,,,0.5447016751364577,,,,,,,0.740072202166065,,0.2831117485173844,,,0.26066350710900477,0.6647577092511013,,,,,0.38546193351769287,0.3804454957618766,,0.02306473965551376,,1.2544109277177007,0.5007049345417925,0.15234310315772998,-0.18592528236316247,,,,1.4012546125461254,,1.0245270711024135,0.1709831531305004,0.5557788944723618,0.6986899563318777,-0.18181818181818182,-0.10869565217391304,,0.40625,-2.772727272727273,-1.087179487179487,,1.3109034267912774,,1.6002906976744187,,,,,-0.4216417910447761,,0.6596491228070176,-0.7974842767295598,,,1.5222929936305734,0.09090909090909091,-0.14035087719298245,,0.4261168384879725,-0.10869565217391304,0.6444570227217595,0.48794011644025503,0.05799138915736754,,0.8087280284007273,0.4267483409903012,-0.18777647377448767,0.6795698924731183,0.7050359712230215,0.20930232558139536,,,,0.8829465186680121,0.3547641469052307,-0.125,0.4231752343084351,-1.7831624728176452,,1.2360922659430122,,
2022-06-30,0.19301314972628253,5.514084507042254,,0.1910392034847542,0.3560716821922386,-0.016655871194596095,,0.31116022099447516,0.3333333333333333,0.0,-0.7320827320827321,,-0.3504531722054381,,-0.2904126590133416,,0.24822999356361297,-0.6024493641073952,0.5762771787166343,0.2958078191238813,0.3652053848809113,0.4730564131349986,-0.3653000594177065,,0.3825353904883092,1.0935960591133005,,-0.06088794926004228,0.08174123337363966,0.07137874912810974,1.3837209302325582,0.5744223535733477,,,,0.4701675136457745,,,,,,,0.5884476534296029,,0.12806697934028452,,,-0.2132701421800948,0.4039647577092511,,,,,0.19301314972628253,-0.056376897299428345,,-0.14403088497327263,,0.3528742174160501,0.0,0.021328034442082196,-0.403706921517521,,,,1.6477490774907748,,0.2574037834311807,0.08146844355041488,0.1708542713567839,-0.1222707423580786,-0.18181818181818182,-0.15217391304347827,,0.421875,-3.8863636363636362,-1.476923076923077,,2.629283489096573,,1.1380813953488371,,,,,-1.123134328358209,,3.992982456140351,-1.4040531097134872,,,-0.9522292993630573,-0.03496503496503497,-0.3157894736842105,,-0.07636502481863307,-0.15217391304347827,0.10430985687717312,0.11533130024951484,0.05096212986556541,,0.23032297168586024,0.2872213714480177,-0.17694321567211338,-0.7311827956989247,0.5611510791366906,-0.16279069767441862,,,,-0.7719475277497477,0.16676654396027737,0.125,0.2982107355864811,-4.535570052811432,,-0.34328358208955223,,
2022-03-31,0.032507477848637056,5.227699530516432,,-0.006845052893590542,0.14169347090521742,0.0014805218839640973,,0.5339226519337017,0.3333333333333333,0.0,-0.6172839506172839,,-0.3413897280966767,,-0.31399317406143346,,0.14696417077880283,,0.31583289140298154,0.3447951012717852,0.4370037970314118,0.1575919169239405,-0.3752822341057635,,0.1340862096389375,1.0098522167487685,,-0.3230443974630021,-0.06529625151148731,-0.4754708207393629,0.6744186046511628,0.1477700161203654,,,,0.3881046489742142,,,,,,,0.3574007220216607,,0.028683282297763478,,,1.2843601895734598,0.17334801762114538,,,,,0.032507477848637056,-0.1935738221959393,,-0.2034250643436943,,-0.2675014228799089,-0.43303121852970794,0.15234310315772998,-0.08282652765710977,,,,1.2226568265682656,,0.22870189171559036,0.0030173497611264773,0.0814070351758794,-0.015283842794759825,21.636363636363637,-0.021739130434782608,,0.40625,-0.7272727272727273,-0.36923076923076925,,1.8051921079958464,,0.7688953488372093,,,,,-0.6940298507462687,,1.1298245614035087,-0.9120894479385045,,,0.3980891719745223,-0.1258741258741259,-0.10526315789473684,,-0.1267659411989309,-0.021739130434782608,0.01212905312525269,0.05877460493484891,0.0720499077409718,,0.13161312667763442,0.14633316317849243,-0.2527760223887334,-0.05161290322580645,-0.014388489208633094,-0.11627906976744186,,,,0.025227043390514632,0.0893759095967811,-0.10833333333333334,0.1885827889804033,-1.5470643056849953,,0.4898236092265943,,
2021-12-31,-0.1576838422032846,4.593896713615023,,-0.2719352831362788,-0.11529303646768871,-0.08957157397982789,,0.49679558011049724,0.3333333333333333,-13000000.0,-0.6910373577040244,,-0.3564954682779456,,-0.45423518461061124,,-0.2911392405063291,-0.748469147432878,-0.023569618761416535,-0.490814884597268,-0.7877114256127028,-0.2782767330900926,-0.2787878787878788,,-0.11595355495466836,1.0049261083743843,,-0.6748414376321353,-0.16686819830713423,-0.7851662404092071,0.3488372093023256,0.0026867275658248252,,,,0.1464332768680595,,,,,,,0.14530685920577618,,-0.11070196519244932,,,2.071090047393365,0.05947136563876652,,,,,-0.1576838422032846,-0.4466784939877784,,-0.3117204513957632,,0.0,-1.152467270896274,0.0182811723789276,-0.2797567332754127,,,,0.4226568265682657,,-1.2533594259621657,0.4958511440784511,0.003015075376884422,0.12882096069868995,0.5454545454545454,-0.21739130434782608,,0.328125,-0.25,-0.11282051282051282,,1.804361370716511,,0.23401162790697674,,,,,-0.5447761194029851,6.913117546848381,-0.8350877192982457,-0.213277428371768,,,-5.312101910828026,5.146853146853147,-0.6666666666666666,,-0.08247422680412371,-0.21739130434782608,0.28543705021427995,0.23620737454948712,0.040418240927862226,,-1.8529742834877478,0.059894503998638764,-0.3105533989347296,-2.356989247311828,0.302158273381295,1.1395348837209303,,,,-2.679112008072654,0.061296121907370944,-0.375,0.12553251917069014,-11.56259707983846,,-3.5834464043419265,,
2021-09-30,0.07562503527287093,2.143192488262911,,-0.28189172370877413,0.030076444295918794,0.16359766817803276,,0.4693922651933702,0.3333333333333333,205000000.0,-0.2857142857142857,,-0.5589123867069486,,0.12659013341607198,,-0.3228920832439391,-0.7489401789919925,0.17535796358493902,-0.371172868582195,-0.6123576113220573,0.08995228739825989,-0.2887700534759358,,-0.009702560839828216,-0.46798029556650245,,-0.7797040169133193,-0.18428053204353084,-0.2341315973029528,0.2441860465116279,-0.14562063406770553,,,,0.037267080745341616,,,,,,,-0.004512635379061372,,0.15799061979146478,,,0.7061611374407583,0.2674008810572687,,,,,0.07562503527287093,-0.12655233589591958,,0.2588596317560879,,0.46442800227660785,-0.4362537764350453,0.15234310315772998,0.5774688676513177,,,,-0.22236162361623615,,-0.11050228310502283,0.54815187327131,0.49547738693467336,0.6790393013100436,0.18181818181818182,-0.30434782608695654,,0.34375,-1.4772727272727273,0.441025641025641,5.85,-0.3073727933541018,,0.09738372093023256,,,,,-0.13059701492537312,-0.43270868824531517,0.29473684210526313,0.6225017470300489,,,1.4235668789808917,-0.7272727272727273,-0.5614035087719298,,0.22451317296678122,-0.30434782608695654,0.40834478855017387,0.3160521208760743,0.026359722344257975,,0.1350766300112564,0.10617662072485962,-0.3105533989347296,0.5161290322580645,-0.12949640287769784,0.4418604651162791,,,,0.6912209889001009,0.15238421368033558,-0.325,0.16245384833854018,0.4411307859583722,,1.3419267299864315,,
2021-06-30,0.04142445961961736,2.011737089201878,,-0.3080273802115744,0.04077029115668992,0.08327935597298047,,0.39867403314917127,0.3333333333333333,205000000.0,-0.5056918390251723,,-0.5589123867069486,,-0.11914365497983245,,-0.4606307659300579,-0.7230334432406971,0.22155441635731543,-0.5115402731983043,-0.8180876769071453,0.0893909626719057,-0.2374331550802139,,-0.0606012406553205,-0.4088669950738916,,-0.5902748414376321,-0.2094316807738815,-0.1657754010695187,-0.26744186046511625,-0.21762493283181086,,,,0.050818746470920384,,0.0,,,,,0.07942238267148015,,0.1358192177991395,,,1.132701421800948,0.35220264317180616,,,,,0.04142445961961736,-0.19436231027005715,-0.04968814968814969,0.21807562858839832,,0.6476949345475241,-0.5244712990936556,0.030468620631545998,0.37474659716188824,,,,-0.4437638376383764,,-1.4881930854533594,1.131506160422429,0.5477386934673367,-0.24672489082969432,54.0,-0.17391304347826086,,0.328125,0.11363636363636363,0.0,0.52,0.22346832814122533,,0.19040697674418605,,,,,-2.1977611940298507,2.4906303236797274,-0.2807017543859649,-0.6521313766596786,,,-0.856687898089172,1.0,-0.3508771929824561,,0.17563955708285606,-0.17391304347826086,0.6379881943882915,0.48017743276961466,0.04744750021966435,,0.36539960169711666,-0.09664794963416709,-0.32860882910535344,-1.075268817204301,-0.07194244604316546,0.7674418604651163,,,,-1.1755802219979818,0.0373255714408013,-0.225,-0.010224368077250781,-3.8148493320907115,,-0.19402985074626866,,
2021-03-31,0.09515209661944805,1.528169014084507,,-0.48226509023024267,0.07502401938259744,0.1247339687239752,,0.6108287292817679,0.3333333333333333,,-0.523649190315857,,-0.4501510574018127,,0.7161030096183679,,-0.16713151684187944,-0.6476683937823834,0.03346885864121148,-0.3608101742816769,-0.5971694856748361,0.054308167274768455,-0.2231729055258467,,0.16430730077938605,-0.4482758620689655,,-0.7509513742071882,-0.24038694074969771,-0.2983027202976052,-0.26356589147286824,-0.34228909188608275,,,,0.13363448146056842,,,,,,,0.07310469314079422,,0.10000387611922942,,,-0.2796208530805687,0.24669603524229075,,,,,0.09515209661944805,0.2613837965700769,,0.20144525836468027,,0.6738759248719408,-0.5297079556898288,0.015234310315772999,0.8045178105994787,,,,1.4809594095940959,,2.057795172863666,0.3480010057832537,1.1306532663316582,-0.4606986899563319,,0.08695652173913043,,0.328125,0.5909090909090909,-0.38974358974358975,11.6,-0.15950155763239876,,-0.20203488372093023,,,,,-2.1791044776119404,1.3151618398637137,0.18947368421052632,-0.5487071977638015,,,-0.4140127388535032,-0.5664335664335665,-0.3157894736842105,,0.07789232531500573,0.08695652173913043,0.2256003881297,0.21070141391738287,0.08962305597047711,,0.25283574335440295,-0.09664794963416709,-0.4983298727092173,-0.4989247311827957,-0.2158273381294964,2.7209302325581395,,,,-0.49949545913218973,0.015067203150415204,-0.20833333333333334,-0.010792388525986936,-2.8083255669462566,,-0.052917232021709636,,
2020-12-31,0.027428184434787516,1.6690140845070423,,-0.48475420037336653,0.13317181168804043,-0.1502729712223559,,0.5900552486187846,0.3333333333333333,,-0.4287317620650954,,-0.7069486404833837,,-0.27303754266211605,,-0.020810984767217336,-0.5821950070654733,0.22061163160685876,-0.43146490814884597,-0.700724887814981,0.05346618018523716,-0.0748663101604278,,-0.09750278352155241,-0.2019704433497537,,-0.5006342494714587,-0.28101571946795645,-0.2648221343873518,-0.2054263565891473,0.005910800644814616,,,,0.013175230566534914,,0.0,,,,,-0.06498194945848375,,0.1345788596457227,,,0.9620853080568721,0.24823788546255507,,,,,0.027428184434787516,-0.2503449635324266,0.0010395010395010396,0.26638289447634134,,-0.6511098463289698,-0.41007049345417923,0.024374896505236797,0.7442803359397625,,,,-1.0695940959409593,,-1.4203522504892367,0.9052049283379432,0.34773869346733666,0.44541484716157204,,-0.13043478260869565,,0.25,0.1590909090909091,1.323076923076923,0.53,-0.061474558670820356,,0.06831395348837209,,,,,-0.376865671641791,-0.626916524701874,0.14736842105263157,0.35136268343815513,,,1.4012738853503184,-0.3146853146853147,-0.3157894736842105,,0.44749904543718977,-0.13043478260869565,0.612112881054419,0.4646520654283338,0.05447675951146648,,0.67191964672266,-0.3124042879019908,-0.11194366705786765,0.8172043010752689,-0.15827338129496402,-2.1627906976744184,,,,1.0443995963673058,-0.010615529492337985,-0.20833333333333334,-0.1908548707753479,-0.11804908356632494,,1.1139755766621438,,
2020-09-30,-0.010497206388622383,0.6690140845070423,,-0.4586185438705663,0.18513722377710012,-0.3834551679467012,,0.5387845303867403,0.3333333333333333,,-0.6326759660092993,,-0.7129909365558912,,0.24325162891715793,,0.1572623900450547,-0.5007065473386717,0.4678569324141182,-0.044276966556759306,-0.13324128408698654,0.46463654223968565,-0.11336898395721925,,0.05233020518530301,-0.43842364532019706,,-0.41775898520084565,-0.1804111245465538,0.22529644268774704,-0.15503875968992248,-0.051047823750671684,,,,-0.16073781291172595,,,,,,,-0.11281588447653429,,0.009457730919803092,,,-0.1943127962085308,0.22533039647577094,,,,,-0.010497206388622383,0.11630199093238715,,0.15967135220748366,,-0.5873648264086511,-0.07371601208459215,0.015234310315772999,0.6794092093831451,,,,-0.7242066420664207,,0.7401174168297456,0.6296203168217249,0.9045226130653267,1.7532751091703056,,-0.15217391304347827,,0.265625,0.9772727272727273,0.31794871794871793,,2.125025960539979,,-0.25726744186046513,,,,,2.466417910447761,3.0221465076660987,1.2280701754385965,2.338784067085954,,,-2.0859872611464967,1.3006993006993006,-0.49122807017543857,,0.21840397098129058,-0.15217391304347827,0.38893830354976955,0.31050734682561687,0.05096212986556541,,0.42081565503506796,-0.22392377063127447,-0.137221269296741,-1.832258064516129,-0.33093525179856115,-2.116279069767442,,,,-2.063572149344097,-0.01575207602088862,-0.2916666666666667,-0.11417211019596706,-6.026716371543958,,-1.2795115332428766,,
2020-06-30,0.02325187651673345,0.44366197183098594,,-0.2930927193528314,0.14002255733322194,-0.21393541223281207,,-0.21082872928176796,0.3333333333333333,,-0.4191117524450858,,-0.7129909365558912,,0.1340366118523115,,0.01609096760351856,0.0,0.4949619939897472,0.14413565708902495,0.14290645495340007,0.4722144260454673,-0.023054070112893642,,0.07809766184189598,-0.3645320197044335,,-0.35348837209302325,-0.17073760580411124,0.14485003487561032,-0.03875968992248062,0.060720042987641054,,,,-0.20967438358742707,,0.0,,,,,-0.26263537906137185,,0.04325749060041087,,,-0.3459715639810427,0.23832599118942732,,,,,0.02325187651673345,0.0768775872264932,0.0031185031185031187,0.2683627004553554,,-0.12066021627774616,0.1216515609264854,0.09343710428569507,0.5276571097596293,,,,0.20420664206642067,,-0.2435746901500326,0.733215991953734,0.629145728643216,-0.03711790393013101,,0.0,,0.25,-1.2954545454545454,0.5230769230769231,,2.353478712357217,,-0.33575581395348836,,,,,-0.45149253731343286,0.4020442930153322,-0.23157894736842105,0.12215234102026555,,,-0.10828025477707007,,-0.5263157894736842,,-0.13592974417716686,0.0,-0.2320692164631681,-0.10756861657887441,0.07556453738687285,,0.02078102000173175,-0.2899438489025013,-0.3972194637537239,0.4043010752688172,-0.33093525179856115,1.2325581395348837,,,,0.5600403632694249,-0.12807122677852922,-0.30833333333333335,-0.16870207327463788,-1.1804908356632495,,0.025780189959294438,,
2020-03-31,-0.02460635476042666,-0.05868544600938967,,-0.33914125700062225,0.05664397009064706,-0.1854353659665032,,-0.24972375690607734,0.3333333333333333,,-0.3665223665223665,,-0.7129909365558912,,0.2916537387527149,,0.009225488092683974,0.0131888836552049,0.3983265570679394,0.31559114460668863,0.39420089748015186,0.3927869772663486,-0.025906120023767083,,0.009702560839828216,0.3054187192118227,,-0.5124735729386892,-0.13978234582829505,-0.07137874912810974,-0.2054263565891473,-0.08758731864588931,,,,-0.20892151326933936,,,,,,,-0.23104693140794225,,0.010853133842396992,,,0.08056872037914692,0.13193832599118943,,,,,-0.02460635476042666,0.1028976936723832,,0.21569986141358147,,-0.34718269778030736,0.03867069486404834,0.021328034442082196,0.40139009556907035,,,,1.5355719557195573,,1.6898891063274626,0.09152627608750315,0.7326633165829146,-0.19868995633187772,,-0.06521739130434782,,0.25,0.7954545454545454,0.010256410256410256,,1.0533748701973,,0.21656976744186046,,,,,-0.5261194029850746,-0.34071550255536626,-0.29473684210526313,-0.6157931516422083,,,0.5764331210191083,,-0.5964912280701754,,-0.1618938526155021,-0.06521739130434782,-0.07520012937656667,-0.0033268644302744664,0.06502064844916967,,-0.005195255000432938,-0.19737961545005955,-0.34305317324185247,0.1978494623655914,-0.15827338129496402,0.813953488372093,,,,0.31786074672048437,-0.08663641811488743,-0.3416666666666667,-0.09031525134904857,0.30444237340789065,,0.6472184531886025,,
2019-12-31,-0.08036570912579717,-0.011737089201877934,,-0.39016801493466086,-0.11144993525209909,-0.01628574072360507,,-0.24795580110497237,0.3333333333333333,,-0.4364277697611031,,-0.7129909365558912,,-0.34750232702451134,,-0.1349495816348423,-0.09373528026377767,0.303576689647045,-0.018841262364578427,-0.09596133931653435,0.13541959023294975,0.023054070112893642,,-0.1557181485605217,0.4433497536945813,,-0.39069767441860465,-0.10785973397823458,-0.33271332248314345,-0.10465116279069768,0.1724879097259538,,,,0.13965744400527008,,0.0,,,,,-0.20848375451263537,,0.014884297841001589,,,-2.109004739336493,-0.01563876651982379,,,,,-0.08036570912579717,-0.24640252316183717,-0.051351351351351354,0.2164917838051871,,,,0.0091405861894638,0.08282652765710977,,,,0.08464944649446494,,-0.6767123287671233,0.3620819713351773,0.0914572864321608,0.49563318777292575,,0.0,,0.171875,0.9772727272727273,0.8923076923076924,,1.9962616822429906,,0.8008720930232558,,,,,0.3582089552238806,0.9710391822827938,0.09824561403508772,-0.2887491264849755,,,-0.10828025477707007,,0.17543859649122806,,-0.08094692630775105,0.0,-0.13341958437777957,-0.0399223731632936,0.07556453738687285,,0.04848904667070742,-0.15518121490556405,-0.23833167825223436,-0.13763440860215054,0.014388489208633094,-0.2558139534883721,,,,-0.07568113017154389,-0.05478982963787347,0.025,-0.06759443339960239,-1.0810810810810811,,-0.29986431478968795,,
2019-09-30,-0.10576217619504487,-0.04460093896713615,,-0.32296204107031734,-0.17527883370232675,0.037013047099102435,,-0.24220994475138122,0.3333333333333333,,-0.38640371973705306,,-0.7129909365558912,,-0.2035370772572138,,-0.18000429092469428,-0.1210551106924164,0.17912910258676565,-0.005652378709373528,,0.019786696603985406,0.10481283422459893,,-0.07968824558613011,,,-0.5023255813953489,-0.08464328899637243,,-0.07364341085271318,0.09296077377753896,,,,0.059853190287972896,,,,,,,-0.17057761732851986,,-0.05705647505717276,,,,-0.07665198237885462,,,,,-0.10576217619504487,-0.20697811945594322,,0.07374777271827361,,,,0.0182811723789276,,,,,-0.34044280442804425,,-0.267058056099152,0.47472969575056573,0.36180904522613067,0.648471615720524,,-0.1956521739130435,,0.1875,-0.36363636363636365,0.5948717948717949,,0.9586708203530634,,0.16424418604651161,,,,,0.09328358208955224,-0.18739352640545145,0.5964912280701754,0.5190775681341719,,,0.9076433121019108,,-0.49122807017543857,,0.1344024436807942,-0.1956521739130435,0.32425002021508853,0.2639312448017743,0.04393287057376329,,0.32556931336046413,-0.13204015654245363,-0.28166471066173154,,,,,,,0.7315842583249244,0.011642838798048113,-0.2916666666666667,-0.0374893496165862,-0.19881950916433674,,,,
2019-06-30,-0.1266437157853152,-0.0539906103286385,,-0.3789670192906036,-0.2198922260746063,0.06218191912649209,,-0.2585635359116022,0.3333333333333333,,-0.5210838544171877,,-0.7129909365558912,,-0.17375116351225567,,-0.5872130444110706,-0.1747527084314649,0.1720582169583407,-0.754592557701366,,0.018102722424922817,0.14759358288770053,,-0.06473675839032925,,,-0.37378435517970404,-0.05078597339782346,,-0.06976744186046512,0.08973670069854917,,,,0.20139281008846227,,0.0,,,,,0.004512635379061372,,-0.09302686150625994,,,,0.07356828193832599,,,,,-0.1266437157853152,-0.12812931204415534,-0.26112266112266114,0.01672936052266878,,,,0.5758569299362194,,,,,-0.4186715867158672,,-1.0759295499021526,0.8991702288156902,0.4743718592964824,-0.3056768558951965,,-0.10869565217391304,,0.1875,1.25,0.4307692307692308,,1.407268951194185,,0.1875,,,,,-0.6828358208955224,0.23850085178875638,-0.042105263157894736,-0.7248078266946192,,,-0.06687898089171974,,-0.21052631578947367,,-0.16953035509736541,-0.10869565217391304,-0.008894638958518638,0.0399223731632936,0.05799138915736754,,-0.032903281669408604,-0.08779989790709546,-0.19860973187686196,,,,,,,-0.005045408678102927,-0.03698313500556459,-0.15833333333333333,-0.005112184038625391,-0.677228953091022,,,,
2019-03-31,-0.10034426322027203,-0.02112676056338028,,-0.5133789670192906,-0.21120347550022975,0.07180531137225872,,-0.2585635359116022,0.3333333333333333,,-0.5307038640371974,,-0.7129909365558912,,0.1452063295066708,,-0.4520489165415147,-0.1055110692416392,0.10087796829886277,-0.586905322656618,,0.00547291608195341,0.1480689245395128,,0.0427867027198982,,,-0.42790697674418604,-0.025634824667472793,,0.25193798449612403,0.07898979043524987,,,,0.23150762281197063,,,,,,,0.1651624548736462,,-0.10930656226985543,,,,0.01563876651982379,,,,,-0.10034426322027203,0.04928050463236743,,-0.04999010097010493,,,,0.0182811723789276,,,,,0.6086346863468635,,0.9958251793868232,0.525018858436007,0.8984924623115578,0.49344978165938863,,-0.5434782608695652,,0.171875,-0.13636363636363635,0.5128205128205128,,0.7584631360332295,,0.007267441860465116,,,,,0.11567164179104478,-0.29982964224872233,0.34385964912280703,0.47155835080363384,,,0.6847133757961783,,-0.3157894736842105,,-0.041237113402061855,-0.5434782608695652,0.12533354896094445,0.10978652619905739,-0.01230120376065372,,0.1177591133431466,-0.03335034881742385,-0.22749842014986008,,,,,,,0.5802219979818365,0.020203749678965842,-0.20833333333333334,0.042033513206475435,2.4168996582789686,,,,
2018-12-31,-0.20757379084598454,-0.16666666666666666,,-0.3839452395768513,-0.36242115376582146,0.06218191912649209,,-0.4397790055248619,0.3333333333333333,,-0.6371653038319705,,-0.7129909365558912,,-0.17747440273037543,,-0.4340270328255739,-0.12764955252001883,0.06434505921866714,-0.21573245407442299,,-0.11100196463654224,0.19750445632798574,,-0.2244313663114363,,,-0.5378435517970401,0.004353083434099154,,0.2441860465116279,0.19183234819989253,,,,0.2586109542631282,,0.0,,,,,-0.018050541516245487,,-0.1263614868793364,,,,-0.19295154185022026,,,,,-0.20757379084598454,-0.20697811945594322,-0.29625779625779625,-0.01672936052266878,,,,0.03864704129694827,,,,,-0.6932103321033211,,-0.2853228962818004,0.6447070656273574,0.5246231155778894,0.43231441048034935,,-0.8260869565217391,,0.109375,-0.25,-0.41025641025641024,,0.32481827622014536,,0.07994186046511628,,,,,0.0,-0.12265758091993186,0.24561403508771928,0.3234102026554857,,,0.6592356687898089,,0.10526315789473684,,0.050400916380297825,-0.8260869565217391,0.008894638958518638,0.015525367341280842,-0.05799138915736754,,0.18876093168239674,-0.08507742045261188,-0.25638710842285817,,,,,,,1.427850655903128,0.010615529492337985,-0.008333333333333333,-0.007952286282306162,-0.18018018018018017,,,,
2018-09-30,-0.21118573282916644,-0.33568075117370894,,-0.5096453018046049,-0.38531266970215966,0.09808457481262145,,-0.4358011049723757,0.3333333333333333,,-0.719256052589386,,-0.7129909365558912,,-0.15141172820353707,,-0.5850675820639348,-0.11822892133772962,0.08320075422780036,-0.5463966085727744,,-0.08265506595565535,0.2802139037433155,,-0.2244313663114363,,,-0.3890063424947146,-0.07787182587666264,,0.18604651162790697,0.1595916174099946,,,,0.29700734048560135,,,,,,,0.10649819494584838,,-0.1313229194930036,,,,-0.14559471365638765,,,,,-0.21118573282916644,-0.12103291937709443,,-0.07374777271827361,,,,0.012187448252618398,,,,,-0.6253136531365313,,-0.02700587084148728,0.6648227307015339,0.6442211055276382,0.6615720524017468,,-0.2826086956521739,,0.109375,0.7272727272727273,-0.9230769230769231,,0.18359293873312565,,0.2805232558139535,,,,,0.27611940298507465,0.0817717206132879,0.17543859649122806,0.42403913347309574,,,0.6146496815286624,,-0.42105263157894735,,0.08858342878961435,-0.2826086956521739,0.26926497938060967,0.22179096201829776,0.02987435199015904,,0.2701532600225128,0.03403096818104475,-0.2636092804911077,,,,,,,0.893037336024218,0.08423936306823046,-0.25833333333333336,0.09997159897756319,-0.5281143212177695,,,,
2018-06-30,-0.19899542863592753,-0.6126760563380281,,-0.5395146235220909,-0.35857805255023184,0.09956509669658554,,-0.4358011049723757,0.3333333333333333,,-0.7840307840307841,,-0.7129909365558912,,-0.20974247595408005,,-0.6078094829435743,-0.20631182289213376,0.14023923163042837,-0.6151672162034856,,-0.027925905136121247,0.31491384432560904,,-0.1379036106250994,,,0.38054968287526425,-0.16203143893591293,,0.26744186046511625,0.3820526598602902,,,,0.32109919066440806,,0.0,,,,,0.322202166064982,,-0.15675026163804798,,,,-0.0986784140969163,,,,,-0.19899542863592753,0.20067021486300018,-0.43700623700623703,-0.1507622253019204,,,,0.0091405861894638,,,,,-0.13084870848708488,,-0.0426614481409002,0.6909730952979632,0.664321608040201,-0.14192139737991266,,-0.2826086956521739,,0.109375,-0.11363636363636363,0.882051282051282,,0.25088265835929385,,-0.007267441860465116,,,,,-0.3805970149253731,-0.3373083475298126,-1.6421052631578947,-0.3278825995807128,,,0.6464968152866242,,-0.7017543859649122,,-0.019854906452844597,-0.2826086956521739,0.16899814021185414,0.15303576379262546,0.02987435199015904,,0.16105290501342107,-0.12727582099710738,-0.2347205922181096,,,,,,,0.751765893037336,-0.018491567502782295,-0.39166666666666666,-0.030105083783016188,-0.006213109661385523,,,,
2018-03-31,-0.20170438512331396,-0.5140845070422535,,-0.5133789670192906,-0.3405321859726806,0.056629962061626724,,-0.4154696132596685,0.3333333333333333,,-0.9706589706589707,,-0.7129909365558912,,-0.1203847347192057,,-0.22934992490881784,-0.09561940650023551,0.14566024394555419,0.1290626471973622,,-0.0012629806342969408,0.3125371360665478,,-0.08986798154922856,,,-0.023678646934460888,-0.08948004836759371,,0.2131782945736434,0.17893605588393338,,,,0.45661584792019577,,,,,,,0.20397111913357402,,-0.18388309624404048,,,,-0.2691629955947137,,,,,-0.20170438512331396,0.06899270648531441,,-0.15689962383686398,,,,0.006093724126309199,,,,,-0.9146125461254613,,1.016699282452707,0.3087754588886095,0.6904522613065327,0.11135371179039301,,-0.3695652173913043,,0.109375,-0.09090909090909091,0.020512820512820513,,1.861682242990654,,-0.0188953488372093,,,,,-0.5597014925373134,-2.4701873935264054,0.1543859649122807,0.007547169811320755,,,2.7356687898089174,,0.03508771929824561,,0.06567392134402443,-0.3695652173913043,0.22074876687959893,0.18408649847518713,0.015815833406554784,,0.22166421335180536,-0.012931767908797005,-0.16972104360386386,,,,,,,1.7507568113017153,0.051023028850269665,-0.041666666666666664,0.053393922181198525,3.963963963963964,,,,
2017-12-31,-0.1408657373440939,-0.4953051643192488,,-0.6042314872433105,-0.13684782154643052,-0.212825020819839,,0.013259668508287293,0.3333333333333333,,-1.452300785634119,,-0.7129909365558912,,-0.4467887061743717,,0.26496459987127224,-0.10080075365049458,0.2734075776324318,0.26000942063118226,,0.07704181869211339,0.35579322638146166,,0.21552409734372516,,,-0.3501057082452431,-0.12333736396614269,,0.18604651162790697,0.2369693713057496,,,,0.4054206662902315,,0.0,,,,,0.2184115523465704,,-0.24915694406759953,,,,-0.2544052863436123,,,,,-0.1408657373440939,-0.2905578553124384,-0.524948024948025,-0.23450801821421502,,,,-0.0030468620631545996,,,,,-0.9219926199261993,,-1.1463796477495107,-0.08348001005783254,-0.5346733668341709,0.7336244541484717,,0.30434782608695654,,0.0,1.1363636363636365,1.4666666666666666,,0.5665628245067498,,0.25726744186046513,,,,,0.4291044776119403,2.79045996592845,0.24561403508771928,0.5386443046820405,,,-0.3630573248407643,,0.17543859649122806,,-0.18785796105383734,0.30434782608695654,-0.21913155979623192,-0.08317161075686166,0.12476935242948774,,-0.04675729500389644,-1.1230219499744767,-0.6933285185519545,,,,,,,6.685166498486377,-0.9091687355534629,-0.225,-1.445044021584777,-1.2550481515998757,,,,
2017-09-30,0.5049946385236187,0.011737089201877934,,-0.04418170504044804,0.5963490538451899,0.054039048764689554,,-0.4366850828729282,0.3333333333333333,,-0.5916305916305916,,-0.4169184290030212,,0.11045609680421967,,0.5687620682257026,0.329251059821008,0.6549997053797655,0.34762129062647196,,0.657451585742352,0.43612596553773025,,0.29887068554159374,,,-0.11501057082452432,0.7414752116082225,,0.5658914728682171,1.0107469102632993,,,,-0.1893468849990589,,,,,,,0.7572202166064982,,0.5973874956393659,,,,0.5561674008810573,,,,,0.5049946385236187,0.17307313226887444,,0.569293209265492,,,,0.006093724126309199,,,,,0.921549815498155,,0.5078930202217874,-0.2695499119939653,-0.08341708542713568,0.5917030567685589,,0.6956521739130435,,0.015625,-0.25,-1.2102564102564102,,1.6456905503634476,,-0.10901162790697674,,,,,0.43656716417910446,-0.11925042589437819,-0.5824561403508772,0.7091544374563242,,,0.6624203821656051,,-0.10526315789473684,,0.14967544864452081,0.6956521739130435,0.3452737122988599,0.32381480454671474,0.1880326860557069,,0.2978612866914884,0.564233452441722,0.09027715085311908,,,,,,,0.5297679112008072,0.35647632908141424,0.14166666666666666,0.5288270377733598,-0.062131096613855234,,,,
2017-06-30,0.2380495513290818,-0.34976525821596244,,-0.06782825140012445,0.21872258657420945,-0.007032478948829462,,-0.4269613259668508,0.3333333333333333,,-0.6891133557800224,,-0.4169184290030212,,-0.11914365497983245,,0.4293070156618751,0.20913801224682055,0.40021212656885274,0.6443711728685821,,0.30213303396014596,0.4655971479500891,,0.190074757435979,,,0.1843551797040169,0.5634824667472793,,0.46124031007751937,0.5733476625470177,,,,-0.24581215885563712,,0.0,,,,,0.48826714801444043,,0.28373192759409277,,,,0.1299559471365639,,,,,0.2380495513290818,0.1667652276759314,0.07713097713097714,0.3388437933082558,,,,0.0030468620631545996,,,,,0.2263468634686347,,-0.9532941943900848,0.10761880814684435,-0.2693467336683417,-0.4650655021834061,,0.41304347826086957,,0.0,-0.3409090909090909,-1.323076923076923,,1.3175493250259604,,0.42877906976744184,,,,,-1.4701492537313432,0.2010221465076661,0.007017543859649123,-1.1608665269042628,,,0.321656050955414,,-0.21052631578947367,,0.08705612829324169,0.41304347826086957,0.28705425729764694,0.26947601885223177,0.14234250065899307,,0.2580309983548359,0.46962736089841756,0.018055430170623814,,,,,,,0.3481331987891019,0.3010016265730674,-0.15833333333333333,0.46009656347628514,-0.6585896241068655,,,,
2017-03-31,0.2424516056210847,-0.5563380281690141,,-0.0939639079029247,0.21604912485901667,-0.018136393078560194,,-0.4251933701657459,0.3333333333333333,,-0.7231040564373897,,-0.4169184290030212,,0.3462612472851381,,-0.07187298862904956,0.3457371643900141,0.20976960697660715,-0.7074894017899199,,0.18060623070446252,0.4651218062982769,,0.21647844759026563,,,0.00507399577167019,0.5257557436517534,,0.5077519379844961,0.5443310048361096,,,,-0.2277432712215321,,,,,,,0.5171480144404332,,0.2769099577503004,,,,0.38370044052863433,,,,,0.2424516056210847,0.3788685196136408,,0.3301326470005939,,,,-0.006093724126309199,,,,,-0.10132841328413283,,0.763600782778865,-0.17701785265275333,0.10753768844221105,0.5218340611353712,,0.43478260869565216,,0.0,-0.09090909090909091,0.9333333333333333,,0.36386292834890965,,-0.07994186046511628,,,,,0.3880597014925373,0.22487223168654175,-0.04912280701754386,0.5917540181691126,,,0.06687898089171974,,-0.03508771929824561,,-0.030546009927453228,0.43478260869565216,0.16252931187838604,0.18519545328527862,0.1458571303048941,,0.11602736167633561,0.5404117747149907,0.07222172068249526,,,,,,,0.11604439959636731,0.308535228148275,-0.075,0.5163305879011645,-0.5778191985088537,,,,
2016-12-31,0.1985439358880298,-0.528169014084507,,0.04418170504044804,0.22273277914699863,-0.09105209586379198,,0.5790055248618785,0.3333333333333333,,-0.727593394260061,,-0.4169184290030212,,-0.004964318957493019,,-0.059429307015661875,,0.30687643627364325,-0.5511069241639189,,0.21681167555430816,0.39334521687462864,,0.21965961507873388,,,0.2824524312896406,0.5567110036275695,,0.4496124031007752,0.5432563138097797,,,,-0.25710521362695277,,0.0,,,,,0.4684115523465704,,0.21504709484863754,,,,0.38612334801762116,,,,,0.1985439358880298,0.28503843879361324,0.005405405405405406,0.27054048703227085,,,,-0.006009088391918891,,,,,-0.7064944649446494,,-0.02700587084148728,-0.15690218757857682,-0.17688442211055277,0.519650655021834,,0.6086956521739131,,-0.109375,0.4090909090909091,-0.5846153846153846,,1.7711318795430946,,0.2136627906976744,,,,,0.3358208955223881,3.9352640545144806,0.08421052631578947,0.306638714185884,,,-1.4235668789808917,,0.14035087719298245,,0.07483772432226041,0.6086956521739131,0.19487345354572652,0.21624618796784031,0.17397416747210262,,0.13680838167806736,0.53224434235154,0.06138846258012097,,,,,,,-4.142280524722502,0.3263419227805839,0.008333333333333333,0.5066742402726498,-3.91425908667288,,,,
2016-09-30,0.31017551780574526,-1.147887323943662,,0.18730553827006846,0.3766239191277831,-0.058480614416581846,,-0.08883977900552487,0.3333333333333333,,-0.06573673240339907,,-0.4169184290030212,,0.019857275829972074,,0.12980047200171638,0.3391427225624117,0.3888987095633728,-0.7508243052284503,,0.3200954252034802,0.41853832442067734,,0.5005567043104819,,,-0.05919661733615222,0.4744860943168077,,0.47674418604651164,0.29607737775389575,,,,-1.007716920760399,,,,,,,0.5361010830324909,,0.23148184038141012,,,,0.4918502202643172,,,,,0.31017551780574526,0.14153360930415929,,0.3568600277172837,,,,0.0030468620631545996,,,,,-0.30206642066420664,,0.1817351598173516,-0.21724918280110636,-0.15678391959798996,0.7751091703056768,,0.43478260869565216,,-0.09375,0.8181818181818182,0.10256410256410256,,0.5100726895119418,,0.03924418604651163,,,,,0.7164179104477612,0.017035775127768313,-0.16140350877192983,0.8013976240391335,,,0.49363057324840764,,-0.5263157894736842,,0.1145475372279496,0.43478260869565216,0.36791461146599824,0.3260327141668977,0.1458571303048941,,0.30478829335873237,0.5002552322613578,0.09388823688724383,,,,,,,0.17658930373360243,0.32565704991011046,-0.30833333333333335,0.4907696677080375,-0.4659832246039143,,,,
2016-06-30,0.29505051075117106,-1.1854460093896713,,0.40510267579340387,0.3701073561970007,-0.10141574905154067,,-0.07160220994475137,0.3333333333333333,,-0.17476350809684144,,-0.4169184290030212,,-0.05460750853242321,,0.34563398412357865,0.3094677343382007,0.3910199752519003,-0.26189354686764016,,0.3057816446814482,0.45133689839572194,,0.5282328614601559,,,-0.1471458773784355,0.48029020556227325,,0.5465116279069767,0.30467490596453517,,,,-1.0190099755317146,,0.0,,,,,0.5956678700361011,,0.19721694639327106,,,,0.3724669603524229,,,,,0.29505051075117106,0.05322294500295683,0.04449064449064449,0.3077608394377351,,,,-0.006093724126309199,,,,,0.21749077490774907,,0.23392041748206133,-0.2977118430978124,-0.21708542713567838,0.5655021834061136,,0.5434782608695652,,-0.109375,1.0909090909090908,3.7948717948717947,,1.4895119418483904,,0.32994186046511625,,,,,0.5111940298507462,3.2776831345826234,0.22456140350877193,0.253529000698812,,,-0.5127388535031847,,-0.2807017543859649,,-0.05956471935853379,0.5434782608695652,0.20457669604592868,0.21957305239811478,0.16343027853439943,,0.09524634167460386,0.36957631444614597,0.2238873341157353,,,,,,,-0.6508577194752775,0.21847444568102045,-0.19166666666666668,0.37773359840954274,-1.627834731283007,,,,
2016-03-31,0.2866978949150629,-1.232394366197183,,0.4299937772246422,0.27235891223526465,0.05959100582955492,,0.7116022099447514,0.3333333333333333,,0.13435946769280102,,-0.4169184290030212,,-0.1538938876822836,,0.49839090323964813,,0.3573154204230747,0.3127649552520019,,0.2431939376929554,0.447534165181224,,0.39017019246063306,,,-0.00507399577167019,0.958162031438936,,0.6511627906976745,0.6324556689951639,,,,-1.0483719179371354,,,,,,,0.48465703971119134,,0.253033063297027,,,,0.16519823788546256,,,,,0.2866978949150629,0.056376897299428345,,0.38319144723817067,,,,0.006093724126309199,,,,,-0.25040590405904056,,-0.17573385518590998,-0.22026653256223283,-0.2974874371859296,0.38427947598253276,,0.41304347826086957,,-0.09375,-0.2727272727272727,0.8,-0.25,0.029906542056074768,,0.40261627906976744,,,,,0.5261194029850746,0.0,-0.3719298245614035,,,,0.06687898089171974,,-0.24561403508771928,,-0.1664757541046201,0.41304347826086957,0.07681733645993369,0.12531189354033823,0.14234250065899307,,-0.02770802666897567,0.5826101752594861,0.12999909722849146,,,,,,,0.3481331987891019,0.3013440630083041,-0.175,0.5549559784152229,-0.16775396085740912,,,,
2015-12-31,0.28105423556634124,-1.2089201877934272,,0.44492843808338517,0.2661765320188813,0.04034422133802165,,-0.4375690607734807,0.3333333333333333,,0.09908609908609908,,-0.4169184290030212,,-0.05833074775054297,,0.6605878566831153,0.47715496938294866,0.39809086088032525,0.6038624587847385,,0.31335952848722987,0.48508615567439095,,0.3644027358040401,,,-0.24862579281183933,0.8536880290205562,,0.624031007751938,0.6131112305212252,,,,-1.1055900621118013,,0.0,,,,,1.1010830324909748,,0.25783945114151713,,,,0.07378854625550661,,,,,0.28105423556634124,0.0035481963335304554,-0.0010395010395010396,0.26440308849732724,,,,-0.02179678198305028,,,,,-0.07033210332103321,,-0.4314416177429876,-0.04425446316318833,-0.2201005025125628,0.36026200873362446,,-0.15217391304347827,,-0.1875,-0.06818181818181818,-0.2358974358974359,-0.2,-0.2583592938733126,,0.34738372093023256,,,,,0.19402985074626866,0.858603066439523,-0.6666666666666666,-0.0259958071278826,,,0.31210191082802546,,-0.3157894736842105,,0.16036655211912945,-0.15217391304347827,0.49890838521872727,0.3859162739118381,0.05096212986556541,,0.34635033336219584,0.38727241790028927,0.16972104360386386,,,,,,,1.4783047426841573,0.27703107610649774,-0.20833333333333334,0.39307015052541894,-1.093507300403852,,,,
2015-09-30,0.29798521361250635,-1.0352112676056338,,0.49595519601742377,0.2427837420109445,0.1950587582122698,,-0.4300552486187845,0.3333333333333333,,0.244668911335578,,0.5377643504531722,,0.1588582066397766,,0.482085389401416,0.377296278850683,0.3311531435979023,0.3881300047103156,,0.2827673309009262,0.5164587046939988,,0.47701606489581677,,,-0.3010570824524313,0.8575574365175332,,0.6046511627906976,0.6217087587318646,,,,-1.0114812723508375,,,,,,,0.9611913357400722,,0.22621031822938872,,,,0.13458149779735684,,,,,0.29798521361250635,0.11709047900650503,,0.19451593743813106,,,,0.0639841033262466,,,,,0.15845018450184503,,1.108023483365949,-0.46165451345235103,-0.044221105527638194,0.9847161572052402,,0.2608695652173913,,-0.171875,1.25,1.7538461538461538,-0.47,-0.3131879543094496,,0.050872093023255814,,,,,0.7276119402985075,0.58603066439523,-0.49122807017543857,1.0585604472396926,,,0.08598726114649681,,-0.3508771929824561,,0.09163802978235967,0.2608695652173913,0.3921727177165036,0.33379539783753814,0.11774009313768562,,0.2701532600225128,0.635698485621916,0.2166651620474858,,,,,,,-0.12613521695257315,0.3869531718174814,-0.225,0.6009656347628515,-1.174277726001864,,,,
2015-06-30,0.47677634178001016,-1.0821596244131455,,0.85065339141257,0.4033585362797109,0.3049875080966041,,-0.4393370165745856,0.3333333333333333,,0.1728395061728395,,0.5377643504531722,,-0.3561898852001241,,0.4945290710148037,0.4178049929345266,0.4442873136527017,0.10456900612341027,,0.30101038450743756,0.5620915032679739,,0.5708605058056306,,,-0.32473572938689216,1.2444981862152358,,0.8527131782945736,0.906501880709296,,,,-0.7758328627893846,,0.0,,,,,1.2256317689530687,,0.4260630256986705,,,,0.3398678414096916,,,,,0.47677634178001016,-0.22117090479006504,0.1286902286902287,0.3879429815878044,,,,0.1035933101472564,,,,,-0.16774907749077492,,-0.7967384213959556,-0.14483278853407092,-0.46130653266331656,-0.6790393013100436,,0.6086956521739131,,-0.125,-0.1590909090909091,-0.676923076923077,-2.18,-0.16614745586708204,,0.1380813953488372,,,,,-1.7388059701492538,-0.3270868824531516,-0.23859649122807017,-1.1552760307477288,,,0.7802547770700637,,-0.17543859649122806,,0.21534936998854526,0.6086956521739131,0.48758793563515807,0.4169670085943998,0.17397416747210262,,0.4017663867001472,0.6772162668027906,-0.06499954861424573,,,,,,,0.6306760847628657,0.43386696344491055,-0.14166666666666666,0.6327747798920761,-0.6710158434296365,,,,
2015-03-31,0.41051978102601727,-0.9882629107981221,,0.5556938394523958,0.31346338610635366,0.3634681225131859,,-0.4393370165745856,0.3333333333333333,,0.2786596119929453,,0.513595166163142,,0.03475023270245113,,0.5026818279339198,0.4790390956194065,0.28472099463791173,-0.053697597739048517,,0.1994106090373281,0.6081996434937611,,0.6112613329091777,,,-0.0828752642706131,1.1767835550181378,,0.748062015503876,0.9677592692101021,,,,-0.8541313758705064,,,,,,,1.05956678700361,,0.31536106050622115,,,,0.2171806167400881,,,,,0.41051978102601727,0.13995663315592352,,0.27073846763017223,,,,0.13710879284195698,,,,,0.18206642066420664,,-0.5018917155903457,0.058335428715111895,-0.14472361809045226,-0.05895196506550218,,0.5869565217391305,,-0.140625,-0.5227272727272727,-3.0358974358974358,0.19,0.29574247144340604,,0.34156976744186046,,,,,-0.7835820895522388,-0.1839863713798978,0.028070175438596492,-0.5570929419986024,,,0.6242038216560509,,0.0,,0.16494845360824742,0.5869565217391305,0.3420392981321258,0.3160521208760743,0.17045953782620157,,0.33595982336133,0.7888378424366174,0.1263880111943667,,,,,,,0.3884964682139253,0.4770139542847359,-0.058333333333333334,0.7230900312411247,-0.14290152221186703,,,,
2014-12-31,0.519893899204244,-0.8943661971830986,,0.39639079029247043,0.42691841764484734,0.456000740260942,,0.6996685082872928,0.3333333333333333,,0.3357383357383357,,0.49244712990936557,,0.28544834005584857,,0.6807552027461918,,0.3448235224795239,0.23080546396608573,,0.32767330900926184,0.5597147950089126,,0.6697948146969938,,,0.13192389006342495,1.0819830713422007,,0.7286821705426356,1.2117141321869962,,,,-0.6561264822134387,,0.0,,,,,-0.33664259927797835,,0.4370712043102446,,,,0.2753303964757709,,,,,0.519893899204244,0.3993692095407057,0.48440748440748443,0.7266877845971095,,,,0.15034688444608885,,,,,-0.6016974169741698,,-0.31663405088062624,0.19009303495096808,0.05829145728643216,0.2423580786026201,,0.8043478260869565,,-0.671875,0.8863636363636364,0.15384615384615385,-1.14,-0.3904465212876428,,0.3648255813953488,,,,,-0.2462686567164179,0.027257240204429302,-0.6596491228070176,-0.19371069182389938,,,0.9394904458598726,,-0.5614035087719298,,0.14509354715540282,0.8043478260869565,0.416430823967009,0.37815359024119766,0.2056058342852122,,0.3411550783617629,0.8875276501616471,0.2058319039451115,,,,,,,0.5903128153380424,0.5276945466997689,-0.325,0.8145413234876455,0.15532774153463808,,,,
2014-09-30,0.5218127433828094,-0.8849765258215962,,0.09520846297448662,0.3894899536321484,0.50226704913482,,0.6718232044198895,0.3333333333333333,,0.27224627224627224,,0.5226586102719033,,0.448029785913745,,0.7133662304226561,,0.36297212892581465,0.4324069712670749,,0.38605108055009824,0.5768270944741533,,0.6891999363766502,,,0.09302325581395349,1.1264812575574366,,0.8798449612403101,1.1311123052122514,,,,-0.5733107472237907,,,,,,,-0.490072202166065,,0.4302492344664522,,,,0.2092511013215859,,,,,0.5218127433828094,0.4845259215454366,,0.7100574143733914,,,,0.24070210298921338,,,,,-0.8614760147601476,,0.42961513372472276,0.03419663062610007,0.1899497487437186,0.6528384279475983,,0.8913043478260869,,-0.671875,-0.5454545454545454,-1.4461538461538461,-0.54,-0.4261682242990654,,-0.059593023255813955,,,,,0.33955223880597013,-1.2776831345826236,0.2736842105263158,0.7399021663172607,,,1.4872611464968153,,-0.3508771929824561,,0.23520427644138983,0.8913043478260869,0.3937899247998706,0.36706404214028276,0.21966435286881644,,0.43293791670274484,1.0617662072485963,0.2238873341157353,,,,,,,0.3481331987891019,0.633507405187912,-0.225,0.9565464356716842,1.4911463187325256,,,,
2014-06-30,0.5726056775213049,-0.8098591549295775,,0.13005600497822029,0.4743723630895192,0.4334227815304895,,0.6360220994475139,0.3333333333333333,,-0.04072470739137406,,0.5226586102719033,,0.2556624263108905,,0.5391546878352285,,0.5543574332685168,0.19500706547338673,,0.5704462531574516,0.6476530005941771,,0.5365038969301734,,,-0.3501057082452431,1.0626360338573155,,0.7596899224806202,1.0526598602901667,,,,-0.45812158855637114,,0.0,,,,,-0.4052346570397112,,0.574440869801155,,,,0.4105726872246696,,,,,0.5726056775213049,0.15572639463828108,0.5835758835758835,0.82112452979608,,,,0.2041397582313582,,,,,-0.1588929889298893,,0.291324200913242,-0.06839326125220015,0.034170854271356785,-0.5065502183406113,,1.0434782608695652,,-0.671875,-0.3409090909090909,-0.5333333333333333,,1.1904465212876427,,0.02180232558139535,,,,,-1.6380597014925373,-0.14991482112436116,-0.22456140350877193,-0.8226415094339623,,,0.8885350318471338,,-0.10526315789473684,,0.3146239022527682,1.0434782608695652,0.48758793563515807,0.43914610479622956,0.24426676039012388,,0.5108667417092388,0.9426578186149396,-0.018055430170623814,,,,,,,1.0040363269424823,0.5889906686071398,-0.10833333333333334,0.8531667140017041,-0.3976390183286735,,,,
2014-03-31,0.7464303854619335,-0.8380281690140845,,0.16988176726820162,0.7094699026692844,0.42676043305265104,,-0.08441988950276243,0.3333333333333333,,-0.12602212602212604,,0.5226586102719033,,0.1290722928948185,,1.042480154473289,0.30475741874705603,0.5223027517529903,0.17616580310880828,,0.5036486107213023,0.6756981580510992,,0.7216478447590265,,,-0.016913319238900635,0.9629987908101572,,0.6705426356589147,1.5921547555077915,,,,-0.41596085074345945,,,,,,,0.6642599277978339,,0.7229737586728168,,,,0.4621145374449339,,,,,0.7464303854619335,0.2306327616794796,,0.7666798653731934,,,,0.19195230997873977,,,,,-0.1795571955719557,,-0.5723418134377039,0.16193110384712095,-0.06834170854271357,-0.5305676855895196,,0.7608695652173914,,-0.671875,0.0,-1.8256410256410256,,0.6953271028037383,,-0.29796511627906974,,,,,-2.2388059701492535,0.7052810902896082,0.20350877192982456,-0.5459119496855346,,,-0.06687898089171974,,-0.14035087719298245,,0.2764413898434517,0.7608695652173914,0.44554055146761545,0.3958968672026615,0.19857657499341008,,0.4693047017057754,0.9256423345244172,0.16249887153561435,,,,,,,-0.035317860746720484,0.572211283280541,-0.125,0.8395342232320363,-1.7396707051879465,,,,
2013-12-31,0.6829956543823015,-0.8192488262910798,,-0.17361543248288736,0.6138936463511425,0.4774683075784214,,-0.07337016574585635,0.3333333333333333,,-0.08882475549142216,,0.9879154078549849,,0.41327955321129384,,0.9622398626904097,0.33113518605746584,0.36556478698957046,0.27508243052284503,,0.38127982037608754,0.6728461081402258,,0.6421186575473199,,,0.06257928118393234,0.747279322853688,,0.6589147286821705,1.1912950026867275,,,,-0.35196687370600416,,0.0,,,,,0.48826714801444043,,0.6745997906895617,,,,0.3773127753303965,,,,,0.6829956543823015,0.4482554701360142,0.4762993762993763,0.7189665412789547,,,,0.2650769994944502,,,,,-0.7242066420664207,,-0.9898238747553816,0.5531807895398542,0.16180904522613065,0.4606986899563319,,0.8913043478260869,,-0.765625,0.7727272727272727,0.5333333333333333,-2.05,-0.48598130841121495,,0.45494186046511625,,,,,0.6753731343283582,0.9574105621805792,0.16842105263157894,-0.0008385744234800838,,,-0.6242038216560509,,-0.631578947368421,,0.047346315387552504,0.8913043478260869,0.21427993854613084,0.24397005822012752,0.21966435286881644,,0.23378647501948221,0.6921898928024502,0.3213866570371039,,,,,,,0.005045408678102927,0.4081842308021573,-0.35833333333333334,0.6526554955978415,-1.7023920472196334,,,,
2013-09-30,0.7776962582538518,-0.687793427230047,,-0.3478531425015557,0.7014495175237061,0.6562413250670861,,-0.07292817679558011,0.3333333333333333,,0.04329004329004329,,1.9516616314199395,,0.89605957182749,,1.1149967818064792,0.39472444653791805,0.270814919568676,0.5793688177107866,,0.3776312096547853,0.8216280451574569,,0.8049944329568952,,,0.4515856236786469,0.7114873035066506,,0.7635658914728682,1.0806018269747448,,,,-0.37907020515716167,,,,,,,0.34386281588447654,,0.7252994302104733,,,,0.4143171806167401,,,,,0.7776962582538518,0.9363295880149812,,0.7130271233419125,,,,0.26203013743129555,,,,,0.2573431734317343,,1.1210697977821265,0.13075182298214735,0.5527638190954773,0.8537117903930131,,1.0869565217391304,,-0.78125,0.4090909090909091,-0.15384615384615385,0.09,-0.47102803738317756,,-0.10901162790697674,,,,,0.2126865671641791,0.5281090289608177,-0.1543859649122807,1.0445842068483577,,,0.7866242038216561,,0.2807017543859649,,0.4948453608247423,1.0869565217391304,0.6929732352227703,0.5822012752980316,0.251296019681926,,0.6961641700580137,0.6602007827122681,0.10472149498961812,,,,,,,0.6912209889001009,0.48352024655423337,0.075,0.6111900028401023,-1.1245728487107798,,,,
2013-06-30,0.730966758846436,-0.2981220657276995,,0.05164903546981954,0.6588412214378211,0.6325529749236606,,0.7102762430939227,0.3333333333333333,,-0.002244668911335578,,2.1268882175226587,,0.3748060812907229,,1.22827719373525,,0.377820988745507,1.0861987753179463,,0.38717373000280664,0.8349376114081997,,0.6647049467154446,,,0.12177589852008457,0.7995163240628779,,0.9651162790697675,1.5814078452444922,,,,-0.3948804818370036,,0.0,,,,,-0.6732851985559567,,0.729485638978255,,,,0.3,,,,,0.730966758846436,0.4514094224324857,0.6334719334719334,0.8686398732924173,,,,0.27421758568391397,,,,,-1.8356457564575646,,-1.7752120026092628,0.8247422680412371,0.1306532663316583,0.22489082969432314,,1.326086956521739,,-0.765625,0.09090909090909091,1.9487179487179487,,0.7144340602284528,,-0.5276162790697675,,,,,-0.5932835820895522,0.18057921635434412,-0.631578947368421,0.6420684835779176,,,0.8598726114649682,,0.14035087719298245,,0.4658266513936617,1.326086956521739,0.6185817093878871,0.5433878569448295,0.2899569457868377,,0.670187895055849,0.7146503318019398,0.06499954861424573,,,,,,,0.23713420787083753,0.5057786148446195,0.008333333333333333,0.6589037205339392,-0.8201304753028891,,,,
2013-03-31,0.9433940967323212,-0.25586854460093894,,0.35780958307405103,0.9843351852625423,0.5896178402887018,,-0.41944751381215467,0.3333333333333333,,-0.10934744268077601,,2.1268882175226587,,1.2311511014582688,,1.6629478652649645,0.467263306641545,0.40704731600966354,1.6269430051813472,,0.6156328936289643,0.865359477124183,,1.1253379990456498,,,0.37209302325581395,1.0084643288996373,,0.9341085271317829,1.9349811929070393,,,,-0.4046677959721438,,,,,,,-0.5171480144404332,,0.7967750688011164,,,,0.5059471365638767,,,,,0.9433940967323212,1.1121624285432683,,0.8971490793902197,,,,0.26812386155760476,,,,,0.6868634686346864,,0.8992824527071103,0.4878048780487805,0.8241206030150754,0.33624454148471616,,1.2608695652173914,,-0.765625,0.18181818181818182,0.8512820512820513,,1.006853582554517,,0.12936046511627908,,,,,-0.5485074626865671,0.07836456558773425,0.3087719298245614,0.15290006988120194,,,0.5095541401273885,,0.21052631578947367,,0.2168766704849179,1.2608695652173914,0.35659416188242904,0.36041031327973383,0.27941305684913453,,0.3844488700320374,0.9610345414327037,0.17694321567211338,,,,,,,0.2472250252270434,0.5732385925862512,0.041666666666666664,0.8633910820789549,-0.30444237340789065,,,,
2012-12-31,0.8431627066990236,-0.19953051643192488,,-0.001866832607342875,0.8738877981536405,0.5659294901452762,,0.8061878453038674,0.3333333333333333,,-0.16193682860349526,,2.1268882175226587,,0.8203537077257214,,1.2480154473288994,,0.3646220022391138,0.910032972209138,,0.4722144260454673,0.8957813428401664,,0.8730714172101162,,,0.10993657505285412,1.0848851269649336,,0.9883720930232558,1.598602901665771,,,,-0.3805759457933371,,0.0,,,,,-0.5342960288808665,,0.7820458157292919,,,,0.5733480176211454,,,,,0.8431627066990236,0.7289572245219791,0.6428274428274429,0.8775490001979805,,,,0.2864050339365324,,,,,-0.5692250922509225,,0.09562948467058056,0.4646718632134775,0.4914572864321608,0.4104803493449782,,1.8478260869565217,,-0.765625,1.0454545454545454,-0.09230769230769231,3.55,-0.16199376947040497,,0.44622093023255816,,,,,-0.011194029850746268,-0.4497444633730835,-0.7719298245614035,-0.05674353598881901,,,1.4394904458598725,,8.631578947368421,0.22250639386189258,0.49942726231386025,1.8478260869565217,0.6994420635562384,0.6254505128915997,0.3743080572884632,,0.6788466533899039,1.0883103624298112,0.15166561343324006,,,,,,,1.3269424823410696,0.6954883999657564,0.2916666666666667,0.9610905992615734,0.28580304442373405,,,,
2012-09-30,0.7896608160731419,-0.04460093896713615,,-0.13254511512134412,0.7408830778227996,0.5122605718515777,,0.8225414364640884,0.3333333333333333,,-0.2741702741702742,,2.0302114803625377,,0.7868445547626435,,0.9077451190731602,,0.41506098638854516,0.42110221384832786,,0.5246982879595846,0.8658348187759952,,0.9427389852075712,,,0.40930232558139534,1.045223700120919,,1.0930232558139534,1.2643739924771629,,,,-0.36928289102202144,,,,,,,-0.6046931407942239,,0.6745997906895617,,,,0.5726872246696035,,,,,0.7896608160731419,0.8472304356396609,,0.7926153236982776,,,,0.26203013743129555,,,,,-0.6946863468634686,,0.5887801696020875,0.24742268041237114,0.464321608040201,1.203056768558952,,1.326086956521739,,,1.0227272727272727,0.2564102564102564,-0.16,-0.2043613707165109,,0.024709302325581394,,,,,0.7761194029850746,6.068143100511073,-0.631578947368421,1.3632424877707896,,,-4.426751592356688,,0.3157894736842105,,0.5971744940817105,1.326086956521739,0.7900056602247918,0.6609370668145274,0.2899569457868377,,0.8104597800675383,1.0127616130678918,0.2636092804911077,,,,,,,1.1957618567103936,0.6835031247324715,0.09166666666666666,0.9048565748366941,-11.456974215594904,,,,
2012-06-30,0.9468931655285286,0.16666666666666666,,-0.03546981953951462,0.6954342286645223,1.1411122420653281,,0.692596685082873,0.3333333333333333,,0.750681417348084,,7.570996978851964,,0.5187713310580204,,0.6987770864621325,,0.5050969300571563,0.3862458784738578,,0.5712882402469829,0.8948306595365418,,0.8259901383807857,,,0.426215644820296,1.003627569528416,,1.2093023255813953,1.0967221923696937,,,,-0.3391680782985131,,0.0,,,,,-0.40342960288808666,,0.9474785844412574,,,,0.6200440528634361,,,,,0.9468931655285286,0.6848018923713779,0.4731808731808732,0.7159968323104335,,,,0.32601424075754215,,,,,-1.311660516605166,,0.12694063926940638,0.20819713351772692,0.24723618090452262,0.2685589519650655,,1.6304347826086956,,,-0.45454545454545453,0.5641025641025641,-1.77,-0.6072689511941849,,-0.027616279069767442,,,,,0.22388059701492538,-0.6609880749574105,0.2807017543859649,0.2171907756813417,,,0.19745222929936307,,0.6666666666666666,,0.12065673921344025,1.6304347826086956,0.2595617368804075,0.31272525644579985,0.3391617608294526,,0.25283574335440295,0.9630763995235665,0.2058319039451115,,,,,,,0.18668012108980828,0.5482407328139715,0.25833333333333336,0.8577108775915933,-0.4970487729108419,,,,
2012-03-31,1.2496190529939613,0.3685446009389671,,0.3466085874299938,0.98149463219015,1.276579994448043,,-0.3540331491712707,0.3333333333333333,,0.6608946608946609,,7.362537764350453,,0.47036922122246355,,1.1016949152542372,0.8822421102213849,0.6342584408697189,0.3080546396608573,,0.7141453831041258,0.9975044563279858,,1.2210911404485447,,,1.8756871035940803,1.1071342200725514,,1.1046511627906976,0.9279957012358947,,,,-0.12083568605307736,,,,,,,0.37093862815884476,,1.1707430520562812,,,,0.7903083700440529,,,,,1.2496190529939613,1.3297851369998028,,0.8134032864779251,,,,0.3778108958311704,,,,,0.06988929889298894,,-0.016568819308545337,0.22428966557706814,0.20804020100502513,0.39956331877729256,,1.934782608695652,,,0.022727272727272728,-1.5179487179487179,,0.17279335410176533,,0.22529069767441862,,,,,-1.212686567164179,-0.24190800681431004,-0.631578947368421,0.14171907756813418,,,2.0191082802547773,,1.1228070175438596,,0.7101947308132875,1.934782608695652,0.8757176356432441,0.7507624064319379,0.38836657587206747,,0.8987791150748983,1.082184788157223,0.31777557100297915,,,,,,,2.114026236125126,0.735895899323688,0.475,0.9497301902868504,0.8822615719167444,,,,
2011-12-31,1.2385574806704667,0.44366197183098594,,0.5731176104542626,1.0891014662266594,1.0755991486999168,,-0.34651933701657456,0.3333333333333333,,0.44219977553310885,,7.365558912386707,,0.4976729754886752,,1.302510190946149,0.9778615167216204,0.7087384361557951,0.5360339142722562,,0.8090092618579848,1.0255496137849078,,1.1157944965802449,,,1.2262156448202959,0.932043530834341,,1.065891472868217,0.9344438473938743,,,,-0.2586109542631282,,0.0,,,,,0.463898916967509,,1.2068684832745455,,,,0.8290748898678414,,,,,1.2385574806704667,1.0443524541691307,0.604989604989605,0.8415165313799248,,,,0.3717171717048612,,,,,1.5872324723247233,,-4.363600782778865,1.922051797837566,0.23015075376884422,0.2445414847161572,,0.9565217391304348,,30.171875,-0.25,-0.10256410256410256,0.0,3.0247144340602286,,0.2805232558139535,,,,,0.6940298507462687,-2.1396933560477,0.23859649122807017,-0.10985324947589098,,,1.6592356687898089,,11.789473684210526,0.5191815856777494,0.766704849179076,0.9565217391304348,0.9274682623109889,0.7363459939007485,0.23020824180651964,,0.9264871417438739,0.674493789348307,0.350275345310102,,,,,,,1.1049445005045408,0.5362554575806866,0.825,0.5975575120704345,0.03727865796831314,,,,
2011-09-30,0.7362717986342344,0.10093896713615023,,0.015556938394523958,0.3241572329671248,1.1818265938743406,,-0.32795580110497236,0.3333333333333333,,0.5762385762385762,,-0.14803625377643503,,2.5851690971144894,,0.7854537652864192,0.6311822892133773,-0.08720758941724117,0.2694300518134715,,0.3332865562728038,1.0193701723113489,,1.3826944488627326,,,0.7137420718816068,0.7753325272067715,,0.5968992248062015,0.6894142933906502,,,,-0.23527197440240918,,,,,,,-0.13176895306859207,,0.38683669909686424,,,,0.08612334801762114,,,,,0.7362717986342344,2.131677508377686,,0.4617897446050287,,,,0.3564828613890882,,,,,-0.38767527675276753,,-0.5801696020874103,2.1553935126980135,1.9206030150753768,1.4497816593886463,,1.173913043478261,,,-0.4090909090909091,0.38974358974358975,-0.73,0.3173416407061267,,0.9055232558139535,,,,,0.9664179104477612,0.6916524701873935,0.7298245614035088,0.8321453529000699,,,0.28343949044585987,,1.263157894736842,,0.6216113020236732,1.173913043478261,0.7948572814748929,0.6565012475741614,0.2653545382655303,,0.7914105117326176,0.8800408371618172,0.37555294754897534,,,,,,,0.2674066599394551,0.6129612190737095,0.5416666666666666,0.7787560352172678,-2.093817955886921,,,,
2011-06-30,0.9340256222134432,0.2605633802816901,,-0.3242065961418793,0.4531517607251765,1.4327750532062553,,-0.3407734806629834,0.3333333333333333,,0.6602533269199936,,-0.08459214501510574,,2.8730995966490847,,0.7648573267539155,0.5011775788977861,-0.01060632844263744,0.4173339613754122,,0.48961549256244735,1.0659536541889483,,1.4164148242404964,,,1.014799154334038,1.0142684401451028,,0.5426356589147286,0.7968833960236432,,,,0.10276679841897234,,0.0,,,,,-0.4566787003610108,,0.6420403891623706,,,,0.26674008810572686,,,,,0.9340256222134432,2.454957618766016,0.5667359667359667,0.8050881013660661,,,,0.38390461995747954,,,,,1.61380073800738,,4.241748206131768,0.5300477747045512,2.1537688442211054,0.4606986899563319,,1.0,,,-0.1590909090909091,-0.29743589743589743,0.19,1.3823468328141226,,0.1119186046511628,,,,,-0.5447761194029851,-0.12265758091993186,-0.38596491228070173,0.32900069881201954,,,1.5477707006369428,,1.4736842105263157,,0.6200840015273005,1.0,0.7738335893911216,0.6332131965622401,0.23723750109832176,,0.7792882500649407,0.9957461289773694,0.24555385032048388,,,,,,,1.2159434914228053,0.668778358017293,0.6416666666666667,0.8719113888099972,0.22988505747126436,,,,
2011-03-31,0.6930413680230262,0.20422535211267606,,-0.46608587429993775,0.05213250344625924,1.4109373554177849,,-0.3496132596685083,0.3333333333333333,,0.548661215327882,,-0.07854984894259819,,0.867514737821905,,0.9184724308088393,0.4625529910504004,-0.09710682929703612,0.8685821950070655,,-0.06693797361773786,1.1063576945929887,,0.9624622236360745,,,1.8300211416490486,0.8759371221281741,,0.46511627906976744,0.7764642665233745,,,,0.12535290796160362,,,,,,,-0.5848375451263538,,0.5322686925849839,,,,-0.34074889867841407,,,,,0.6930413680230262,1.5608121427163415,,0.7013462680657295,,,,0.39913893027325253,,,,,-0.6681180811808118,,-1.3942596216568819,1.0771938647221524,0.5296482412060302,0.08951965065502183,,0.7391304347826086,,,-1.2954545454545454,-0.7282051282051282,-0.09,-0.15867082035306335,,-0.06540697674418605,,,,,-0.8917910447761194,-0.28620102214650767,-0.9403508771929825,0.02431865828092243,,,1.7961783439490446,,1.4035087719298245,,0.6155021000381825,0.7391304347826086,0.7689819681410205,0.6165788744108678,0.195061945347509,,0.7775564983981297,0.8058533265271397,0.08305497878486955,,,,,,,1.6195761856710393,0.5728961561510144,0.6083333333333333,0.7145697245100824,0.45355700528114323,,,,
2010-12-31,0.694282973079745,0.20892018779342722,,-0.07031736154324829,0.16909645348594343,1.2706579069121866,,0.867182320441989,0.3333333333333333,,0.405002405002405,,-0.07250755287009064,,1.5451442755197022,,1.1390259600944004,,-0.15956631901478993,1.0852567121997174,,0.011928150435026662,1.1253713606654783,,1.1851439478288532,,,1.8587737843551797,0.7724304715840387,,0.3333333333333333,0.9774314884470715,,,,0.023715415019762844,,0.0,,,,,-0.6615523465703971,,0.4254428466219621,,,,-0.2997797356828194,,,,,0.694282973079745,2.0047309284447072,0.37422037422037424,0.6217580677093645,,,,0.3290611028206968,,,,,-1.0592619926199263,,-0.7419439008480104,1.374905707819965,1.078391959798995,1.3842794759825328,,0.6739130434782609,,6.28125,0.29545454545454547,0.8102564102564103,-0.3,0.3040498442367601,,0.815406976744186,,,,,1.9067164179104477,3.011925042589438,-0.968421052631579,0.8349406009783368,,,-1.8535031847133758,,9.964912280701755,0.22762148337595908,0.6078655975563192,0.6739130434782609,0.7463410689738821,0.5977266426393124,0.18451805640980581,,0.7377262100614772,0.9167942827973455,0.11194366705786765,,,,,,,-3.153380423814329,0.6208372570841537,0.9083333333333333,0.7969326895768247,-6.529978254116185,,,,
2010-09-30,0.8375190473503019,0.6502347417840375,,0.1549471064094586,0.31931158360833783,1.4250023133154437,,-0.4097237569060774,0.3333333333333333,,0.6846240179573513,,-0.05740181268882175,,1.910021718895439,,0.6944861617678609,-0.6118699952896844,-0.17182252077072654,0.15732454074422986,,0.07984844232388437,1.1738562091503268,,1.2875775409575314,,,1.7150105708245242,0.7646916565900846,,0.375968992248062,3.6243954862976895,,,,-0.06738189346884998,,,,,,,-0.24819494584837545,,0.5722702430326757,,,,0.126431718061674,,,,,0.8375190473503019,2.169524935935344,,0.6918431993664621,,,,0.4670404268101659,,,,,-0.9736531365313653,,-0.08701891715590346,1.4181543877294442,1.3738693467336685,1.1615720524017468,,0.45652173913043476,,5.15625,0.5,-0.26666666666666666,1.79,-0.25586708203530634,,0.07122093023255814,,,,,0.8283582089552238,0.3100511073253833,-0.5403508771929825,1.2654088050314465,,,0.7707006369426752,,1.5087719298245614,,0.56815578465063,0.45652173913043476,0.7172313414732756,0.5666759079567507,0.14937175995079519,,0.7186769417265564,0.752084396801089,0.21305407601336102,,,,,,,0.5398587285570131,0.5342008389692663,0.6583333333333333,0.6679920477137177,-1.1245728487107798,,,,
2010-06-30,0.7157288786048874,0.4812206572769953,,0.11138767890479154,0.16057479426876645,1.3498658277042657,,-0.38408839779005527,0.3333333333333333,,0.6115119448452782,,-0.006042296072507553,,1.963388147688489,,0.40913966959879855,-0.6665096561469619,-0.25337340168522776,0.015073009891662742,,-0.005192253718776312,1.178134284016637,,1.2226817241927788,,,1.8350951374207187,0.5896009673518743,,0.1434108527131783,3.1343363782912412,,,,-0.1411631846414455,,0.0,,,,,-0.06407942238267147,,0.4366060700027133,,,,0.06365638766519824,,,,,0.7157288786048874,2.2594125763847823,0.262993762993763,0.5158384478321124,,,,0.42351382677848937,,,,,-1.1994833948339483,,-1.282061317677756,1.922051797837566,1.4170854271356783,0.5851528384279476,,0.43478260869565216,,,0.18181818181818182,0.36923076923076925,,0.34890965732087226,,0.02180232558139535,,,,,0.033582089552238806,-0.42248722316865417,-0.8280701754385965,0.5749825296995108,,,1.2515923566878981,,1.6140350877192982,,0.563573883161512,0.43478260869565216,0.24338966604673729,0.24064319378985308,0.1458571303048941,,0.7082864317256905,0.667687595712098,0.23833167825223436,,,,,,,1.9929364278506558,0.48968410238849414,0.7083333333333334,0.595853450724226,-0.13047530288909598,,,,
2010-03-31,0.8490321124216942,0.17136150234741784,,0.4561294337274424,0.3776264672709804,1.187008420468215,,-0.37701657458563537,0.3333333333333333,,0.5146705146705147,,0.006042296072507553,,2.5851690971144894,,0.6365586783951942,-0.6231747527084315,-0.1428318896941842,0.4220442769665568,,0.2670502385630087,1.1448603683897802,,1.5077143311595356,,,1.8604651162790697,0.6466747279322854,,0.2364341085271318,3.123589468027942,,,,-0.3512140033879164,,,,,,,-0.4043321299638989,,0.48079382921818675,,,,0.2330396475770925,,,,,0.8490321124216942,2.6662724226296075,,0.6625420708770541,,,,0.12187448252618399,,,,,2.251439114391144,,4.155642530984997,0.32989690721649484,1.9206030150753768,0.48034934497816595,,0.4782608695652174,,-0.109375,0.3409090909090909,-0.2358974358974359,,-0.033229491173416406,,-0.024709302325581394,,,,,-0.30223880597014924,-0.313458262350937,-0.16842105263157894,0.48553459119496856,,,1.4044585987261147,,0.9473684210526315,,0.5910652920962199,0.4782608695652174,0.7867712460580577,0.6154699196007762,0.15288638959669626,,0.7723612433976967,0.7044410413476263,0.2347205922181096,,,,,,,1.3975782038345106,0.5208458179950347,0.39166666666666666,0.6373189434819654,-0.11804908356632494,,,,
2009-12-31,0.5841187425926971,0.1807511737089202,,0.8494088363410081,0.26216633944609213,0.6051633200703248,,-0.38011049723756907,0.0,,0.42424242424242425,,0.012084592145015106,,0.6205398696866273,,0.519416434241579,0.7602449364107395,0.0591597430911555,0.08007536504945831,,0.0632893628964356,0.4190136660724896,,0.9755050103387943,,,1.7200845665961946,0.5663845223700121,,0.2131782945736434,0.07146695325094035,,,,-0.23301336344814605,,-1.0,,,,,-0.490072202166065,,0.37629365479282145,,,,0.14096916299559473,,,,,0.5841187425926971,1.3526512911492214,0.3068607068607069,0.5576123539893091,,,,0.027421758568391397,,,,,0.5569741697416974,,-0.5253750815394651,0.5421171737490571,0.32964824120603015,-0.32751091703056767,,0.2391304347826087,,3.21875,-0.2727272727272727,1.8974358974358974,8.45,-0.04153686396677051,,0.7369186046511628,,,,,-1.3694029850746268,0.21465076660988075,-1.0035087719298246,-1.2810621942697415,,,1.0254777070063694,,7.298245614035087,-0.043478260869565216,0.21993127147766323,0.2391304347826087,0.33233605563192364,0.29165511505406155,0.11422546349178456,,0.33769157502814096,0.3961204696273609,-0.028888688272998102,,,,,,,0.5701311806256307,0.2797705675883914,0.525,0.37546151661459815,0.43491767629698663,,,,
2009-09-30,0.5531914893617021,0.07276995305164319,,0.37398879900435594,0.26901708509127364,0.5711113167391505,,1.0788950276243094,0.0,,0.455026455026455,,0.3867069486404834,,0.8824076946943841,,0.3550740184509762,,-0.05091037652465971,-0.2986340084785681,,-0.008560202076901488,0.38621509209744503,,0.9567361221568316,,,1.2279069767441861,0.7975816203143894,,0.24806201550387597,0.07791509940891994,,,,-0.33163937511763597,,,,,,,-0.7310469314079422,,0.34295902941974493,,,,0.2343612334801762,,,,,0.5531914893617021,1.289572245219791,,0.5435557315383093,,,,0.030468620631545998,,,,,-0.11461254612546125,,0.768819308545336,0.25546894644204177,0.5417085427135678,1.2314410480349345,,-0.043478260869565216,,2.3125,0.29545454545454547,-0.38974358974358975,,0.04402907580477674,,0.20494186046511628,,,,,0.6604477611940298,-0.4122657580919932,0.13333333333333333,1.2262753319357094,,,1.5541401273885351,,0.9473684210526315,,0.6032836960672012,-0.043478260869565216,0.7738335893911216,0.5799833656778486,0.06853527809507073,,0.7862152567321846,0.512506380806534,0.335831001173603,,,,,,,1.4883955600403633,0.42701823474017636,0.39166666666666666,0.47713717693836977,0.3976390183286735,,,,
2009-06-30,0.34516620576781987,0.06807511737089202,,0.16614810205351588,0.016876227077154433,0.5004163967798649,,0.8716022099447513,0.0,,0.33637966971300304,,0.4078549848942598,,0.5286999689730065,,-0.005792748337266681,,-0.08744328560485534,-0.47479981158737633,,-0.1320516418748246,0.37956030897207366,,0.7321456974709718,,,0.8811839323467231,0.6998790810157195,,0.2441860465116279,-0.12090274046211714,,,,-0.32561641257293433,,-1.0,,,,,-0.6083032490974729,,0.16667312686538238,,,,0.08722466960352424,,,,,0.34516620576781987,0.9032130889020303,0.04844074844074844,0.31152247079786183,,,,0.0700778274525558,,,,,0.6322509225092251,,1.2463144161774298,-0.2152376162936887,0.2552763819095477,0.06768558951965066,,-0.391304347826087,,3.796875,-1.0454545454545454,-0.4307692307692308,,0.674558670820353,,0.34156976744186046,,,,,-0.3880597014925373,-0.38160136286201024,-1.0105263157894737,-0.3949685534591195,,,1.4235668789808917,,1.1578947368421053,,0.35738831615120276,-0.391304347826087,0.49890838521872727,0.3737177710008317,0.01230120376065372,,-0.010390510000865875,0.39271737280925645,0.19860973187686196,,,,,,,0.479313824419778,0.3095625374539851,0.49166666666666664,0.37375745526838966,0.9630319975147561,,,,
2009-03-31,0.053953383373779557,0.05868544600938967,,0.04542626011200996,-0.3249926897531225,0.3238641621171463,,0.6594475138121547,0.0,,0.14205547538880872,,0.3685800604229607,,-0.052125349053676696,,-0.37996138167775156,,-0.27482175475811677,-0.8902496467263307,,-0.4865282065674993,0.4023767082590612,,0.47478924765388897,,,0.8507399577167019,0.5915356711003628,,-0.046511627906976744,-0.06824288017195057,,,,-0.44758140410314323,,,,,,,-0.8185920577617328,,-0.10791115934726152,,,,-0.17136563876651983,,,,,0.053953383373779557,0.5200078848807412,,0.04444664422886557,,,,0.015234310315772999,,,,,-0.11313653136531365,,0.9749510763209394,-0.5813427206437013,-0.2150753768844221,-0.19213973799126638,,-0.5652173913043478,,-1.046875,1.3409090909090908,1.241025641025641,,-0.029075804776739357,,0.21075581395348839,,,,,-1.0597014925373134,-0.7120954003407155,-0.06315789473684211,-0.6018169112508736,,,1.6878980891719746,,1.0526315789473684,,0.41237113402061853,-0.5652173913043478,0.5749171181369774,0.4169670085943998,-0.015815833406554784,,0.05714780500476232,0.2865407520843968,0.22749842014986008,,,,,,,1.1856710393541876,0.26949747453129014,0.44166666666666665,0.286850326611758,1.2364088226157193,,,,
2008-12-31,0.050341441390597666,0.13380281690140844,,0.001866832607342875,0.3427043736162747,0.2328120662533543,,0.8437569060773481,0.0,,0.002244668911335578,,0.3806646525679758,,-0.5038783741855414,,-0.09804762926410641,,-0.15744505332626244,-0.6217616580310881,,-0.4489194499017682,0.39334521687462864,,0.5107364402735804,,,1.2701902748414375,0.6515114873035066,,0.23255813953488372,-0.11660397635679742,,,,-0.4543572369659326,,-1.0,,,,,-0.6552346570397112,,-0.130392650877941,,,,0.5640969162995595,,,,,0.050341441390597666,0.4285432682830672,-0.2968814968814969,-0.017323302316372996,,,,0.08531213776832879,,,,,-0.27992619926199264,,-2.072667971298108,0.2273070153381946,-0.5809045226130654,0.27510917030567683,,-0.6521739130434783,,,0.45454545454545453,,,-0.41869158878504675,,1.0915697674418605,,,,,0.22761194029850745,-0.07155025553662692,4.32280701754386,-0.8505939902166317,,,1.9267515923566878,,,,4.348224513172966,-0.6521739130434783,2.6530282202636046,1.8375381203215968,-0.02987435199015904,,15.758940167979912,0.43015143780840565,5.474406427733141,,,,,,,-0.08577194752774975,0.3027138087492509,-160.50833333333333,-1.121840386253905,-1.2612612612612613,,,,
2008-09-30,0.2588182177323777,0.13849765258215962,,3.1393901680149345,-0.06132252809223443,0.44008513000832794,,1.0240883977900552,0.0,,0.03302869969536636,,0.5226586102719033,,0.4939497362705554,,0.001930916112422227,,-0.21660479641741795,-0.8798869524258125,,-0.293713163064833,0.3904931669637552,,0.8501670112931445,,,1.390274841437632,0.8324062877871826,,0.32170542635658916,-0.010209564750134336,,,,-0.06437041219649915,,,,,,,-0.2770758122743682,,-0.009457730919803092,,,,-0.019823788546255508,,,,,0.2588182177323777,-0.027202838557066823,,0.12066917442090676,,,,0.04265606888416439,,,,,0.06841328413284133,,-0.06875407697325506,0.26351521247171233,0.2271356783919598,0.6986899563318777,,-0.2391304347826087,,,-0.22727272727272727,,,-0.2043613707165109,,0.22238372093023256,,,,,-0.22761194029850745,,3.957894736842105,0.5274633123689727,,,0.554140127388535,,,,5.699885452462772,-0.2391304347826087,0.5247836985525997,0.39922373163293595,0.036903611281961166,,0.6476751233873063,0.9120299472519994,0.4694411844362192,,,,,,,1.1150353178607466,0.600633507405188,57.34166666666667,,0.09940975458216837,,,,
2008-06-30,0.4238388170890005,0.2699530516431925,,2.804604853764779,0.15556205355278,0.4622929582677894,,1.1005524861878453,0.0,,-0.059964726631393295,,0.5619335347432024,,1.21253490536767,,0.17785882857755847,,-0.24512403511873196,-0.6509656146961846,,-0.16516980072972215,0.4556149732620321,,1.012724669953873,,,1.5560253699788584,1.0239419588875454,,0.3333333333333333,-0.016657710908113917,,,,-0.013175230566534914,,-1.0,,,,,-0.45126353790613716,,0.1379898445676189,,,,0.17577092511013215,,,,,0.4238388170890005,0.4293317563571851,0.05800415800415801,0.3206295783013265,,,,0.10054644808410179,,,,,0.30605166051660515,,-0.034833659491193734,0.28664822730701534,0.2633165829145729,-0.314410480349345,,,,,,,,-0.07061266874350987,,0.7281976744186046,,,,,-2.8805970149253732,,0.9894736842105263,-1.2559049615653388,,,3.4426751592356686,,1.1929824561403508,-0.8823529411764706,1.6754486445208094,,-6.113851378669039,-0.8505683393401718,10.503470696775327,,-6.428262187202355,0.7357495320741875,0.3033312268664801,,,,,,,2.6185671039354186,0.5324886567930828,53.025,0.2533371201363249,5.858962410686549,,,,
2008-03-31,0.1563293639595914,0.011737089201877934,,2.9937772246421903,-0.016876227077154433,0.10400666234847784,,1.04353591160221,0.0,,-0.6390893057559724,,0.56797583081571,,0.5671734408935775,,0.26711006221840805,,-0.2774144128218726,-0.3655204898728215,,-0.3495649733370755,0.44468211527035056,,0.8406235088277397,,,1.3767441860465117,0.939782345828295,,0.0,0.019881783987103708,,,,-0.04479578392621871,,,,,,,0.01895306859205776,,-0.1455870382572968,,,,-0.0973568281938326,,,,,0.1563293639595914,0.019317957815888034,,-0.11116610572163928,,,,0.054843517136782795,,,,,0.5008856088560886,,-0.7367253750815395,0.5803369373899925,0.2864321608040201,0.015283842794759825,,,,,,,,0.03406022845275182,,0.38226744186046513,,,,,0.8955223880597015,,,-0.5011879804332634,,,1.0668789808917198,,1.543859649122807,,0.6613211149293623,,-6.055631923667826,0.07429997227612975,13.308145154204375,,-6.36591912719716,0.7112472349838352,0.3863862056513496,,,,,,,1.841574167507568,0.518106326513141,52.425,0.606645839250213,0.639950295122709,,,,
2007-12-31,0.010497206388622383,0.1572769953051643,,-0.049159925326695705,0.36810225991060613,0.04589617840288702,,-0.3765745856353591,0.0,,-0.7885201218534552,,0.36555891238670696,,0.9295687247905678,,0.030680111564042052,0.5741874705605275,-0.45253668021919746,-0.49269901083372586,,-0.4761436991299467,0.4351752822341058,,0.8320343566088755,,,1.1416490486257929,0.7114873035066506,,-0.13178294573643412,-0.08328855454056959,,,,0.027479766610201392,,-1.0,,,,,-0.575812274368231,,-0.34171867126632816,,,,0.5314977973568282,,,,,0.010497206388622383,1.2793219002562586,-0.5823284823284823,-0.289150663235003,,,,0.0517966550736282,,,,,0.7798523985239852,,1.0532289628180038,0.1840583354287151,0.5798994974874372,0.0982532751091703,,,,,,,,0.17777777777777778,,0.5683139534883721,,,,,-8.828358208955224,,19.719298245614034,-0.573864430468204,,,1.2484076433121019,,8.771929824561404,0.043478260869565216,-7.812142038946162,,10.810220748766879,0.8161907402273357,-20.99464018979,,11.694519005974543,0.5410923940786115,5.181908458969035,,,,,,,0.2674066599394551,0.36743429500898894,-121.39166666666667,3.50809429139449,-2.385834109972041,,,,
2007-09-30,-0.11400191884417857,-0.6502347417840375,,1.9931549471064094,-0.3629224278374201,0.05885074488757287,,1.0386740331491713,0.0,,-0.800705467372134,,0.43202416918429004,,1.1964008687558176,,0.07187298862904956,,-0.9743680395969595,-0.6038624587847385,,-1.0371877631209654,0.45609031491384433,,0.6042627644345475,,,0.6139534883720931,0.5112454655380895,,-0.011627906976744186,-0.18538420204191294,,,,0.03500846979107849,,,,,,,-0.2328519855595668,,-0.4017209969378658,,,,-0.45330396475770923,,,,,-0.11400191884417857,0.4190814113936527,,-0.32716293803207286,,,,0.04265606888416439,,,,,-0.5205166051660517,,0.5105022831050229,-0.0030173497611264773,0.18391959798994975,0.6048034934497817,,,,,,,,-0.5416407061266875,,0.10610465116279069,,,,,2.388059701492537,,,0.5190775681341719,,,0.31210191082802546,,,,4.365024818633066,,-5.279372523651654,0.0033268644302744664,11.396186626834197,,-5.53467832712789,0.3845499404458057,9.551322560259997,,,,,,,0.893037336024218,0.3013440630083041,44.425,,0.08698353525939732,,,,
2007-06-30,-0.1961735989615667,-0.6126760563380281,,2.198506533914126,-0.4658507038723422,0.007772739890811511,,0.7133701657458563,0.0,,-0.8674042007375341,,0.5226586102719033,,1.0313372634191746,,0.10705857112207681,,-0.6733840080136704,0.22797927461139897,,-0.7161100196463654,0.44230540701128934,,0.5835851757595037,,,0.9691331923890063,0.4309552599758162,,-0.06589147286821706,-0.2552391187533584,,,,0.03124411820063994,,-1.0,,,,,-0.34025270758122744,,-0.504515678902283,,,,-0.6070484581497797,,,,,-0.1961735989615667,0.31421249753597474,-0.7446985446985447,-0.4437735101960008,,,,0.0944527239577926,,,,,-0.07180811808118082,,0.10345727332028702,-0.03319084737239125,-0.003015075376884422,0.13537117903930132,,,,,,,,-0.29574247144340604,,0.6177325581395349,,,,,1.0746268656716418,,-0.4,-0.573864430468204,,,1.3184713375796178,,0.10526315789473684,-0.7749360613810742,1.1240931653302788,,0.419665238133743,-0.24729692265040198,-1.7836745452947895,,0.5680145467140012,0.2620384549940446,0.37555294754897534,,,,,,,2.1846619576185673,0.257854635733242,41.425,0.0028401022436807723,1.8204411307859583,,,,
2007-03-31,-0.3608555787572662,-0.7816901408450704,,1.1269446172993154,-0.6782238188729688,-0.0014805218839640973,,0.7429834254143647,0.0,,-0.6499919833253167,,0.37462235649546827,,1.0102389078498293,,-0.16369877708646213,,-0.8565199457898769,-0.40979745642958076,,-0.9389559360089812,0.3771836007130125,,0.2686495944011452,,,0.01522198731501057,0.3022974607013301,,0.015503875968992248,-0.27780763030628697,,,,-0.13965744400527008,,,,,,,-0.3907942238267148,,-0.5772316756463429,,,,-0.7480176211453744,,,,,-0.3608555787572662,0.3008082002759708,,-0.4764403088497327,,,,0.025078017816688922,,,,,-1.026789667896679,,-1.0550554468362687,0.5109378928840835,0.09447236180904522,0.2903930131004367,,,,,,,,-0.836552440290758,,-0.251453488372093,,,,,-7.167910447761194,,16.764912280701754,0.46037735849056605,,,-0.10509554140127389,,0.03508771929824561,-0.7800511508951407,3.8426880488736157,,-0.17546696854532223,-0.5245356251732742,-1.3689482470784642,,-0.06927006667243918,0.3661732176280415,0.3249977430712287,,,,,,,-0.2472250252270434,0.18423080215734955,43.975,-0.05055381993751775,1.0872941907424667,,,,
2006-12-31,-0.3608555787572662,,,,-0.6782238188729688,,,,,,-0.6499919833253167,,,,1.0102389078498293,,-0.16369877708646213,,-0.8565199457898769,-0.40979745642958076,,-0.9389559360089812,,,0.2686495944011452,,,,0.3022974607013301,,0.015503875968992248,,,,,-0.13965744400527008,,-1.0,,,,,0.33935018050541516,,-0.5772316756463429,,,,,,,,,-0.3608555787572662,,-0.779002079002079,,,,,,,,,,-1.026789667896679,,-1.0550554468362687,0.5109378928840835,0.09447236180904522,0.2903930131004367,,,,,,,,-0.836552440290758,,-0.251453488372093,,,,,-7.167910447761194,,,0.46037735849056605,,,-0.10509554140127389,,,,3.8426880488736157,,,-0.23398946492930414,,,-0.06927006667243918,0.3661732176280415,0.40444163582197346,,,,,,,-0.2472250252270434,0.18423080215734955,43.975,,2.242932587760174,,,,
2006-09-30,-0.27360460522602853,,,1.14934660858743,-0.4616734199423535,-0.13583788285370593,,0.8207734806629834,0.0,,-0.6557639890973225,,0.35347432024169184,,1.4148309028855104,,0.23278266466423514,,-0.6825761593306229,0.12623645784267545,,-0.640331181588549,0.34248366013071896,,0.368220136790202,,,-0.10486257928118393,0.282950423216445,,-0.027131782945736434,-0.08543793659322944,,,,-0.3512140033879164,,,,,,,-0.0776173285198556,,-0.505911081824877,,,,-0.6660792951541851,,,,,-0.27360460522602853,0.5578553124383994,,-0.4115026727380717,,,,-0.021328034442082196,,,,,-0.3448708487084871,,1.7446836268754078,-0.1518732713100327,0.5105527638190954,0.8144104803493449,,,,,,,,-0.46272066458982347,,-0.22238372093023256,,,,,4.399253731343284,,,1.1032844164919637,,,-1.3312101910828025,,0.38596491228070173,,0.5513554791905307,,-4.499878709468748,0.830607152758525,12.324048853352078,,-4.699974023724998,0.05649140718053429,0.5777737654599621,,,,,,,0.16649848637739656,0.19142196729732044,36.391666666666666,0.10565180346492474,-3.5476856166511337,,,,
2006-06-30,-0.38230148428240873,,,0.9352831362787803,-0.47119762730272774,-0.21800684741371334,,0.7301657458563536,0.0,,-0.4377104377104377,,0.36555891238670696,,0.6602544213465715,,-0.09590216691697061,,-0.5185316127511638,-0.44465379180405085,,-0.6156328936289643,0.34058229352346997,,0.12995069190392874,,,-0.3568710359408034,0.324546553808948,,-0.07364341085271318,-0.03707684040838259,,,,-0.7713156408808582,,-1.0,,,,,0.011732851985559567,,-0.5390906624287763,,,,-0.5099118942731278,,,,,-0.38230148428240873,0.07845456337472896,-0.7577962577962578,-0.45624628786378935,,,,0.03679671852833924,,,,,0.0005166051660516605,,-0.006131767775603392,-0.1398038722655268,-0.15175879396984926,-0.06768558951965066,,,,,,,,-0.259190031152648,,-0.32994186046511625,,,,,0.9925373134328358,,,0.07742837176799441,,,0.5668789808917197,,0.14035087719298245,,0.46735395189003437,,-4.396377456133258,0.13307457721097865,9.888410508742641,,-4.589141917049095,0.012931767908797005,0.411663807890223,,,,,,,0.48940464177598386,0.153069086550809,35.325,0.07327463788696394,0.062131096613855234,,,,
2006-03-31,-0.5562390654100119,,,0.28562538892345984,-0.4869042148794854,-0.5148514851485149,,0.6634254143646409,0.0,,-0.7712041045374378,,0.40181268882175225,,0.6217809494260006,,-0.001930916112422227,,-0.46196452772376406,-0.08478568064060292,,-0.5569744597249509,0.3120617944147356,,-0.1554000318116749,,,-0.7238900634249471,0.025634824667472793,,-0.20930232558139536,-0.04997313272434175,,,,-0.9384528514963297,,,,,,,-0.21931407942238268,,-0.6389394937788286,,,,-0.5788546255506608,,,,,-0.5562390654100119,0.05401143307707471,,-0.5595921599683231,,,,0.006574808411770995,,,,,-0.3935793357933579,,0.6148727984344423,-0.3188332914256978,-0.0914572864321608,0.5131004366812227,,,,-0.984375,,,,-0.46936656282450673,,-0.4636627906976744,,,,,-3.5858208955223883,,10.070175438596491,0.9495457721872816,,,0.42356687898089174,,0.0,,3.604429171439481,,0.5021427993854614,0.147490989742168,-0.7117125032949653,,0.6563338817213612,-0.025182916453973116,0.3827751196172249,,,,,,,0.35822401614530774,0.1308107182604229,34.391666666666666,0.03919341096279466,-0.07455731593662628,,,,
2005-12-31,-0.5621084711326825,,,0.9365276913503423,-0.3950039684197335,-0.6706764134357361,,0.5993370165745856,0.0,,-2.330928330928331,,0.48036253776435045,,0.08935774123487435,,-0.017807337481227203,,-0.23381061811325202,0.0263777673104098,,-0.4056974459724951,0.29114676173499704,,-0.1223158899316049,,,-0.8913319238900634,0.057557436517533256,,-0.29844961240310075,-0.060720042987641054,,,,0.6086956521739131,,-1.0,,,,,-0.3871841155234657,,-0.6631264777704562,,,,-0.4495594713656388,,,,,-0.5621084711326825,-0.2842499507194954,-0.8663201663201663,-0.5797861809542665,,,,-0.02179678198305028,,,,,-0.37439114391143913,,-0.42883235485975213,0.0744279607744531,-0.10050251256281408,-0.29912663755458513,,,,-0.828125,,,,-0.4386292834890966,,-0.7020348837209303,,,,,2.3507462686567164,,-2.9964912280701754,0.13892382948986723,,,0.08917197452229299,,-0.3508771929824561,,-0.13287514318442153,,-0.09622382146033799,-0.41142223454394233,-1.1826728758457077,,0.015585765001298813,0.01905734218138506,0.5308296470163402,,,,,,,0.2472250252270434,0.026367605513226606,35.475,0.08633910820789549,0.7579993786890339,,,,
2005-06-30,-0.5621084711326825,,,,-0.3950039684197335,,,,,,-2.330928330928331,,,,0.08935774123487435,,-0.017807337481227203,,-0.23381061811325202,0.0263777673104098,,-0.4056974459724951,,,-0.1223158899316049,,,,0.057557436517533256,,-0.29844961240310075,,,,,0.6086956521739131,,-1.0,,,,,0.5541516245487365,,-0.6631264777704562,,,,,,,,,-0.5621084711326825,,-0.8875259875259875,,,,,,,,,,-0.37439114391143913,,-0.42883235485975213,0.0744279607744531,-0.10050251256281408,-0.29912663755458513,,,,-0.828125,,,,-0.4386292834890966,,-0.7020348837209303,,,,,2.3507462686567164,,,0.13892382948986723,,,0.08917197452229299,,,,3.138602520045819,,,-0.13640144164125312,,,0.015585765001298813,0.01905734218138506,0.5308296470163402,,,,,,,0.2472250252270434,0.026367605513226606,35.475,,2.168375271823548,,,,
2005-03-31,-0.5301653592189175,-2.392018779342723,,-0.15619166148102054,-0.47353690630352147,-0.47820856852040344,,0.48265193370165743,0.0,,-0.4287317620650954,,0.4984894259818731,,0.7905677939807633,,-0.13537867410426946,,-0.3434093453538389,0.005652378709373528,,-0.3776312096547853,0.24123588829471182,,-0.26228725942420866,,,-0.8744186046511628,-0.042079806529625154,,-0.39147286821705424,-0.04782375067168189,,,,-1.1537737624694147,,,,,,,0.11371841155234658,,-0.551029109655413,,,,-0.49273127753303964,,,,,-0.5301653592189175,0.16124581115710626,,-0.5261334389229856,,,,-0.025497424473406277,,,,,-0.24450184501845018,,0.4400521852576647,-0.0854915765652502,0.0743718592964824,0.1222707423580786,,-1.0217391304347827,,-0.90625,,,,-0.36967808930425755,,-0.6700581395348837,,,,,0.04477611940298507,,2.294736842105263,0.6476589797344514,,,0.3821656050955414,,-0.21052631578947367,,0.29476899579992366,-1.0217391304347827,0.31454677771488637,0.21513723315774883,-0.08962305597047711,,-4.128495973677374,-0.16811298281436107,0.5019409587433421,,,,,,,0.6912209889001009,0.018491567502782295,30.891666666666666,-0.08577108775915933,0.20503261882572227,,,,
2004-12-31,-0.5223771093176816,,,0.5245799626633478,-0.43510589414762524,-0.516332007032479,,0.40486187845303867,0.0,,-0.5140291806958474,,0.25075528700906347,,0.12286689419795221,,-0.2525209182578846,,-0.1605091037652466,-0.12058407913330194,,-0.310833567218636,0.22840166369578135,,-0.24892635597264196,,,-0.828752642706131,-0.014993954050785973,,-0.37209302325581395,-0.008060182697474477,,,,-1.1108601543384151,,-1.0,,,,,-0.11010830324909747,,-0.5468429008876313,,,,-0.38193832599118943,,,,,-0.5223771093176816,-0.26296077271831264,-0.8384615384615385,-0.5330627598495348,,,,-0.05382789746468528,,,,,-0.2725461254612546,,-0.42883235485975213,0.1015841086245914,-0.07336683417085427,-0.019650655021834062,,-0.8478260869565217,,,,,,-0.40373831775700936,,-0.6031976744186046,,,,,0.3656716417910448,,1.0456140350877192,0.40167714884696015,,,0.0031847133757961785,,,,2.9476899579992364,-0.8478260869565217,0.24662408021347135,0.1774327696146382,-0.06150601880326861,,-4.074811672006234,-0.1892121830866088,-0.9388823688724384,,,,,,,-0.0958627648839556,-0.01643694889136204,30.375,,0.024852438645542093,,,,
2004-09-30,-0.4970935154354083,,,0.880522713130056,-0.29842516395839425,-0.5959100582955492,,0.7005524861878453,-0.3333333333333333,,-0.555074555074555,,,,0.33881476884889855,,0.11907316026603733,,-0.21872606210594545,0.17428167687235044,,-0.33132191973056413,-0.17278669043374925,,-0.19421027517098774,,,,-0.26457073760580413,,-0.4883720930232558,-0.13272434175174638,,,,-0.5883681535855448,,,,,,,0.2933212996389892,,-0.5387805728904221,,,,-0.392511013215859,,,,,-0.4970935154354083,-0.1257638478218017,,-0.5985943377549,,,,0.010011117336975952,,,,,0.01970479704797048,,0.8966731898238748,-0.2343474981141564,0.10150753768844221,0.09388646288209607,,-1.326086956521739,,,,,,-0.39626168224299063,,-0.815406976744186,,,,,0.10074626865671642,,2.049122807017544,0.7510831586303285,,,0.22929936305732485,,-0.5263157894736842,,0.18022145857197402,-1.326086956521739,0.2595617368804075,0.16190740227335737,-0.138827871013092,,-3.8167806736513983,-0.29062446826612215,0.5127742168457163,,,,,,,0.20686175580222,-0.05752932111976714,27.891666666666666,-0.16927009372337404,0.15532774153463808,,,,
2004-06-30,-0.6053389017438907,,,0.7336652146857499,-0.40586490663770414,-0.6906634588692514,,0.598011049723757,-0.3333333333333333,,-0.6448613115279782,,,,-0.07570586410176854,,-0.0748766359150397,,-0.1807789759000648,-0.08572774375883184,,-0.37987650856020205,-0.18799762329174094,,-0.3933513599491013,,,,-0.4116082224909311,,-0.5736434108527132,-0.07254164427727028,,,,-0.6516092603049125,,-2.0,,,,,0.9106498194945848,,-0.5904104810263964,,,,-0.43458149779735683,,,,,-0.6053389017438907,-0.38911886457717326,-0.9532224532224532,-0.6423480498911107,,,,0.03573138320795723,,,,,-0.5072324723247232,,0.35916503587736465,-0.3630877545888861,-0.23417085427135678,-0.5567685589519651,,-1.565217391304348,,,,,,-0.5300103842159917,,-0.9142441860465116,,,,,-0.8208955223880597,,2.407017543859649,0.013137665967854647,,,-0.041401273885350316,,-0.45614035087719296,,0.053455517373043146,-1.565217391304348,0.05579364437616237,0.0099805932908234,-0.1774887971180037,,-3.7423153519785264,-0.31989110090182066,0.4766633565044687,,,,,,,0.015136226034308779,-0.11231915075764061,27.175,-0.21300766827605794,0.2112457284871078,,,,
2004-03-31,-0.5221513629437328,,,1.225264467952707,-0.26634362337608086,-0.7265661145553808,,0.6214364640883978,-0.3333333333333333,,-0.6692320025653359,,,,-0.23456407074154514,,0.2310662947865265,,-0.05491721171410052,0.4945831370701837,,-0.2659275891103003,-0.23648247177658943,,-0.29887068554159374,,,,-0.3738814993954051,,-0.6085271317829457,-0.02525523911875336,,,,-0.619235836627141,,,,,,,0.4250902527075812,,-0.5221907825884724,,,,-0.4077092511013216,,,,,-0.5221513629437328,-0.49004533806426176,,-0.6031478915066324,,,,-0.1858585858524306,,,,,-0.5559409594095941,,-1.5847358121330724,0.2574805129494594,-0.3628140703517588,-0.13755458515283842,,-1.5434782608695652,,-1.109375,,,,-0.550778816199377,,-0.9055232558139535,,,,,-0.26119402985074625,,1.2280701754385965,0.5414395527603075,,,-0.0031847133757961785,,,,0.10232913325696831,-1.5434782608695652,0.15606048354491792,0.0798447463265872,-0.17397416747210262,,0.2753485150229457,-0.36277012080993704,0.5958291956305859,,,,,,,0.06559031281533804,-0.11437376936906087,26.125,-0.2345924453280318,0.18018018018018017,,,,
2003-12-31,-0.502962921158079,,,0.5556938394523958,-0.10560173775011487,-0.8864624780235033,,0.6245303867403315,-0.3333333333333333,,-0.7000160333493667,,,,0.531182128451753,,0.4619180433383394,,0.01060632844263744,0.9024964672633067,,-0.014734774066797643,-0.05870469399881165,,-0.26546842691267697,,,,-0.3671100362756953,,-0.5348837209302325,0.0800644814615798,,,,-1.1899115377376246,,-2.0,,,,,-2.657942238267148,,-0.5121128725919609,,,,-0.3143171806167401,,,,,-0.502962921158079,-0.0035481963335304554,-0.8972972972972973,-0.5890912690556326,,,,-0.181311031489276,,,,,-0.39653136531365313,,0.7035877364644488,-0.004023133014835303,0.25728643216080405,0.20087336244541484,,,,,,,,-0.46770508826583596,,-0.44040697674418605,,,,,-2.2388059701492535,,10.891228070175439,0.5274633123689727,,,0.050955414012738856,,,,2.2512409316533026,,0.1851702110455244,-0.0199611865816468,-0.5535541692294175,,0.3169105550264092,-0.4948102773523907,0.44416358219734586,,,,,,,0.08577194752774975,-0.17258796335930143,22.891666666666666,,-0.35414725069897485,,,,
2003-09-30,-0.44528472261414304,,,0.8008711885500933,-0.042608296085884956,-0.8709169982418803,,0.45259668508287293,-0.3333333333333333,,-0.4152637485970819,,,,0.20850139621470679,,0.9158978759922763,,0.08532201991632786,2.338200659444183,,0.0012629806342969408,-0.07153891859774213,,-0.2565611579449658,,,,-0.30133010882708583,,-0.44573643410852715,-0.0026867275658248252,,,,-1.4722379070205158,,,,,,,1.1859205776173285,,-0.4372262490794217,,,,-0.4643171806167401,,,,,-0.44528472261414304,-0.20855509560417898,,-0.5017818253811126,,,,-0.08429651809623127,,,,,-0.3596309963099631,,-0.4340508806262231,0.17299471963791802,-0.004020100502512563,-0.25109170305676853,,,,,,,,-0.44527518172377983,,-0.5712209302325582,,,,,1.0261194029850746,,,0.07463312368972747,,,-0.23248407643312102,,,,0.06261932035127911,,-0.08652057896013585,-0.34821181036872745,-1.0034267639047536,,0.02597627500216469,-0.22052067381316998,0.6355511420059583,,,,,,,-0.3784056508577195,-0.09211540107867477,29.608333333333334,-0.18290258449304175,0.4411307859583722,,,,
2003-06-30,-0.022800383768835714,,,1.133167392657125,0.6688667028697941,-1.048949754788563,,1.59646408839779,-0.3333333333333333,,-0.46400513067179733,,,,1.0449891405522804,,2.1164986054494745,,-0.017441517883448235,2.505887894488931,,0.06806062307044625,-0.08199643493761141,,-0.12772387466200094,,,,-0.43385731559854895,,,0.03170338527673294,,,,-1.7605872388481083,,-2.0,,,,,4.127256317689531,,0.08031319043373775,,,,-0.14273127753303966,,,,,-0.022800383768835714,0.3228858663512714,-0.7889812889812889,-0.4859433775490002,,,,-0.22740670600339769,,,,,0.6130627306273063,,1.3037181996086105,-0.3198390746794066,0.1728643216080402,-0.3318777292576419,,,,,,,,0.10218068535825545,,-0.5625,,,,,-10.671641791044776,,2.7508771929824563,-0.037176799440950384,,,-0.12738853503184713,,,,-0.1863306605574647,,-3.71553327403574,-0.5955087330191294,6.099639750461296,,-3.8600744653216728,-0.2736089841755998,0.9424934549065631,,,,,,,-0.23713420787083753,-0.13663213765944696,28.308333333333334,-0.16415790968474864,1.5035725380552967,,,,
2003-03-31,-0.16829392177888142,,,1.1568139390168015,0.521492125819792,-1.1784954196354216,,1.5111602209944752,-0.3333333333333333,,-0.3812730479397146,,,,-0.1811976419484952,,1.7933919759708217,,0.11525543574332685,2.003768252472916,,-0.05122088127982038,-0.24313725490196078,,-0.3135040559885478,,,,-0.4357920193470375,,-0.49224806201550386,0.0026867275658248252,,,,-1.8659890833803878,,,,,,,3.8610108303249095,,-0.02899337183611768,,,,-0.1711453744493392,,,,,-0.16829392177888142,-0.45614035087719296,,-0.5631558107305484,,,,-0.24298724953657933,,,,,-0.3168265682656827,,1.0532289628180038,-0.7161176766406839,-0.31959798994974875,-0.0851528384279476,,,,,,,,-0.42118380062305294,,-0.6875,,,,,,,1.9649122807017543,0.39888190076869323,,,-0.08280254777070063,,,,-0.016800305460099276,,-3.5424921161154685,-0.2894372054338786,6.693612160618575,,-3.6747770369728983,-0.34643525608303555,0.9172158526676898,,,,,,,-0.17658930373360243,-0.12601660816710897,26.525,-0.20959954558364102,0.6461634047840944,,,,
2002-12-31,-0.06591794119306958,,,1.002489110143124,0.7039558878816993,-1.2514111224206532,,0.4543646408839779,-0.3333333333333333,,-0.44155844155844154,,,,-0.6565311821284517,,0.47221626260459126,,0.3325673207235873,1.3688177107866226,,0.10005613247263542,-0.26072489601901366,,-0.43629712104342294,,,,-0.3158403869407497,,-0.5038759689922481,-0.012358946802794197,,,,-1.9156785243741765,,-2.0,,,,,1.029783393501805,,0.17147951470987247,,,,0.7475770925110132,,,,,-0.06591794119306958,-0.7581312832643406,-0.8264033264033264,-0.5215798851712532,,,,-0.37166568887658,,,,,-0.2371217712177122,,-0.48362687540769733,-0.5089263263766658,-0.7045226130653266,-0.30131004366812225,,,,,,,,-0.43696780893042575,,-0.3706395348837209,,,,,-4.787313432835821,,32.79298245614035,-0.1825296995108316,,,-8.834394904458598,,,,2.323024054982818,,-6.812484838683593,-1.7931799279179372,9.034355504788683,,-7.176378907264699,1.0297770971584141,1.841653877403629,,,,,,,-1.2764883955600403,-0.1564934509031761,60.225,,-4.044734389561976,,,,
2002-09-30,0.2489982504656019,,,1.4393279402613566,0.6956013200217219,-0.23207180531137225,,0.5091712707182321,-0.6666666666666666,,1.3330126663459996,,2.2507552870090635,,-0.4145206329506671,,1.2222698991632697,,1.0182075304931943,2.9495996231747528,,0.9712321077743474,-0.2816399286987522,,-0.21584221409257198,,,-0.5513742071881607,-0.2887545344619105,,-0.04263565891472868,-0.07039226222461042,,,,-1.8915866741953697,,,,,,,1.55956678700361,,0.4966083956742509,,,,0.3515418502202643,,,,,0.2489982504656019,-0.6043761088113542,,0.2941001781825381,,,,-0.36257658551539734,,,,,0.06398523985239853,,-0.11311154598825832,-0.45561981393009804,-0.5085427135678392,-0.7467248908296943,,,,,,,,-0.20685358255451713,,-0.14680232558139536,,,,,0.34701492537313433,,2.0701754385964914,-0.9679944095038434,,,-0.9044585987261147,,,,-0.03512791141657121,,-3.8012452494541926,-0.5067923482118104,6.567085493366137,,-3.951857303662655,-0.23753615790369237,0.8161054437121964,,,,,,,-1.0443995963673058,-0.15512370516222926,29.191666666666666,-0.2510650383413803,0.3417210313762038,,,,
2002-06-30,0.48704780179468365,,,1.5637834474175483,0.8565102970048875,0.17433145183677246,,0.6019889502762431,-0.6666666666666666,,1.5343915343915344,,2.921450151057402,,-0.3487434067638846,,1.093113065865694,,1.097637145719168,2.3052284503061706,,1.0806904294134156,-0.2901960784313726,,-0.10036583426117385,,,-0.5124735729386892,-0.09238210399032648,,-0.015503875968992248,0.1155292853304675,,,,-1.2877846790890268,,,,,,,2.134476534296029,,0.7673165626574674,,,,0.6299559471365639,,,,,0.48704780179468365,-0.5625862408831066,,0.42496535339536723,,,,-0.38390461995747954,,,,,-0.13232472324723246,,-0.7184605348988911,-0.16897158662308273,-0.4552763819095477,-0.06768558951965066,,,,,,,,-0.3173416407061267,,0.39680232558139533,,,,,2.0522388059701493,,,-0.6213836477987421,,,-0.7834394904458599,,,,-0.2642229858724704,,-0.3032263281313172,-0.38702522872192957,-0.6554784289605483,,-0.20607844835050654,-0.259315977539561,0.7222172068249526,,,,,,,-0.6710393541876892,-0.15752076020888622,0.475,-0.1698381141721102,-0.17396707051879465,,,,
2002-03-31,0.6592922851176704,,,1.163036714374611,0.9333723213166799,0.45118904413805866,,0.381878453038674,-0.6666666666666666,,1.608144941478275,,5.468277945619335,,0.004964318957493019,,0.8734177215189873,,1.3295621943315068,2.1695713612812058,,1.436850968285153,-0.2987522281639929,,0.05996500715762685,,,-0.09809725158562368,0.39226118500604595,,0.13953488372093023,0.2552391187533584,,,,-0.7976661020139281,,,,,,,0.4611913357400722,,0.9257723167564634,,,,0.8440528634361234,,,,,0.6592922851176704,-0.33786713975951116,,0.7415363294397149,,,,-0.365623447578552,,,,,0.6204428044280442,,1.0454011741682974,-0.5622328388232336,-0.16884422110552763,0.3558951965065502,,,,,,,,0.1063343717549325,,0.44040697674418605,,,,,3.514925373134328,,,-0.12103424178895877,,,0.5063694267515924,,,,0.1771668575792287,,0.1673809331284871,-0.19295813695591904,-1.0631754678850716,,0.2978612866914884,-0.05717202654415518,0.4766633565044687,,,,,,,0.48940464177598386,0.04383186371029878,0.44166666666666665,0.0,0.546753650201926,,,,
2001-12-31,0.2681866922512557,,,0.48724331051649034,0.09708007853293789,0.9249560470065699,,0.24176795580110497,-0.6666666666666666,,1.8088824755491422,,,,-0.4802978591374496,,-0.1585496674533362,,0.8202227328972954,0.7385774846914743,,0.7206006174571989,-0.30207961972667857,,-0.33958962939398757,,,,0.007255139056831923,,0.43410852713178294,-0.35626007522837183,,,,-0.06437041219649915,,,,,,,-6.03971119133574,,0.5832784216442498,,,,0.2713656387665198,,,,,0.2681866922512557,-0.6461659767396019,,0.386755098000396,,,,-0.38300848298118867,,,,,-0.10280442804428044,,-0.9532941943900848,-0.18506411868242395,-0.5618090452261306,-0.18340611353711792,,,,-1.0,,,,-0.27414330218068533,,1.1758720930232558,,,,,-2.548507462686567,,6.757894736842105,-1.5186582809224318,,,0.6910828025477707,,,,0.14967544864452081,,0.22236597396296595,-0.21181036872747436,-1.2424215798260259,,0.3567408433630617,-0.3661732176280415,0.14083235533086577,,,,,,,0.5297679112008072,-0.09999143908911909,-0.425,-0.2283442203919341,0.8636222429325877,,,,
2001-09-30,0.22811671087533156,,,-0.2893590541381456,0.17661556455992314,0.7728324234292588,,0.49767955801104974,-0.6666666666666666,,1.7755331088664421,,,,-0.014892956872479057,,-0.01909461488950869,,0.707088562842496,0.5445124823363166,,0.6911310693236037,-0.3106357694592989,,-0.434388420550342,,,,-0.004353083434099154,,0.29069767441860467,-0.4078452444922085,,,,-0.32109919066440806,,,,,,,2.595667870036101,,0.574440869801155,,,,0.30462555066079294,,,,,0.22811671087533156,-0.3504829489453972,,0.2794496139378341,,,,-0.3778108958311704,,,,,1.3082656826568266,,0.30437051532941944,-0.2926829268292683,-0.1849246231155779,-0.5807860262008734,,,,,,,,0.4884735202492212,,1.745639534883721,,,,,0.7350746268656716,,,-2.5752620545073377,,,-0.4267515923566879,,,,-0.16342115311187477,,-0.14635724104471579,-0.31161630163570836,-0.7574026886916791,,-0.038098536669841546,-0.2320912029947252,0.4224970659925973,,,,,,,-0.5600403632694249,-0.11060696858145706,-0.041666666666666664,-0.12950866231184321,0.006213109661385523,,,,
2001-06-30,0.1319487555731136,,,0.010578718108276292,-0.10510046367851623,0.9693717035254927,,0.4406629834254144,-0.6666666666666666,,1.7736091069424402,,,,-0.1476884889854173,,0.0680111564042051,,0.38937010193860117,0.8591615638247763,,0.2827673309009262,-0.31348781937017234,,-0.4121202481310641,,,,-0.02079806529625151,,0.10852713178294573,-0.40999462654486835,,,,0.08545078110295501,,,,,,,2.8339350180505414,,0.43148959261986897,,,,-0.11145374449339207,,,,,0.1319487555731136,-0.4348511728760103,,0.02761829340724609,,,,-0.37476403376801576,,,,,-0.13970479704797048,,-1.6447488584474885,0.3510183555443802,-0.29246231155778896,-0.49563318777292575,,,,,,,,-0.3273104880581516,,-0.3008720930232558,,,,,0.47388059701492535,,,-0.4983927323549965,,,0.10828025477707007,,,,-0.2321496754486445,,-0.20295948896256166,-0.5090102578319934,-1.2599947280555313,,-0.09870984500822583,-0.2443423515399013,-0.3105533989347296,,,,,,,0.035317860746720484,-0.12875609964900264,-0.20833333333333334,-0.13405282590173245,0.8946877912395154,,,,
2001-03-31,0.13860827360460523,,,-0.05164903546981954,-0.32231922803792973,1.0145276209863978,,0.36994475138121546,-0.6666666666666666,,1.7017797017797018,,,,0.6466025442134657,,-0.036258313666595154,,0.26633669200400684,0.8553933113518606,,0.31588548975582376,-0.31681521093285797,,-0.2517894067122634,,,,-0.061426844014510276,,-0.06201550387596899,-0.4948952176249328,,,,0.266892527762093,,,,,,,3.0487364620938626,,0.36249467033605953,,,,-0.344273127753304,,,,,0.13860827360460523,0.06978119455943228,,-0.09552563848742823,,,,-0.39281779750313567,,,,,1.395350553505535,,2.32133072407045,-0.5340709077193865,0.3507537688442211,0.8995633187772926,,,,-1.0,,,,0.5399792315680166,,0.7718023255813954,,,,,2.8805970149253732,,,0.256324248777079,,,0.07643312101910828,,,,0.016800305460099276,,-0.05255923020942832,-0.3260327141668977,-1.0069413935506546,,0.06234306000519525,-0.0830355623617492,0.06138846258012097,,,,,,,-0.005045408678102927,-0.01575207602088862,0.9583333333333334,-0.03919341096279466,0.4473438956197577,,,,
2000-12-31,-0.37552909306394266,,,1.9657747355320474,-0.7094699026692844,0.6555010641251041,,0.3120441988950276,-0.6666666666666666,,1.1367644700978035,,,,-0.531182128451753,,-0.22677537009225487,,-0.13505391550291673,0.5435704192180876,,-0.42843109738984003,-0.5411764705882353,,-0.04692222045490695,,,,-0.08948004836759371,,-0.05813953488372093,-0.4755507791509941,,,,0.5552418595896856,,,,,,,-4.493682310469314,,-0.4435830846156828,,,,-0.7568281938325991,,,,,-0.37552909306394266,-0.6784939877784348,,-0.7195604830726589,,,,-0.6189482643941399,,,,,2.8462730627306274,,-0.5619047619047619,-0.37716872014080965,-0.6030150753768844,-0.6855895196506551,,,,,,,,0.9204569055036345,,0.8531976744186046,,,,,-1.705223880597015,,2.3719298245614033,-1.8512928022361985,,,0.535031847133758,,,,0.7056128293241696,,-0.1026926497938061,-0.47241474909897424,-1.361918987786662,,0.008658758334054897,-0.4900459418070444,0.08666606481899432,,,,,,,0.2875882946518668,-0.2311445937847787,8.991666666666667,-0.6526554955978415,1.0748679714196956,,,,
2000-09-30,-0.5519498843049834,,,0.12507778469197262,-0.8392998872133339,0.3575460349773295,,0.24176795580110497,-0.6666666666666666,,0.9956709956709957,,,,-0.2519391870927707,,-0.492812701137095,,-0.20481998703670967,0.2166745171926519,,-0.44835812517541396,-0.9851455733808675,,-0.30236996977890884,,,,0.34099153567110035,,-0.03488372093023256,-0.5980655561526061,,,,0.8179936006022962,,,,,,,2.9927797833935017,,-0.5614171091902787,,,,-0.791409691629956,,,,,-0.5519498843049834,-0.5010841711019121,,-0.8856662047119382,,,,-0.6061154206787178,,,,,1.262509225092251,,-0.22009132420091324,-0.28262509429218,-0.3768844221105528,-1.6724890829694323,,,,,,,,0.46272066458982347,,0.751453488372093,,,,,-1.623134328358209,,-0.34385964912280703,-3.016911250873515,,,0.14968152866242038,,,,-0.24436807941962582,,-0.17546696854532223,-0.4835042971998891,-1.2389069501801249,,-0.06927006667243918,-0.5649140718053428,-0.2961090547982306,,,,,,,-0.055499495459132187,-0.2842222412464686,-0.625,-0.3873899460380574,0.8574091332712023,,,,
2000-06-30,-0.6027428184434788,,,0.4548848786558805,-0.9651196791845942,0.35162394744147313,,0.2797790055248619,-0.6666666666666666,,0.9090909090909091,,,,-0.13527769159168476,,-0.5082600300364729,,-0.42613870720641095,0.28638718794159207,,-0.6855178220600617,-0.9884729649435532,,-0.39398759344679496,,,,-0.21910519951632407,,-0.29844961240310075,-0.8087049973132724,,,,0.9128552606813476,,,,,,,2.783393501805054,,-0.5865343617969688,,,,-0.9493392070484582,,,,,-0.6027428184434788,-0.42696629213483145,,-0.8419124925757275,,,,-0.49663851629419975,,,,,2.9156457564575646,,1.011480756686236,-0.6628111641941161,-0.28241206030150756,-0.22270742358078602,,,,,,,,0.6446521287642782,,-0.5625,,,,,0.9440298507462687,,,0.10258560447239692,,,0.04777070063694268,,,,-0.4245895379915999,,-0.36306299021589716,-0.6077072359301359,-1.2248484315965205,,-0.2701532600225128,-0.6377403437127787,-0.5994402816647106,,,,,,,-0.14631685166498487,-0.36058556630425476,-0.6583333333333333,-0.4470320931553536,0.8325566946256602,,,,
2000-03-31,-1.2368643828658503,,,-0.5756067205973865,-1.6299761894815992,-0.06810400666234848,,0.02121546961325967,-1.6666666666666667,,0.8372615039281706,,,,-0.604405833074775,,-1.2312808410212401,,-0.8591126038536326,-0.7404616109279322,,-1.3071849564973337,-1.5379679144385028,,-0.7528232861460156,,,,-0.026602176541717048,,-0.7674418604651163,-0.8194519075765717,,,,1.0159984942593638,,,,,,,1.8727436823104693,,-1.2826853754021474,,,,-1.454625550660793,,,,,-1.2368643828658503,-0.7250147841513898,,-1.5340526628390418,,,,-0.7519655571865552,,,,,1.1414760147601477,,0.4243966079582518,-0.8166960020115666,-0.6623115577889447,-0.46943231441048033,,,,,,,,0.39293873312564903,,-0.623546511627907,,,,,0.2873134328358209,,,-0.15457721872816213,,,0.35987261146496813,,,,-0.2962962962962963,,-0.24338966604673729,-0.546714721375104,-1.2916263948686406,,-0.1420036366785003,-0.7303045771652203,-0.6608287442448316,,,,,,,0.136226034308779,-0.38181662528893073,-0.49166666666666664,-0.5299630786708321,0.9506057781919851,,,,
1999-12-31,-1.5215305604153733,,,-0.5482265090230243,-2.0035924641797904,-0.1491625798093828,,-0.013259668508287293,-1.6666666666666667,,0.725669392336059,,,,-0.7942910331988831,,-1.2188371594078524,,-1.2192563785280772,-0.6330664154498351,,-1.7789783889980353,-1.5417706476530006,,-0.9968188325115317,,,,-0.6331318016928658,,-0.8023255813953488,-0.8269747447608813,,,,0.9881422924901185,,,,,,,0.5658844765342961,,-1.5547889453079577,,,,-1.9535242290748898,,,,,-1.5215305604153733,-0.8456534594914252,,-1.5904771332409424,,,,-0.8162438411387235,,,,,7.047011070110701,,-0.0609262883235486,-0.7835051546391752,-0.8160804020100503,-1.331877729257642,,,,,,,,3.066251298026999,,-0.8968023255813954,,,,,-1.626865671641791,,0.9122807017543859,-0.995946890286513,,,0.1464968152866242,,,,-0.03665521191294387,,-0.4277512735505781,-0.6864430274466315,-1.3338019506194534,,-0.33942332669495195,-0.8895695082525098,-0.7944389275074478,,,,,,,-0.015136226034308779,-0.5009845047513055,4.241666666666666,-0.8241976711161602,1.0251630941286114,,,,
1999-09-30,-2.511879902929059,,,-0.9663970130678282,-3.341158778562179,-0.5692606643841954,,-0.15646408839779005,-1.6666666666666667,,0.6538399871733205,,,,-0.7533354017995656,,-1.5157691482514482,,-2.53444110541512,-0.8666980687706076,,-3.3358125175413975,-1.9272727272727272,,-1.226181008430094,,,,-0.8817412333736396,,-1.426356589147287,-0.9559376679204729,,,,0.8285337850555242,,,,,,,-0.02888086642599278,,-2.803364471491143,,,,-3.56431718061674,,,,,-2.511879902929059,-0.8196333530455352,,-2.930013858641853,,,,-0.8135121708622781,,,,,0.7518081180811809,,0.8366601435094586,-1.09630374654262,-0.7829145728643216,-0.611353711790393,,,,,,,,0.180269989615784,,-0.46075581395348836,,,,,0.47761194029850745,,,-0.49280223619846264,,,-0.17197452229299362,,,,-0.5620465826651394,,-0.49890838521872727,-0.5722206820072082,-0.8171513926719972,,-0.415620400034635,-1.0508762974306618,-0.6536065721765821,,,,,,,-0.3077699293642785,-0.5972091430528208,-0.7583333333333333,-0.7884123828457824,0.11183597390493942,,,,
1999-06-30,-2.6099667024098427,,,-1.002489110143124,-3.4564518150298675,-0.5648190987323032,,-0.2766850828729282,-1.6666666666666667,,0.6166426166426167,,,,-1.1393112007446478,,-1.7680755202746192,,-2.571681103058158,-1.1417804992934526,,-3.467443165871457,-1.950564468211527,,-1.4154604739939558,,,,-1.1061668681983072,,-1.5155038759689923,-0.9817302525523912,,,,0.9181253529079616,,,,,,,0.15252707581227437,,-2.8458467382456685,,,,-3.586784140969163,,,,,-2.6099667024098427,-1.0648531440961955,,-3.00425658285488,,,,-0.8121580112994814,,,,,1.488339483394834,,-0.09484670580560992,-1.050037716872014,-1.0954773869346734,-0.6834061135371179,,,,,,,,0.17362409138110071,,-0.7747093023255814,,,,,0.26119402985074625,,-0.26666666666666666,-0.28315863032844163,,,-0.10828025477707007,,,,-0.6017563955708286,,-0.544190183553004,-0.6675907956750763,-1.0209999121342588,,-0.46410944670534243,-1.1727071635188022,-0.8269387018145707,,,,,,,-0.23713420787083753,-0.6680934851468197,-0.725,-0.8912240840670265,0.4721963342652998,,,,
1999-03-31,-2.730966758846436,,,-1.028624766645924,-3.554868624420402,-0.7380401591561025,,-0.28994475138121545,-1.6666666666666667,,0.5711079044412378,,,,-1.082221532733478,,-1.4162196953443467,,-2.7088562842496025,-0.35233160621761656,,-3.617878192534381,-2.1915626856803327,,-1.411324956258947,,,,-1.1110036275695283,,-1.5426356589147288,-0.968833960236432,,,,1.0009410878976097,,,,,,,-0.26805054151624547,,-3.0140703128028217,,,,-3.897136563876652,,,,,-2.730966758846436,-1.0285826926867732,,-3.126608592357949,,,,-0.8787150190137866,,,,,0.17468634686346862,,-0.1157208088714938,-0.9957254211717375,-1.0492462311557789,-0.9956331877729258,,-4.586956521739131,,,,,,-0.15036344755970923,,-1.2747093023255813,,,,,0.13059701492537312,-0.575809199318569,-0.28771929824561404,-0.2020964360587002,,,-0.5031847133757962,,,,-0.4948453608247423,-4.586956521739131,-0.3727662327160993,-0.4380371499861381,-0.6660223178982515,,-0.44852368170404366,-1.180193976518632,,,,,,,,-0.6407669021190716,-0.668778358017293,0.2916666666666667,-0.9321215563760296,-0.38521279900590244,,,,
1998-12-31,-2.6614368756701845,,,-1.0634723086496578,-3.572580308283554,-0.46118256685481634,,-0.28950276243093925,-1.6666666666666667,,0.5794452461119127,,,,-1.0152032268073223,,-1.4737180862475863,,-2.7559955217724355,-0.44747998115873766,,-3.6588548975582373,-2.194890077243018,,-1.4208684587243519,,,,-1.1680773881499396,,-1.5310077519379846,-1.0053734551316496,,,,1.55957086391869,,,,,,,0.5406137184115524,,-2.9139113919144153,,,,-3.890969162995595,,,,,-2.6614368756701845,-0.9860043366844077,,-3.1630370223718076,,,,-0.8925863551948142,,,,,0.30900369003690037,,0.30697977821265493,-1.1043500125722907,-0.9949748743718593,-0.15938864628820962,,-4.8478260869565215,,,,,,-0.0731048805815161,,-0.6991279069767442,,,,,0.7985074626865671,,0.23157894736842105,0.3150244584206848,,,-0.0031847133757961785,,,,-0.4948453608247423,-4.8478260869565215,-0.610495673971052,-0.6143609647906848,-0.7081978736490643,,-0.4260109100355009,-1.1835970733367365,,,,,,,,-0.11604439959636731,-0.6660388665353993,0.075,-0.9275773927861403,0.6088847468157813,,,,
1998-09-30,-2.7059089113381116,,,-0.9726197884256378,-3.61117841179665,-0.49153326547608034,,-0.2841988950276243,-1.6666666666666667,,0.5191598524931859,,,,-1.1492398386596339,,-1.5209182578845741,,-2.797242354604914,-0.5407442298634009,,-3.738282346337356,-2.203921568627451,,-1.4285032606966757,,,,-1.1651753325272067,,-1.5,-1.030091348737238,,,,1.582909843779409,,,,,,,0.17328519855595667,,-2.971277956509942,,,,-3.9176211453744494,,,,,-2.7059089113381116,-1.0711610486891385,,-3.161453177588596,,,,-0.9409504885927819,,,,,0.17173431734317343,,0.06692759295499022,-1.120442544631632,-1.1035175879396986,-1.1462882096069869,,-4.304347826086956,,,,,,-0.29989615784008306,,-1.126453488372093,,,,,-0.585820895522388,-0.6201022146507666,-0.41403508771929826,-0.5375262054507337,,,-0.09554140127388536,,,,-0.5009545628102329,-4.304347826086956,-0.6266677448047222,-0.5977266426393124,-0.6203321325015376,,-0.4762317083730193,-1.187000170154841,-0.7294393788932021,,,,,,,-0.27749747729566093,-0.6776817053334475,0.49166666666666664,-0.9446180062482249,0.4908356632494564,,,,
1998-06-30,-2.69721767594108,,,-1.0336029869321717,-3.567400476210368,-0.5581567502544647,,-0.24176795580110497,-1.6666666666666667,,0.4672118005451339,,,,-1.1690971144896058,,-1.7054280197382536,,-2.733132991573861,-1.0504003768252472,,-3.666432781364019,-2.2918597742127154,,-1.446317798632098,,,,-1.1506650544135428,,-1.5232558139534884,-1.0139709833422892,,,,1.647656691134952,,,,,,,0.2509025270758123,,-2.950657002209388,,,,-3.7651982378854627,,,,,-2.69721767594108,-1.0837768578750246,,-3.151554147693526,,,,-0.9323397913253075,,,,,1.9208118081180812,,0.15564253098499675,-1.170731707317073,-1.1195979899497488,-0.5982532751091703,,-5.239130434782608,,,,,,0.8357217030114227,,-1.4171511627906976,,,,,0.1791044776119403,,0.056140350877192984,0.5218728162124389,,,-0.10191082802547771,,,,-0.6155021000381825,-5.239130434782608,-0.6719495431389989,-0.6764624341558082,-0.7714612072752833,,-0.5264525067105377,-1.199251318700017,,,,,,,,-0.21695257315842584,-0.6937762177895728,-0.275,-0.9287134336836126,0.4846225535880708,,,,
1998-03-31,-2.863028387606524,,,-1.0560049782202863,-3.8108525836501106,-0.5651892292032942,,-0.28243093922651935,-1.6666666666666667,,0.421677088343755,,,,-1.2311511014582688,,-1.9993563612958594,,-3.079134994991456,-1.5902025435704192,,-4.092478248666854,-2.293285799168152,,-1.4825831080006362,,,,-1.170012091898428,,-1.624031007751938,-1.0354648038688876,,,,1.6890645586297761,,,,,,,0.17418772563176896,,-3.160742664444358,,,,-3.935242290748899,,,,,-2.863028387606524,-1.1232012615809186,,-3.4021975846367054,,,,-0.9469647292284495,,,,,-0.12199261992619927,,0.06431833007175473,-1.1858184561227056,-1.1698492462311558,-0.9956331877729258,,-4.913043478260869,,,,,,-0.3173416407061267,,-1.004360465116279,,,,,-0.3246268656716418,-0.524701873935264,-0.26666666666666666,-0.46205450733752623,,,-0.1305732484076433,,,,-0.5956471935853379,-4.913043478260869,-0.6816527856392011,-0.6664818408649847,-0.7187417625867675,,-0.5385747683782146,-1.1876807895184618,,,,,,,,-0.2472250252270434,-0.6903518534372057,0.058333333333333334,-0.9304174950298211,0.47840944392668533,,,,
1997-12-31,-2.8727354816863255,,,-0.8319850653391413,-3.7984878232173442,-0.5770334042750069,,-0.26519337016574585,-1.6666666666666667,,0.37999037999038,,,,-1.2497672975488676,,-1.8049774726453551,,-3.0586294266690235,-1.2171455487517664,,-4.0722705585181025,-2.2966131907308376,,-1.4412279306505487,,,,-1.2038694074969771,,-1.624031007751938,-1.0161203653949489,,,,1.7191793713532844,,,,,,,0.11101083032490974,,-3.1942323345866117,,,,-4.0187224669603525,,,,,-2.8727354816863255,-1.1350285826926867,,-3.431300732528212,,,,-0.9797198949170485,,,,,2.288339483394834,,-0.12093933463796477,-1.1294945939150114,-1.184924623115578,-0.8471615720524017,,-4.565217391304348,,,,,,1.0375908618899272,,-0.9898255813953488,,,,,-0.12313432835820895,,0.007017543859649123,-0.2859538784067086,,,-0.24522292993630573,,,,-0.6506300114547537,-4.565217391304348,-0.7867712460580577,-0.7208206265594677,-0.6625076882523504,,-0.6424798683868733,-1.1767908797005275,,,,,,,,-0.5196770938446014,-0.7054190565876209,0.4583333333333333,-0.9349616586197103,0.5094749922336129,,,,
1997-09-30,-3.136971612393476,,,-1.1978842563783447,-4.108943564894106,-0.5907282317016749,,-0.34519337016574586,-1.6666666666666667,,0.34407567740901074,,,,-1.1802668321439653,,-1.9658871486805407,,-3.3690413057568795,-1.2764955252001884,,-4.426185798484423,-2.3023172905525846,,-1.5656115794496581,,,,-1.3267230955259977,,-1.7248062015503876,-1.1569048898441698,,,,1.7425183512140034,,,,,,,-0.6687725631768953,,-3.496569634481957,,,,-4.345374449339207,,,,,-3.136971612393476,-1.0908732505420855,,-3.646901603642843,,,,-0.8848087431400957,,,,,0.30457564575645757,,0.11650358773646445,-1.1646970077948202,-1.128643216080402,-0.9650655021834061,,-5.478260869565218,,,,,,-0.3580477673935618,,-1.0392441860465116,,,,,-0.12686567164179105,,-0.32280701754385965,-0.3893780573025856,,,-0.2356687898089172,,,,-0.7361588392516227,-5.478260869565218,-0.7689819681410205,-0.7551982256723039,-0.810122133380195,,-0.6563338817213612,-1.2890930746979752,,,,,,,,-0.42885973763874874,-0.7646605598835716,-0.3416666666666667,-1.0014200511218403,0.391425908667288,,,,
1997-06-30,-3.1636096845194426,,,-1.222775357809583,-4.08538368352897,-0.7280466364393449,,-0.3394475138121547,-2.0,,0.31393298059964725,,,,-1.2237046230220292,,-1.889508689122506,,-3.327087384361558,-1.1219971738106453,,-4.386051080550098,-2.4686868686868686,,-1.585971051375855,,,,-1.3373639661426844,,-1.7170542635658914,-1.1558301988178399,,,,1.7628458498023716,,,,,,,-0.9449458483754513,,-3.523237334780418,,,,-4.35352422907489,,,,,-3.1636096845194426,-1.1184703331362114,,-3.6263116214610966,,,,-0.9451366119905569,,,,,2.2602952029520296,,-0.23574690150032615,-1.0641186824239377,-1.163819095477387,-0.8275109170305677,,-5.478260869565218,,,,,,1.0292834890965732,,-1.1409883720930232,,,,,0.014925373134328358,,-0.11228070175438597,-0.11544374563242488,,,-0.2484076433121019,,,,-0.7575410462008401,-5.478260869565218,-0.7528098973073502,-0.744108677571389,-0.810122133380195,,-0.6632608883886051,-1.3523906755147184,,,,,,,,-0.3884964682139253,-0.7978768941015324,-0.5083333333333333,-1.0485657483669413,0.30444237340789065,,,,
1997-03-31,-3.418025847959817,,,-1.2165525824517736,-4.404528175780108,-0.7954103821597113,,-0.3969060773480663,-2.0,,0.2869969536636203,,,,-1.0995966490847038,,-2.203175284273761,,-3.771846090389488,-1.6749882242110221,,-4.887594723547572,-2.545216874628639,,-1.587561635120089,,,,-1.4437726723095525,,-1.7170542635658914,-1.1708758731864588,,,,1.7786561264822134,,,,,,,-2.1949458483754514,,-3.8719330206597156,,,,-4.613215859030837,,,,,-3.418025847959817,-1.0396215257244235,,-3.796574935656306,,,,-1.035323729059933,,,,,0.70309963099631,,0.6461839530332681,-1.303495096806638,-1.0633165829145728,-0.9912663755458515,,-5.565217391304348,,,,,,0.029075804776739357,,-1.1758720930232558,,,,,-0.07462686567164178,-0.42248722316865417,-0.4421052631578947,-0.2915443745632425,,,-0.2643312101910828,,,,-0.7697594501718213,-5.565217391304348,-0.7738335893911216,-0.7629609093429442,-0.8241806519637993,,-0.6823101567235258,-1.3449038625148886,,,,,,,,-0.41876892028254287,-0.7978768941015324,-0.4583333333333333,-1.044021584777052,0.3168685927306617,,,,
1996-12-31,-3.4694960212201593,,,-1.224019912881145,-4.410877647353691,-0.8583325622281854,,-0.39027624309392267,-2.0,,0.261343594676928,,,,-1.3949736270555384,,-2.157691482514482,,-3.7322491308703083,-1.592086669806877,,-4.907241088969969,-2.6160427807486633,,-1.6600922538571656,,,,-1.437968561064087,,-1.678294573643411,-1.1676518001074692,,,,1.7929606625258798,,,,,,,-2.2779783393501805,,-3.907283228032094,,,,-4.644933920704846,,,,,-3.4694960212201593,-1.2272816873644785,,-3.813205305880024,,,,-1.07358629902058,,,,,0.21749077490774907,,-0.12615786040443575,-1.2451596680915262,-1.3025125628140704,-0.9366812227074236,,,,,,,,-0.12045690550363447,,-0.9287790697674418,,,,,0.0,,-0.3157894736842105,-0.45925925925925926,,,-0.28662420382165604,,,,-0.7453226422298588,,-0.7592787256408183,-0.7662877737732188,-0.8663562077146121,,-0.6944324183912027,-1.3244852816062618,-1.1049923264421775,,,,,,,-0.44904137235116043,-0.790000856091088,-0.075,-1.0400454416358988,0.33550792171481825,,,,
1996-09-30,-3.4924092781759692,,,-1.3235843186060983,-4.4356071682192235,-0.8701767372998982,,-0.38850828729281767,-2.0,,0.23825557158890492,,,,-1.3229910021718896,,-2.110491310877494,,-3.774910140828472,-1.4658502119642016,,-4.941762559640752,-2.623648247177659,,-1.6734531573087323,,,,-1.4495767835550182,,-1.7093023255813953,-1.1977431488447072,,,,1.8080180688876342,,,,,,,-2.315884476534296,,-3.9322454358696075,,,,-4.701762114537445,,,,,-3.4924092781759692,-1.1815493790656417,,-3.836764997030291,,,,-1.1276159505505012,,,,,0.3591881918819188,,0.08519243313763862,-1.2682926829268293,-1.2442211055276382,-0.8406113537117904,,,,,,,,-0.0407061266874351,,-1.1119186046511629,,,,,0.10820895522388059,,-0.26666666666666666,-0.16016771488469603,,,-0.2898089171974522,,,,-0.7880870561282932,,-0.7528098973073502,-0.7596340449126698,-0.85932694842281,,-0.6875054117239587,-1.380976688786796,-1.0472149498961814,,,,,,,-0.41876892028254287,-0.8170533344747881,-0.6083333333333333,-1.0690144845214429,0.273376825100963,,,,
1996-06-30,-3.546362661549749,,,-1.2924704418170505,-4.500605706169848,-0.8994170445081892,,-0.418121546961326,-2.0,,0.21773288439955107,,,,-1.3515358361774743,,-2.2078953014374596,,-3.8166283660361793,-1.6156382477626001,,-4.997895032276172,-2.647415329768271,,-1.6890408780022268,,,,-1.4669891172914147,,-1.8372093023255813,-1.1988178398710372,,,,1.8102766798418972,,,,,,,-2.3971119133574006,,-3.998759641846583,,,,-4.737444933920705,,,,,-3.546362661549749,-1.1996846047703529,,-3.9038804197188677,,,,-1.1608544460619026,,,,,0.8123247232472325,,0.059099804305283755,-1.281367865225044,-1.2673366834170854,-0.962882096069869,,,,,,,,0.21433021806853583,,-0.9927325581395349,,,,,-0.07835820895522388,,-0.2807017543859649,-0.4313067784765898,,,-0.30254777070063693,,,,-0.6002290950744559,,-0.7625131398075523,-0.6132520099805933,-0.3743080572884632,,-0.6978959217248246,-1.3979921728773184,-1.0941590683398033,,,,,,,-0.41876892028254287,-0.8276688639671261,1.5416666666666667,-1.1564896336268107,0.22988505747126436,,,,
1996-03-31,-3.4694960212201593,,,-1.224019912881145,-4.410877647353691,-0.8583325622281854,,-0.39027624309392267,-2.0,,0.261343594676928,,,,-1.3949736270555384,,-2.157691482514482,,-3.7322491308703083,-1.592086669806877,,-4.907241088969969,-2.6160427807486633,,-1.6600922538571656,,,,-1.437968561064087,,-1.678294573643411,-1.1676518001074692,,,,1.7929606625258798,,,,,,,-2.2779783393501805,,-3.907283228032094,,,,-4.644933920704846,,,,,-3.4694960212201593,-1.2272816873644785,,-3.813205305880024,,,,-1.1303858254303565,,,,,-0.000959409594095941,,-0.058317025440313114,-1.2491828011063615,-1.2804020100502513,-0.9148471615720524,,,,,,,,-0.23509865005192107,,-1.3270348837209303,,,,,-0.026119402985074626,,-0.2736842105263158,,,,-0.30254777070063693,,,,-0.8018327605956472,,-0.7689819681410205,-0.7662877737732188,-0.8452684298392057,,-0.7048229283920686,-1.3966309341500767,-1.1086034124763022,,,,,,,-0.42885973763874874,-0.8283537368375995,-0.5916666666666667,-1.0826469752911105,0.24852438645542094,,,,
1995-12-31,-3.6164569106608724,,,-1.282514001244555,-4.590500856343206,-0.9219950032386416,,-0.41635359116022097,-2.0,,0.1811768478435145,,,,-1.3279553211293826,,-2.223771722806265,,-3.9450827882858994,-1.652378709373528,,-5.145523435307325,-2.6493166963755197,,-1.6845872435183713,,,,-1.4756952841596132,,-1.8527131782945736,-1.2009672219236969,,,,1.8102766798418972,,,,,,,-2.7788808664259927,,-4.097213070274042,,,,-4.847797356828194,,,,,-3.6164569106608724,-1.1847033313621131,,-3.9458523064739657,,,,-1.108380711206876,,,,,0.17616236162361623,,0.0009132420091324201,-1.2398290168468695,-1.2482412060301507,-0.9469432314410481,,,,,,,0.528,-0.14272066458982346,,-1.403779069767442,,,,,-0.07985074626865672,,-0.24070175438596492,0.0883298392732355,,,-0.3076433121019108,,,,-0.8004581901489118,,-0.7733484272661114,-0.7662877737732188,-0.8357789297952728,,-0.7094986578924583,-1.3941807044410413,-1.1125756071138395,,,,,,,-0.4389505549949546,-0.8280455440458865,-0.5316666666666666,-1.0826469752911105,0.24603914259086673,,,,
1995-09-30,-3.6271234268299564,,,-1.2827629122588675,-4.605873261205564,-0.9454242620523735,,-0.4148950276243094,-2.1,,0.16315536315536316,,,,-1.3164132795532113,,-2.231581205749839,,-3.9665075717400273,-1.6748940178991993,,-5.168425484142577,-2.6691384432560903,,-1.6794337521870526,,,,-1.4756952841596132,,-1.8251937984496125,-1.198387963460505,,,,1.8153961980048936,,,,,,,-2.8308664259927796,,-4.114376526221947,,,,-4.8640528634361235,,,,,-3.6271234268299564,-1.177370392272817,,-3.95636507622253,,,,-1.0999172047988104,,,,,0.07446494464944649,,0.039269406392694065,-1.2452602464168971,-1.238894472361809,-0.8777292576419214,,,,,,,0.535,-0.20062305295950156,,-1.2944767441860465,,,,,0.07574626865671642,,-0.31859649122807016,-0.03214535290006988,,,-0.30859872611464967,,,,-0.8024436807941963,,-0.7688202474326837,-0.7631827003049626,-0.8357789297952728,,-0.7046497532253875,-1.3952696954228347,-1.1013812404080527,,,,,,,-0.4308779011099899,-0.8276346203236025,-0.6,-1.08122692416927,0.23671947809878843,,,,
1995-06-30,-3.6364693267114396,,,-1.2848786558805227,-4.615681523873178,-0.9555658369575275,,-0.40954696132596685,-2.1,,0.14564694564694564,,,,-1.323115110145827,,-2.2413645140527785,,-3.980932178422014,-1.7098445595854923,,-5.187117597530171,-2.66951871657754,,-1.6832193414983299,,,,-1.4816928657799275,,-1.819767441860465,-1.1960236432025793,,,,1.815923207227555,,,,,,,-2.8324007220216605,,-4.125369200356603,,,,-4.871960352422907,,,,,-3.6364693267114396,-1.1816282278730534,,-3.9700653335973075,,,,-1.0999172047988104,,,,,0.0028782287822878227,,0.05492498369210698,-1.2567261755091779,-1.244321608040201,-0.8770742358078603,,,,,,,,-0.24157840083073728,,-1.327906976744186,,,,,-0.010447761194029851,,-0.15368421052631578,0.0008385744234800838,,,-0.31146496815286623,,,,-0.8155784650630011,,-0.7760976793078354,-0.7718325478236762,-0.8473772076267463,,-0.7124426357260368,-1.3968351199591629,-1.1143811501309018,,,,,,,-0.4318869828456105,-0.829963188083212,-0.6683333333333333,-1.080204487361545,0.23920472196334266,,,,
1995-03-31,-3.6556916304531857,,,-1.266957062850031,-4.633610426500689,-0.9664846858517627,,-0.42877348066298343,-2.1,,0.12865159531826198,,,,-1.337263419174682,,-2.275005363655868,,-3.9826998998291203,-1.7191709844559586,,-5.192422116194218,-2.6711348781937017,,-1.6904405916971528,,,,-1.4880773881499396,,-1.8937984496124032,-1.2228909188608275,,,,1.81622435535479,,,,,,,-2.811823104693141,,-4.1482538082871425,,,,-4.878325991189428,,,,,-3.6556916304531857,-1.1906169919179972,,-4.003801227479707,,,,-1.1743960538773175,,,,,-0.0005166051660516605,,-0.03666014350945858,-1.2328891123962786,-1.2557788944723618,-0.9205240174672489,,,,,,,,-0.24365524402907582,,-1.2377906976744186,,,,,-0.019029850746268655,,-0.27649122807017545,-0.14143955276030748,,,-0.32070063694267514,,,,-0.8169530355097365,,-0.7793320934745694,-0.7726088161907402,-0.842808189087075,,-0.7159061390596588,-1.4157563382678238,-1.1111311727001896,,,,,,,-0.4439959636730575,-0.840167793853266,-0.65,-1.0966202783300198,0.23174899036968002,,,,
1994-12-31,-3.6621818387042158,,,-1.246670815183572,-4.637804419566398,-0.9767743129453133,,-0.42811049723756905,-2.1,,0.11274651274651275,,,,-1.307849829351536,,-2.2754773653722378,,-3.9847504566613634,-1.7213377296278851,,-5.188212180746562,-2.67146761734997,,-1.6811833943057102,,,,-1.4963966142684402,,-1.9027131782945736,-1.2232133261687266,,,,1.8144927536231885,,,,,,,-2.823014440433213,,-4.161680685297879,,,,-4.883612334801762,,,,,-3.6621818387042158,-1.1719298245614036,,-4.018491387843992,,,,-1.1169437860203033,,,,,-0.016309963099630995,,-0.18199608610567514,-1.1530299220517979,-1.2319597989949749,-0.9198689956331878,,,,,,,,-0.2513811007268951,,-1.4453488372093024,,,,,-0.006716417910447761,,-0.29403508771929826,0.058979734451432564,,,-0.3248407643312102,,,,-0.8161893852615502,,-0.7809493005579364,-0.7757138896589963,-0.8491345224496969,,-0.7176378907264698,-1.416709205376893,-1.1024645662182901,,,,,,,-0.47124117053481335,-0.840989641297834,-0.625,-1.0982675376313547,0.23796210003106555,,,,
1994-09-30,-3.663920085783622,,,-1.332545115121344,-4.635381594887004,-0.985028222448413,,-0.42563535911602207,-2.066666666666667,,0.09151835818502485,,,,-1.2093080980452995,,-2.2725166273331903,,-3.9982794178304166,-1.7219029674988224,,-5.182037608756666,-2.667379679144385,,-1.6779386034674726,,,,-1.4973639661426843,,-1.8996124031007753,-1.2211714132186997,,,,1.8160737812911727,,,,,,,-2.8422382671480144,,-4.165649831388814,,,,-4.8819383259911895,,,,,-3.663920085783622,-1.109323871476444,,-4.019342704414967,,,,-1.1473128382464874,,,,,-0.0005166051660516605,,0.11702544031311155,-1.1884334925823485,-1.1521608040201006,-0.9117903930131004,,,,-1.228125,,,,-0.24299065420560748,,-1.4561046511627906,,,,,-0.008955223880597015,,-0.24912280701754386,0.07966457023060797,,,-0.32452229299363056,,,,-0.8172584956090111,,-0.7799789763079162,-0.7753812032159689,-0.8501889113434672,,-0.7165988397263833,-1.4162327718223584,-1.1082423038728897,,,,,,,-0.46417759838546924,-0.8405444739320264,-0.6466666666666666,-1.0971314967338823,0.237340789064927,,,,
1994-06-30,-3.6672949940741577,,,-1.3295581829495955,-4.635749195872844,-0.9951697973535671,,-0.42753591160220994,-2.066666666666667,,0.07510020843354177,,,,-1.252994104871238,,-2.2659944217978976,,-3.987272405868835,-1.7045690061234102,,-5.178809991580129,-2.66756981580511,,-1.6898361698743438,,,,-1.4998790810157194,,-1.9073643410852714,-1.2199892530897367,,,,1.8150197628458498,,,,,,,-2.846750902527076,,-4.164486995619986,,,,-4.8857709251101324,,,,,-3.6672949940741577,-1.1370786516853932,,-4.0168679469412,,,,-1.1473128382464874,,,,,-0.025313653136531365,,0.0426614481409002,-1.1951722403821976,-1.187537688442211,-0.9355895196506551,,,,,,,,-0.2598546209761163,,-1.4534883720930232,,,,,-0.023134328358208955,,-0.27017543859649124,0.046680642907058,,,-0.32261146496815285,,,,-0.8145093547155403,,-0.7733484272661114,-0.7697255336845024,-0.8466742816975661,,-0.7094986578924583,-1.4192955589586524,-1.0956035027534532,,,,,,,-0.4581231079717457,-0.840681448506121,-0.685,-1.098381141721102,0.23112767940354148,,,,
1994-03-31,-3.6685817484056664,,,-1.3263223397635346,-4.632607878357492,-1.0008327935597299,,-0.4432707182320442,-2.1,,0.05868205868205868,,,,-1.2613093391250387,,-2.268311521132804,-0.7735280263777673,-3.978504507689588,-1.705511069241639,,-5.170249789503227,-2.6623410576351754,,-1.6936853825353906,,,,-1.5086819830713423,,-1.9031007751937985,-1.2206340677055347,,,,1.814568040654997,,,,,,,-2.852797833935018,,-4.164378464281561,,,,-4.880440528634361,,,,,-3.6685817484056664,-1.1423615217819831,,-4.01540289051673,,,,-1.2583540320828497,,,,,0.22162361623616236,,0.4460534898891063,-1.3574050792054313,-1.1942713567839196,-0.9281659388646288,,,,-1.2296875,,,,-0.24232606438213916,,-1.4482558139534885,,,,,0.009701492537313432,,-0.2926315789473684,0.05115303983228511,,,-0.3471337579617834,,,,-0.8279495990836196,,-0.7867712460580577,-0.7803714998613807,-0.8512433002372375,,-0.7238721967269893,-1.4209971073677046,-1.1118533899070144,,,,,,,-0.4883955600403633,-0.8443797620066775,-0.6933333333333334,-1.0995171826185743,0.23796210003106555,,,,
1993-12-31,,,,,,,,,,,,,,,,,,,,,,,,,,,,,,,,,,,,,,,,,,,,,,,,,,,,,,,,,,,,,-1.1450107633334985,,,,,,,,,,,,,,,,,,,,,,,,,,,,,,,-0.42579617834394906,,,,-0.7360061092019855,,-0.45863992884288834,-0.7029664541169948,-1.319040506106669,,-0.5903541432158629,,-0.7110228401191658,,,,,,,-0.6337033299697276,-0.8423593870387809,,,-0.5641503572538056,,,,
1993-09-30,,,,,,,,,,,,,,,,,,,,,,,,,,,,,,,,,,,,,,,,,,,,,,,,,,,,,,,,,,,,,-1.1341944030092996,,,,,,,,,,,,,,,,,,,,,,,,,,,,,,,-0.36910828025477704,,,,-0.7389079801450935,,-0.4935716018436161,-0.7050734682561686,-1.249802302082418,,-0.5936444713828037,,-0.7178839035840029,,,,,,,-0.8133198789101918,-0.8430100162657307,,,-0.44175209692451073,,,,
1993-06-30,,,,,,,,,,,,,,,,,,,,,,,,,,,,,,,,,,,,,,,,,,,,,,,,,,,,,,,,,,,,,-1.183705911535562,,,,,,,,,,,,,,,,,,,,,,,,,,,,,,,-0.3732484076433121,,,,-0.7395189003436426,,-0.49276299830193254,-0.7055170501802052,-1.252965468763729,,-0.5943371720495281,,-0.7193283379976528,,,,,,,-0.8002018163471241,-0.8431469908398254,,,-0.4473438956197577,,,,
1993-03-31,,,,,,,,,,,,,,,,,,,,,,,,,,,,,,,,,,,,,,,,,,,,,,,,,,,,,,,,,,,,,-1.2103659545881646,,,,,,,,,,,,,,,,,,,,,,,,,,,,,,,-0.37547770700636945,,,,-0.7384497899961817,,-0.4893668634268618,-0.7047407818131411,-1.2578859502679904,,-0.5931249458827604,,-0.7168005777737655,,,,,,,-0.79313824419778,-0.8429072853351597,,,-0.4560422491456974,,,,
1992-12-31,,,,,,,,,,,,,,,,,,,,,,,,,,,,,,,,,,,,,,,,,,,,,,,,,,,,,,,,,,,,,-1.204381046093579,,,,,,,,,,,,,,,,,,,,,,,,,,,,,,,-0.3942675159235669,,,,-0.7572355861015655,,-0.5196086358858252,-0.7183809259772664,-1.2353923205342237,,-0.6144254913845355,,-0.7612169359935,,,,,,,-0.7336024217961655,-0.8471192534885712,,,-0.4162783473128301,,,,
1992-09-30,,,,,,,,,,,,,,,,,,,,,,,,,,,,,,,,,,,,,,,,,,,,,,,,,,,,,,,,,,,,,-1.1659325505161142,,,,,,,,,,,,,,,,,,,,,,,,,,,,,,,-0.38949044585987264,,,,-0.771897670866743,,-0.5530848225115226,-0.7290268921541447,-1.1963799314647219,,-0.6310503073859208,,-0.7958833619210978,,,,,,,-0.7487386478304743,-0.8504066432668436,,,-0.34731283007145075,,,,
1992-06-30,,,,,,,,,,,,,,,,,,,,,,,,,,,,,,,,,,,,,,,,,,,,,,,,,,,,,,,,,,,,,-1.2888226527143958,,,,,,,,,,,,,,,,,,,,,,,,,,,,,,,-0.4047770700636943,,,,-0.8030546009927453,,-0.6113042775127355,-0.7516495702800111,-1.1415517089886653,,-0.6663780413888648,,-0.8695495170172429,,,,,,,-0.7003027245206862,-0.8573923465456724,,,-0.2503883193538366,,,,
1992-03-31,,,,,,,,,,,,,,,,,,,,,,,,,,,,,,,,,,,,,,,,,,,,,,,,,,,,,,,,,,,,,-1.2827289285880865,,,,,,,,,,,,,,,,,,,,,,,,,,,,,,,-0.40445859872611467,,,,-0.8003054600992745,,-0.6056440527209509,-0.7496534516218464,-1.147526579386697,,-0.6632608883886051,,-0.8630495621558184,,,,,,,-0.7013118062563067,-0.8567759609622464,,,-0.26095060577819196,,,,
1991-12-31,,,,,,,,,,,,,,,,,,,,,,,,,,,,,,,,,,,,,,,,,,,,,,,,,,,,,,,,,,,,,-1.2504680370508208,,,,,,,,,,,,,,,,,,,,,,,,,,,,,,,-0.40955414012738856,,,,-0.8033600610920199,,-0.6095253497210318,-0.7518713612420294,-1.1461207275283367,,-0.6667243917222271,,-0.8702717342240679,,,,,,,-0.6851664984863775,-0.8574608338327198,,,-0.2584653619136378,,,,
1991-09-30,,,,,,,,,,,,,,,,,,,,,,,,,,,,,,,,,,,,,,,,,,,,,,,,,,,,,,,,,,,,,-1.1852293425671392,,,,,,,,,,,,,,,,,,,,,,,,,,,,,,,-0.3993630573248408,,,,-0.7952653684612447,,-0.5975580173041158,-0.7459939007485445,-1.153501449784729,,-0.6575461078881288,,-0.8511329782432067,,,,,,,-0.7174571140262361,-0.8556459207259652,,,-0.2715128922025474,,,,
1991-06-30,,,,,,,,,,,,,,,,,,,,,,,,,,,,,,,,,,,,,,,,,,,,,,,,,,,,,,,,,,,,,-1.4046034111142705,,,,,,,,,,,,,,,,,,,,,,,,,,,,,,,-0.410828025477707,,,,-0.812065673921344,,-0.627314627638069,-0.7581924036595509,-1.1274931904050611,,-0.6765953762230497,,-0.8908549246185791,,,,,,,-0.6811301715438951,-0.8594127215135691,,,-0.2255358807082945,,,,
1991-03-31,,,,,,,,,,,,,,,,,,,,,,,,,,,,,,,,,,,,,,,,,,,,,,,,,,,,,,,,,,,,,-1.351283325009065,,,,,,,,,,,,,,,,,,,,,,,,,,,,,,,-0.41496815286624206,,,,-0.8248949980908744,,-0.652381337430258,-0.7675076240643194,-1.1025393199191635,,-0.6911420902242619,,-0.9211880473052271,,,,,,,-0.6680121089808274,-0.8622891875695574,,,-0.1814228021124573,,,,
1990-12-31,,,,,,,,,,,,,,,,,,,,,,,,,,,,,,,,,,,,,,,,,,,,,,,,,,,,,,,,,,,,,-1.3393135110667556,,,,,,,,,,,,,,,,,,,,,,,,,,,,,,,-0.4321656050955414,,,,-0.8598701794578083,,-0.7177165035982858,-0.7929026892154145,-1.041033301115895,,-0.7307992033942333,,-1.0038819174866842,,,,,,,-0.6135216952573158,-0.8701309819364781,,,-0.07269338303821063,,,,
1990-09-30,,,,,,,,,,,,,,,,,,,,,,,,,,,,,,,,,,,,,,,,,,,,,,,,,,,,,,,,,,,,,-1.4147596169758319,,,,,,,,,,,,,,,,,,,,,,,,,,,,,,,-0.42388535031847135,,,,-0.8520809469263078,,-0.7054257297646964,-0.7872470196839478,-1.0498198752306476,,-0.7219672698934972,,-0.9854653787126478,,,,,,,-0.6397578203834511,-0.8683845561167708,,,-0.08822615719167444,,,,
1990-06-30,,,,,,,,,,,,,,,,,,,,,,,,,,,,,,,,,,,,,,,,,,,,,,,,,,,,,,,,,,,,,-1.3436661698511785,,,,,,,,,,,,,,,,,,,,,,,,,,,,,,,-0.4286624203821656,,,,-0.8583428789614357,,-0.7162610172232554,-0.791793734405323,-1.0406818381513048,,-0.7290674517274223,,-1.0002708314525595,,,,,,,-0.6246215943491423,-0.8697885455012413,,,-0.07207207207207207,,,,
1990-03-31,,,,,,,,,,,,,,,,,,,,,,,,,,,,,,,,,,,,,,,,,,,,,,,,,,,,,,,,,,,,,-1.4350720317458165,,,,,,,,,,,,,,,,,,,,,,,,,,,,,,,-0.43662420382165607,,,,-0.8843069873997709,,-0.7672030403493167,-0.8106459661768783,-0.9897197082857394,,-0.758507230063209,,-1.0616592940326803,,,,,,,-0.5993945509586277,-0.8756099649002654,,,0.018018018018018018,,,,
