,totalAssets,intangibleAssets,earningAssets,otherCurrentAssets,totalLiab,totalStockholderEquity,deferredLongTermLiab,otherCurrentLiab,commonStock,capitalStock,retainedEarnings,otherLiab,goodWill,otherAssets,cash,cashAndEquivalents,totalCurrentLiabilities,currentDeferredRevenue,netDebt,shortTermDebt,shortLongTermDebt,shortLongTermDebtTotal,otherStockholderEquity,propertyPlantEquipment,totalCurrentAssets,longTermInvestments,netTangibleAssets,shortTermInvestments,netReceivables,longTermDebt,inventory,accountsPayable,totalPermanentEquity,noncontrollingInterestInConsolidatedEntity,temporaryEquityRedeemableNoncontrollingInterests,accumulatedOtherComprehensiveIncome,additionalPaidInCapital,commonStockTotalEquity,preferredStockTotalEquity,retainedEarningsTotalEquity,treasuryStock,accumulatedAmortization,nonCurrrentAssetsOther,deferredLongTermAssetCharges,nonCurrentAssetsTotal,capitalLeaseObligations,longTermDebtTotal,nonCurrentLiabilitiesOther,nonCurrentLiabilitiesTotal,negativeGoodwill,warrants,preferredStockRedeemable,capitalSurpluse,liabilitiesAndStockholdersEquity,cashAndShortTermInvestments,propertyPlantAndEquipmentGross,propertyPlantAndEquipmentNet,accumulatedDepreciation,netWorkingCapital,netInvestedCapital,commonStockSharesOutstanding,investments,changeToLiabilities,totalCashflowsFromInvestingActivities,netBorrowings,totalCashFromFinancingActivities,changeToOperatingActivities,changeInCash,beginPeriodCashFlow,endPeriodCashFlow,totalCashFromOperatingActivities,issuanceOfCapitalStock,depreciation,otherCashflowsFromInvestingActivities,dividendsPaid,changeToInventory,changeToAccountReceivables,salePurchaseOfStock,otherCashflowsFromFinancingActivities,changeToNetincome,capitalExpenditures,changeReceivables,cashFlowsOtherOperating,exchangeRateChanges,cashAndCashEquivalentsChanges,changeInWorkingCapital,stockBasedCompensation,otherNonCashItems,freeCashFlow,researchDevelopment,effectOfAccountingCharges,incomeBeforeTax,minorityInterest,sellingGeneralAdministrative,sellingAndMarketingExpenses,grossProfit,reconciledDepreciation,ebit,ebitda,depreciationAndAmortization,nonOperatingIncomeNetOther,operatingIncome,otherOperatingExpenses,interestExpense,taxProvision,interestIncome,netInterestIncome,extraordinaryItems,nonRecurring,otherItems,incomeTaxExpense,totalRevenue,totalOperatingExpenses,costOfRevenue,totalOtherIncomeExpenseNet,discontinuedOperations,netIncomeFromContinuingOps,netIncomeApplicableToCommonShares,preferredStockAndOtherAdjustments,adjusted_close,10%DDret
2023-09-30,2.156517572650392,1.5343518084702426,,2.3533747984335407,1.814937755414208,2.4480125757916014,,4.241224593819688,,,2.190018400460377,,1.7509225092250922,-0.2918178894657049,0.8561076604554866,0.511386627189736,2.3294143194592847,,1.6762140407472947,-0.3269230769230769,,1.6643507472956591,0.6613374021566588,2.9475548650761687,1.68213912735059,,,,1.7839512223812417,0.7446643615118635,1.6729693741677762,1.5030608570399713,,,,,,,,,,,-0.9081920903954802,,2.904172370692221,-0.5442208976400134,0.3038534836793881,-0.6025324825986079,1.4606877136537302,,,,,2.156517572650392,0.8919868791002812,,3.846685310083896,,-0.0310596833130328,-0.3433549939831528,0.6233183856502242,,,,,,,,0.3928490093372808,,,,,,,,,,,,-0.9345794392523364,,,,,,,,,,,1.6124134591470032,,2.070364353678348,,2.2082992975004085,,2.205162868306541,1.383665065202471,-1.1176470588235294,,1.608006945588378,1.891573499556801,2.127622377622377,0.5510779274287377,0.1007719298245614,-1.2177636122177955,,,,0.8967851099830795,2.681611107093788,2.327716385819291,2.1374160569309413,-0.3076923076923077,,1.914590747330961,1.3556201550387597,,28.6747,0.0938160304268206
2023-06-30,2.263405284971611,-0.1069682705952105,,2.8610919143054594,2.1279448789339943,2.3636125458492403,,-1.6458205373261123,0.6851557544216249,2.6461664803704634,2.134499697450003,,6.038317994356414,-0.1539945789497863,0.3578329882677709,-0.5574512706637059,2.3157938237707523,0.0303017333504013,2.265280235526254,-0.3192307692307692,,2.0730415706409566,0.0310894411297826,2.909440864910611,1.812057878869484,,,,2.2498480600701862,0.9574043162036484,1.739256748577654,1.6826311367182811,,,,-0.3765656565656565,,,,,,,-0.9081920903954802,,2.8971489792274268,-0.3893612926204973,0.6855824597434249,0.2164930394431554,1.8354171348813,,,,2.4797214437367305,2.263405284971611,0.3844892221180881,,3.7887810495147214,,0.3095141426444715,-0.2059398315282792,0.3318385650224215,-1.1548722889486651,,-2.4791928003965804,,-0.2622453067837328,,-0.059028278610742,0.4185834661808244,0.453079198920591,0.754054054054054,0.7660550458715596,3.166848569894149,-0.553329517267697,-3.1049324618736382,1.7815844647931796,-1.318959316828996,0.8637565871155987,-0.1236321734843931,,3.956386292834891,,,,,-0.3839329032443686,1.2906540290168882,-0.1694168679009033,0.426207632772885,,,2.8013943969914314,,1.870967741935484,,2.293089364482928,3.166848569894149,3.3923289545560573,2.2989704873026766,-0.8615916955017301,,2.506668599757649,1.969290595602322,2.281468531468532,1.124613576037957,4.110796992481203,-1.3452536520584328,,,,1.6457980823463056,2.895075565839901,2.112905645282264,2.3812769369549964,-4.856711915535445,,3.0631672597864767,2.606589147286822,,24.8228,0.2959134344231915
2023-03-31,2.1794973766800028,1.59557115060366,,2.7505183137525915,2.0942542500873165,2.231304738378621,305000.0,3.367060847403632,0.6660573361799071,1.368706800191619,2.035313463933591,,1.7509225092250922,-0.2920016538797262,0.2112951460777547,-0.8717863311127559,2.113343728763925,,2.340072349155144,-0.3137820512820513,,2.104492356576758,0.0081544145820789,2.5565615281505187,1.6994265972190294,,2.21866704255796,,1.7147058246907287,0.6495171098128055,1.862437961505871,1.6521425999279795,,,,-0.4686868686868687,,0.6882116054329096,,1.4171242993898392,-0.4967382279682125,,-0.3785310734463277,,2.936432355216952,0.0457204548152856,0.1331264426822737,13.95779234338747,1.8574182940821613,,,,2.3018021231422505,2.1794973766800028,0.2352389878163074,7.298019801980198,3.6927126172067775,-1.5346144370534611,0.1079307078089051,1.3417665463297233,0.2197309417040358,0.18864656035524,,-0.0412852291436087,-2.011411992263056,-3.377803676950992,,-2.50579237046878,1.1783192894557049,0.4791385114148148,2.053783783783784,0.0,3.2465395076485977,,-3.109289760348584,3.2523770129460057,-0.2607516323427895,27.101120792318504,-3.532086334526531,1.1529170079290685,1.249221183800623,,,,-1.2541313831260632,1.3211253832769982,1.4693923408079994,-0.1805965477148734,1.941553242594076,,,0.5069468940162318,,1.744906010675331,,1.6819147198170237,3.2465395076485977,1.110406446021205,1.2908716540837335,3.3806228373702423,0.9223715846994536,0.7792976110154595,1.715609184227833,2.487762237762238,-0.0483704763887293,4.461674185463659,-1.5311766268260292,,,,0.113931190073322,2.352881625569456,1.977098854942747,2.0047108349203167,-5.279034690799397,,0.8807829181494662,0.2296511627906976,,22.7638,0.0621732751122395
2022-12-31,2.3119139455211903,1.6389628821158078,,2.1626353374798435,2.413775694487303,2.190657983381989,305285.0,-127.04474758415633,0.6597903266511606,0.9495175308529324,2.018722899806838,,1.7509225092250922,-0.1539945789497863,0.9787209569818266,0.7744016777695534,1.8183361744191149,1.0089945450641202,2.747921136288896,-0.3413461538461538,,2.660499338820629,-0.0173509223274399,2.843607591897375,1.867992564811592,,2.054071007675528,,1.6857686199933342,1.2598366519613688,2.0966468950490253,1.6322170207658144,,,,-0.5566860606060606,,0.6817969077603582,,1.3932674613330005,-0.496693393429012,,-0.163135593220339,,2.9657163264091424,0.0,1.27783199763849,0.0923631090487239,2.325877384937486,,,,2.10383906581741,2.3119139455211903,1.0168697282099344,7.175785478547855,3.6887645994406975,-1.4410845035723086,0.6710650967654622,-0.010589651022864,0.210762331838565,-0.0749578127612714,,-0.375084164292903,-1.5198595744680852,-2.5864838833595645,,1.4558011007781362,0.7497153268048281,1.248559084331106,2.8166862162162163,-0.2490137614678899,3.373989570881624,0.0088601411944285,-3.102082788671024,2.123968424376381,1.1801180119221104,0.130157700956159,-2.4981992216830533,1.8880888266369216,2.1970841121495326,,,,0.6059600499819044,2.3645434662219524,1.3381575654820572,1643.061600035775,2.61368428075794,,,-1.066639707641089,,1.7480621954049664,,1.3228230681261233,3.373989570881624,-1.3964173369472468,-0.5578586135895676,3.369494809688581,2.793497267759563,-1.1183192714127437,1.743116118148286,2.550699300699301,-1.0175075211771991,0.0205714285714285,-1.581641434262948,,,,-1.1517202481669486,2.2274929495986693,1.9804990249512475,2.051217800942167,2.056012066365008,,-0.5311387900355872,-1.308139534883721,,21.2702,0.0507797816061392
2022-09-30,2.50562276898014,1.6814295960957195,,2.5478000460723336,2.819661846998405,2.1888240137734862,,3.068876712328767,0.656849170241936,0.7527887401053904,2.0555143261568927,1.0710823909531502,1.7509225092250922,-0.0161712684338677,0.545778697952611,-0.1542931162102146,2.172469062320965,,3.340996288582301,-0.3426282051282051,,3.0888398452999644,-0.0387009141168099,2.831155574797832,2.1035803190825555,,1.997218339412436,,2.2775305350246047,1.4781507094312627,2.236339426219586,1.9339815148241508,,,,-1.157171717171717,,0.6787864401543459,,1.4461726605539231,-0.4967382279682125,,0.3665254237288136,,3.033569430391048,0.4100092399564328,1.6199813965290102,0.414868909512761,2.6981464614802286,,,,1.93832016985138,2.50562276898014,0.5759137769447048,6.957920792079208,3.669847014311564,-1.3244641537324464,1.123020706455542,0.1304259927797834,0.5582959641255605,0.0749578127612714,-4.171604463255098,-0.1852478745150127,1.2102514506769826,1.9476688762303265,0.0637580241540637,1.8927652305940408,0.1899339558187201,0.8144503730661554,-0.6791891891891891,0.0321100917431192,3.191102333558547,-0.2098836099980919,-3.0918605664488017,-1.024856962425008,0.9999077998120152,0.2894244269185065,2.139685220505802,-0.3784502649885531,1.67601246105919,,,,1.0790838804976737,-0.89309207898429,2.5571426382796183,-0.147057508272963,-0.7937016279690419,,,-0.4300257612536532,,1.9080993269900208,,1.6237542885149483,3.191102333558547,-0.8696941761790243,-0.198764584763212,3.186851211072665,-4.148666666666666,-0.7196000758192883,2.009607411431676,1.798951048951049,-0.6581839822894956,-0.0195288220551378,-1.0318406374501992,,,,-0.6824591088550479,2.6353315496420566,2.1529076453822693,2.4318933547158466,3.0346907993966816,,0.0569395017793594,-0.6676356589147286,,22.5018,-0.0078171524055852
2022-06-30,2.545123499676577,1.7091485032816889,,2.2317438378253858,2.868419340702969,2.2203009207275994,,2.737561006690029,0.6455947452066381,0.0,2.0700252788539646,-0.2358642972536349,1.7509225092250922,-0.291748794046033,-0.0196687370600414,-1.3672218110041945,3.5357568580550103,,3.06644533880389,-0.3625,,2.702565470817348,-0.0639349170726367,2.845340046450355,2.1794034771985364,,2.027709885464462,,2.814084341364911,1.2762310718969834,2.17963926885365,4.250630176449405,,,,-0.4266666666666667,,0.6672667937027679,,1.4670390666567903,-0.4967382279682125,,0.3665254237288136,,2.9844652104041427,0.3111940634201702,0.6748317908084562,-0.5236461716937355,2.339125394778865,,,,1.7429910828025477,2.545123499676577,0.0,6.923762376237624,3.691396611284751,-1.2700172456270018,0.7222898903775883,0.0,0.8923766816143498,-9.06495361789544,3.665640631011928,-11.759003904592698,1.819148936170213,3.059097165930662,0.4637145033184637,-1.527238565192636,0.6561147802322933,0.2476026729705604,0.0624324324324324,-0.2339449541284403,2.6228712991355265,-7.314634611715322,1.0475729847494553,-2.3485071045153143,-2.232237806525139,0.1386947197174597,3.28881548979681,0.1078330286213643,6.052959501557632,,,,-0.741650607025777,-0.779657357571181,1.1834110419422217,-0.0240810303192916,-0.4363490792634107,,,2.0424392204006567,,1.833836156880947,,2.052279039372652,2.6228712991355265,1.5486071106255463,1.4929306794783803,2.6193771626297577,-2.815333333333333,1.111006997488486,2.238698424498899,0.7709790209790209,0.5510779274287377,-0.0345664160401002,-0.2589322709163346,,,,0.8967851099830795,3.143611251717405,2.072903645182259,2.8735090708629847,3.819004524886878,,2.436832740213524,1.9244186046511629,,30.7739,-0.0906222480738548
2022-03-31,2.095340312881819,1.3108339356809242,,2.3819396452430315,2.0124056049176886,2.1436110487311923,,3.256197515132208,0.6449126588408625,-0.0456235600063873,1.994406717931405,0.0936995153473344,1.0153028000868245,,0.7962962962962963,0.3830866025166543,1.686465011616503,,2.233772335061152,-0.3852564102564103,,2.152261413850884,-0.0844614921451639,2.6165477670474475,1.837463628660944,,2.6735762700210173,,1.842766679083263,0.9775545487063312,1.9703183633942625,1.106229744328412,,,,0.0371717171717171,,0.6665686333117631,,1.358301368032569,-0.4967382279682125,,1.4710451977401129,,2.3622998631033867,0.7153038898520501,0.1339822173238632,-0.2869872389791183,1.8910114618942289,,,,1.5833307855626326,2.095340312881819,0.8310684161199625,6.418481848184818,3.343806547129462,-1.187238236018724,0.6500879686019759,-0.1929241877256317,0.9080717488789236,0.3405081721048476,0.2485571373605233,0.1510152387612592,1.257640232108317,2.0495902477748986,-1.0103361984550103,0.3790055038906813,0.5504440901844683,0.7196682718703501,-1.5016216216216216,-0.2798165137614679,2.515461774336053,,1.0519302832244009,-4.405343227028734,-0.2129025418101941,-0.1679622707950147,2.2554967854386923,-1.0134358890407216,0.6791277258566978,,,0.0602372237743558,0.1784853318815549,-1.6840693255946169,1.3468289270083802,-0.2756238261336195,-1.520416333066453,,,0.3303945797706944,,1.652819679740079,,1.4674072863911125,2.515461774336053,-0.2585980112546028,0.1444063143445436,2.5121107266435985,0.4633551912568306,-0.2570121559079247,1.6190775741286134,0.3548951048951049,-0.1882993545132677,-0.039578947368421,0.054480743691899,,,,-0.0688099266779469,2.171740545231036,1.8778938946947348,1.885236042898667,4.349924585218703,,0.7384341637010676,0.0746124031007751,,32.6492,-0.0998523700427576
2021-12-31,1.929786061665988,1.339677664186092,,1.299239806496199,1.6948024881388657,2.117748334456172,,2.29059063395986,0.6448400166429074,-0.0504824691470675,1.9818948762280544,0.1405492730210016,1.0153028000868245,,0.6895560156429722,0.1542931162102146,1.5271980790767286,-0.0112196001195919,1.8665142427611687,-0.3881410256410256,,1.7950098472156677,-0.1004183589687448,2.638853119417064,1.5960958692667933,,2.567420517099148,,1.8126531652518283,0.786991772981996,1.6234354194407457,1.2632337054375224,,,,0.0148298989898989,,,,,-0.4966931562092278,,-1.1160169491525425,,2.394976489494673,0.8126442130071744,0.3798034831204603,,1.56369099017045,,,,1.4593690021231422,1.929786061665988,0.7223523898781631,,3.3776936996216484,,0.0980511571254567,-0.316014440433213,1.0582959641255605,-0.5412974375635091,0.4683562908811081,-6.001149599518513,0.0894943907156673,-0.3513388221497142,-0.7784811228375584,-0.3244684000759157,0.6558870416761557,0.6127441453459307,0.5633994594594595,-0.1741055045871559,2.870862567780607,0.0190803281816447,1.0752679738562092,-2.9833855383643826,0.1706903159788971,-3.7164618280265,3.135789143081777,0.1823542346239373,3.989454828660436,,,,,-0.3690036204188866,1.68264246720152,-0.8167035596100528,0.2351115559113958,,,1.6270651034827326,,1.5417962404270131,,1.6451560202581277,2.870862567780607,0.9326117430325722,1.0783802333562114,2.867038062283737,,1.269527979799575,1.6633402910816917,0.1136363636363636,0.2643101031241281,1.1283408521303258,0.2350916334661354,,,,0.5222786238014664,2.3496275941861304,1.7582879143957195,2.022752330359828,0.1327300150829562,,2.080071174377224,1.5358527131782946,,32.346,-0.1059358189575217
2021-09-30,1.8721161447976808,1.371969185311411,,1.1361437456807186,1.5958487550138665,2.0977992364697955,,3.11220261229691,0.6442305724750867,-0.0912471200127746,1.91875448890514,-0.6478190630048465,1.0153028000868245,,0.7960662525879917,0.3825931408832963,1.3484290731647368,-0.0133300389397191,1.7348450443960726,-0.4448717948717948,,1.7024643568228874,-0.0391935519185505,2.5534214542732427,1.5276816268087148,,2.4732765853492897,,1.959064442135393,0.7398354596399189,1.3931001089456485,0.7154003120873844,,,,0.1963636363636363,,0.6658704729207584,,1.2495152554730744,-0.3219072470644051,,1.557909604519774,,2.370870781501101,0.9085096827811604,0.1501884495989653,-0.819469837587007,1.5011887723116597,,,,1.308596178343949,1.8721161447976808,0.830834114339269,6.187458745874587,3.24790261556177,-1.1016260162601623,0.0,-0.34647412755716,1.3789237668161436,-0.4254386456267797,-0.978838014621008,-0.8188936785949876,0.0566731141199226,0.2046516428633078,0.2526384506582526,1.5951755551338014,0.185379184695969,0.7194376584854455,0.7456756756756757,1.408256880733945,2.4323060132009773,0.0190803281816447,1.0519302832244009,-0.104743290179981,-0.1436336417973034,1.0690608434756452,0.2251336887272999,0.1701813151520839,3.554517133956386,,,-1.2103465950519423,0.7803872404685479,-0.0514111627194547,1.6277034169658406,0.4007468026115732,0.4523618895116092,,,1.5003283799786746,,1.735808772336969,,1.8001960463976474,2.4323060132009773,0.8905608744935168,0.9778997940974604,2.4290657439446366,-1.0666994535519123,1.215371345273367,1.7906384925513967,0.0786713286713286,0.4698846277762278,-0.0496040100250626,0.258996015936255,,,,0.7907501410039481,2.5036517463301755,1.9672983649182456,2.1411245865490627,-0.3861236802413273,,1.8202846975088969,1.252906976744186,,31.4245,-0.0024439529666342
2021-06-30,1.828188112407465,1.4059425564953407,,0.9297396913153652,1.5880555490528911,2.019312822816079,,2.714199001805246,0.6179702473927249,-1.8477541802586857,1.865457880739328,-0.8529886914378029,1.0153028000868245,-0.2916341250516837,0.3207959512307338,-0.636898593634345,1.4242704696122486,-0.0129047902722123,1.8276774668399705,-0.4532051282051282,,1.6694890265059967,-0.080027751929498,2.501014704045601,1.469540029819572,,2.216511074655291,,1.9733369929617504,0.7200727316084417,1.388064398983174,1.0337294442443885,,,,0.4468686868686868,,0.6389912978670764,,1.172875995935166,-0.3219072470644051,,-0.692090395480226,,2.3661686804356883,1.025023099891082,0.1018371823491559,-0.9668016241299304,1.4687784625211435,,,,0.9918233545647558,1.828188112407465,0.3467666354264292,3.1821782178217823,3.168284257279158,-1.0299334811529934,-0.182907023954527,-0.3592394705174488,1.1681614349775784,-0.7822719409947102,-0.6414005386687187,-1.270747237059978,-0.339458413926499,0.1978568847603363,-0.4341203351104341,-0.4416435756310495,0.3258938738328399,0.2429904052724677,0.1086486486486486,11.261467889908255,2.283318607833966,0.0190803281816447,0.9517124183006536,0.6284426902431323,-0.9123284175014528,6.575892732424234,-0.5046788454618631,-0.4456330443251306,4.894080996884735,,,0.5944599657808676,-0.2276669547492437,-0.9923769390984664,2.266054530505523,-19.772985421697523,-0.2914331465172137,,,4.681200365265493,,1.4239034578788583,,1.6610031040679627,2.283318607833966,1.5411547183703704,1.43363074811256,2.2802768166089966,75.61089617486338,1.6824723180619146,1.567380550710548,0.0646853146853146,-0.9864122149273018,1.0531528822055138,0.2749322709163346,,,,-1.1111111111111112,2.2812206233277896,1.631281564078204,1.918211887340884,20.778280542986423,,6.433274021352313,6.2771317829457365,,42.4766,-0.0981316772058026
2021-03-31,1.754898061857646,1.434702192497578,,1.1536512324349228,1.8278864668570587,1.6515832023355042,,2.7184466390570243,0.4709806355680756,,1.6374574824456611,-0.6494345718901454,1.0153028000868245,,0.4627329192546583,,1.5932884388381314,-0.0097606288644263,2.091329063375981,-0.4490384615384615,,1.941987218474,-0.2143536592041162,1.98712537226794,1.387595320823125,,1.17271461434906,,1.6064853843590094,0.6641528556098725,1.4218617600774726,1.0649381826911537,,,,0.3111111111111111,,0.4885377336055577,,0.8450168262632043,-0.3219072470644051,,1.9201977401129944,,2.324206892446878,1.5412217832894688,0.1593880269960529,5.838302784222738,1.7010444636330302,,,,-0.0502148619957537,1.754898061857646,0.4913308341143392,3.009570957095709,2.996216482974173,-0.951219512195122,-0.4678576262011097,0.9712635379061372,1.0493273542600896,-0.4578025956717781,-0.1789149672951135,-0.8598757455255333,0.2411992263056092,0.4602639714989018,-0.5472745076705473,-0.2085822736762194,0.3964928262354816,0.385278863758628,-0.1116216216216216,,2.283318607833966,,0.9560697167755992,0.8450514682664982,-0.9461855357122422,0.8585590110052177,0.5426171167329824,-0.3587788804681656,3.67601246105919,,,-0.5606162331521307,-0.1123212082222731,-0.7355569565228414,0.8667888896265391,-0.0687997495751721,-0.4045903389378169,,,1.5039912910626068,,1.385852866094221,,1.5685345531775854,2.283318607833966,1.6380358176876568,1.5050102951269733,2.2802768166089966,-1.2634207650273224,1.2193202665409029,1.5387298773339433,0.0646853146853146,0.4767946958317606,1.048140350877193,0.2775883134130146,,,,0.8020304568527918,2.185624412466556,1.6822841142057103,1.8424376064949384,-0.4404223227752639,,1.8202846975088969,1.252906976744186,,37.596,-0.0638950952228958
2020-12-31,1.6505160106370236,1.4650110646813044,,0.3832333563695001,1.6865813752228944,1.5800749681862414,110221.0,3.169462036742062,0.4558598039683785,,1.583260319841935,-0.6975428109854604,1.0152656826568265,,0.5341329652634,,1.5201900244882582,-0.0128571724666957,1.876257826080148,-0.4680849358974359,,1.7656440168825225,-0.2386847665444195,2.15198747998406,1.2922490919480587,,0.939581694487593,,1.2599785127531515,0.8000775008942411,1.4855439777266677,0.93293074060737,,,,0.4630569696969697,,0.4730605649775694,,0.7670825907846011,-0.3219285968449769,,1.0174216101694915,,2.2160483304565206,-0.421906882182075,0.4032837998490734,4.312938515081206,1.5561004009888693,,,,-0.2388900212314225,1.6505160106370236,0.5640524835988754,5.378425577557755,2.638028623128804,-0.860230598669623,-0.6814734064149411,0.8999810926594465,1.0493273542600896,-7.359541079188362,-1.084579068872643,-9.599461243443198,1.4284603481624758,2.1479789922257453,-0.9632549232945272,0.8894446764091858,0.1377818264632202,0.4568557237117893,1.0548745945945943,,2.1862342567087643,-8.668368631940469,0.8153551198257081,-0.8477259235869908,0.7637127698555912,0.1127380246222174,3.128195165782341,0.1743129727279592,0.5862118380062306,,,2.778665742605708,0.4311537589798025,0.1861900065779167,0.9897557413299152,-338.2222240855022,1.011972778222578,,,1.0386023210402375,,1.385852866094221,,1.4817372978271524,2.1862342567087643,1.1469909848410889,1.127835827041867,2.1833217993079583,-13.989693989071036,1.1790773740350529,1.390980241900895,-0.0179615384615384,-0.6149960569424158,0.917814536340852,0.3394501992031872,,,,-0.6261432600112803,1.9936394533227275,1.590289514475724,1.6295806354615616,-3.983269984917044,,1.818297153024911,1.2507422480620154,,28.5036,0.2347142115381918
2020-09-30,1.5192161184446946,1.2422144532896209,,0.8449665975581663,1.4975344644292552,1.500711131072685,,4.030117022406286,0.4559747355210117,,1.5291135247213523,-0.7641357027463651,0.9927284566963316,2.753342215280011,0.272716816195077,,2.0681484476156125,,1.4303521931816403,-0.4762820512820512,,1.2995329233617046,-0.2109051945919317,1.2511570224801678,1.3445868281565068,,1.0045491179409152,,1.6505577665810576,0.3683677119351377,1.371601501028931,1.3290121233945504,,,,-0.3612121212121212,,0.4731782050034537,,0.689220782553167,-0.3219072470644051,,-0.66454802259887,,1.689720849949408,-0.8023202393392067,-0.3713527085347635,4.2014118329466354,1.1647839509823636,,,,-0.0234632696390658,1.5192161184446946,0.2977975632614807,1.6387788778877888,1.6297088336897516,-0.7850455777285046,-0.7862362971985384,0.7051744885679904,0.0426008968609865,0.1413454025971655,-0.4463255098114659,-0.1011820961959447,-1.093036750483559,-1.8793977352909463,1.354150799695354,-1.6494628961852345,0.6406285584149396,0.1947922078273987,1.0856756756756756,,2.553574831522963,-1.5638236977676017,0.8035642701525054,-2.340297442374487,0.0797196941544864,0.2660353344217924,-0.9705874400194684,0.4575835771279145,1.426791277258567,,,2.052743666933778,-0.825435953851557,0.3419549813908689,0.9740318767012056,-0.2532644665056793,0.9703763010408326,,,1.006567965864599,,1.5107913669064748,,1.4654468224146382,2.553574831522963,0.3197076277470449,0.5765271105010296,2.550173010380623,1.1846666666666668,0.7431931879979872,1.5750436050667658,-0.1206293706293706,0.1122886059024073,0.7824761904761904,0.4183585657370517,,,,0.3237450648618161,2.1705112444862245,1.7248862443122157,1.884734890247569,0.2352941176470588,,1.4048042704626331,0.8003875968992248,,21.785,0.3427955014918522
2020-06-30,1.5237009175630676,1.16585846062871,,1.1177148122552407,1.5703909488746806,1.441238116625496,,2.8849540193267496,0.4535874332407969,,1.4894524985562696,-0.7964458804523424,1.256023442587367,-0.2842835484908347,0.780653324131585,,1.5398899046046794,-0.0141805362747326,1.6266031915060213,-0.4487179487179487,,1.6011103877838146,-0.2182400240845147,1.2442272042682485,1.3378872767637229,,0.8102040112860813,,1.773364440174878,0.5185704065816144,1.1759835371020455,1.2046573040451327,,,,-0.5793939393939394,,0.4707346436349371,,0.6321891668010153,-0.3219072470644051,,-0.6652542372881356,,1.7188262603416464,-0.452779988009442,-0.1018371823491559,4.429950116009281,1.412521735016146,,,,-0.0803634819532908,1.5237009175630676,0.8151358950328023,1.6691419141914192,1.6601414706366178,-0.7033752155703376,-0.5725402625524428,0.7728712394705175,0.085201793721973,0.1679004385315231,0.8572527895344363,-0.0675557848683175,0.925725338491296,1.5014797608018655,1.2736372538352736,0.760861643575631,0.4204053746299248,0.7039865616968348,-0.8710810810810811,,2.033851324428737,-1.5638236977676017,0.7992069716775599,-4.760884748973792,-1.3345059527421137,-0.0770046888633485,1.6860899245186478,-1.0194373283859246,1.3271028037383177,,,1.0998058028140545,0.367472011044637,-1.7373671364872627,1.1374497617673645,-0.2588543064126643,-0.9532959701094208,,,2.5882129719065707,,1.2950568577396149,,1.644665904264009,2.033851324428737,2.0941222237044204,1.8015099519560744,2.0311418685121105,0.4414972677595628,2.0175664941928293,1.4873759757527236,0.1311188811188811,1.043420276385447,-0.0044912280701754,0.2430597609561753,,,,1.5397631133671743,2.2230096174705327,1.4924746237311866,1.847549363536133,0.0301659125188536,,2.846085409252669,2.37015503875969,,21.5124,-0.0520536992618209
2020-03-31,1.233741405332886,1.192263506548893,,0.6459341165630039,1.0929271969989285,1.3221423759263418,,1.3027091430391844,0.4535874332407969,,1.3952154762845663,-0.6203554119547657,1.251031039722162,-0.2754628566178159,0.5582010582010583,,0.4692879878139901,,1.3697793507368026,-0.4262820512820512,,1.3150042255994236,-0.228256992719908,1.2247370905472246,0.9290307325499676,,0.4534426559635522,,1.278765659615347,0.4622630261118397,0.7856675947221886,0.3531388788860881,,,,-0.7418181818181818,,0.4707346436349371,,0.4966785619705633,-0.3132487249436603,,-0.6299435028248588,,1.7445985358014404,-0.0663684021512211,-0.2028720759718217,4.856864269141531,1.1745307010799493,,,,-0.1890683651804671,1.233741405332886,0.5885660731021556,1.6844884488448846,1.6752755387399243,-0.6290958364129096,-1.1575314656922453,0.6089626955475331,0.1704035874439461,-1.4461478393536504,-1.0561754520969604,-2.111405020250658,0.0,-0.2075636820502956,-0.8453922315308454,-1.909094704877586,1.0011386927806878,0.4809834184940519,0.1935135135135135,,2.068499558235019,-1.5638236977676017,0.7992069716775599,2.0146125670982,-0.4421290513291618,-0.4434338046452037,-0.0244602012142742,-0.0423696616571874,0.9252336448598132,,,-2.2065998166316536,-0.9539318669206904,-0.3098819624466218,0.5450599284025391,-0.0967489491100974,0.1323725647184414,,,0.7582225943739883,,1.2673938268739846,,1.2326417252082993,2.068499558235019,0.2824456664711656,0.4722031571722718,2.065743944636678,-0.5202513661202186,0.6788821844981147,1.150315958024762,0.4003496503496503,0.0483704763887293,-0.0245413533834586,0.0279203187250996,,,,0.2402707275803722,1.6252078964494905,1.462673133656683,1.2717249674250777,-0.2413273001508295,,1.136120996441281,0.5077519379844961,,18.8631,-0.0069447757791667
2019-12-31,1.2840899834694903,1.2187526449720063,,0.3254991937341626,1.2027114881517442,1.3176510217830677,49284.0,1.9915552723797387,0.4537282840753296,,1.3657026899383966,-0.7438029079159936,0.9927284566963316,-0.2754944640970276,1.1448125143777317,,0.9679838640464032,-0.0130612148135607,1.190879621654635,-0.4121794871794871,-0.5687795384734805,1.2977260559470805,-0.2048283430948601,1.2180827326092287,1.0153367181393638,,0.5310444619870648,,1.1275707255866845,0.4440028317634434,0.931461082193439,0.7149201776497419,,,,-0.4758545454545455,,0.4708788137556796,,0.4542398745885421,-0.287888743921243,,-0.6299435028248588,,1.7054342003452176,0.2883249868922405,-0.2356371731602757,5.015885150812065,1.1520563986704675,,,,-0.0981095541401273,1.2840899834694903,1.1860356138706654,1.7202666666666666,1.7109721993748972,-0.5692153239714215,,,0.0224215246636771,0.3077467263657068,-0.6117968449403617,0.1095298279830281,-1.0245083172147005,-1.9079075696112853,0.1991983462082472,0.8799605238185614,0.745160555682077,1.0690205682348397,1.988440810810811,,1.9254785787294493,,0.7815860566448801,0.0,0.6757497311187727,-4.273475664623803,-0.2204020541577142,1.1148450436696402,0.8021152647975078,,,0.3085930449974371,0.4263997859152887,1.3023643180117652,0.4453086299963741,1.3306166711385383,1.915332799572992,2.5015739769150054,,0.3018238733160224,,1.1507096774193548,-0.4591836734693877,1.0305505636333931,1.9254785787294493,-0.1391525586670949,0.1389155799588194,1.9229134948096889,-0.5786557377049181,0.33532603422248,1.0763732021845425,0.4562937062937063,-0.5086570196358221,0.0,0.0,,,,-0.4884376762549351,1.4876708366476246,1.337066853342667,1.2050716648291069,-0.253393665158371,,0.8688683274021353,0.2166744186046511,,22.0288,-0.0706257263219059
2019-09-30,1.3506911669581467,1.245157690892189,,0.5178530292559318,1.3688066880174532,1.2921625870199864,,1.832389508335988,0.4535874332407969,,1.346329389704176,-0.851373182552504,0.9927284566963316,-0.2546974778334175,0.8862433862433863,,0.9638048483237852,,1.51641949981991,-0.4528846153846154,-0.5687721531620443,1.527706399064709,-0.1932797087963216,1.2148837552771514,1.1189564463477593,,0.42890568792842,,1.5314368616072305,0.6863002265410755,0.9173707783561312,0.8407154003120874,,,,-0.7313131313131314,,0.4707346436349371,,0.42638152795348,-0.2878662080417506,,-0.5501412429378532,,1.677519195285995,-1.007324859317423,0.1991280619148674,0.4380707656612529,1.3499722028364936,,,,-0.0086012738853503,1.3506911669581467,0.922680412371134,1.5724422442244224,1.5635795361079126,-0.6001478196600147,,,0.0964125560538116,0.4683042825389436,-1.5567525971527512,0.3128418620254651,-0.3756286266924565,-0.7521150100170103,0.6987270155586988,2.891816283924844,-0.1143247551810521,0.8098381053680627,1.7045945945945946,,1.922976976248636,,0.8166361655773421,0.4048872750236817,0.6692826760597138,-3.146173382043284,-0.2341190687651966,0.9260292593507008,0.1993769470404984,,,-0.6328084955854432,1.4221153677260912,1.1362338623042805,0.5654871640358089,-0.2812136660406046,1.686682679476915,2.5015739769150054,,0.4395493300718773,,1.2464144813181712,,1.1677830419866035,1.922976976248636,0.0991168169938391,0.3140700068634179,1.9204152249134947,-0.4546775956284153,0.5186688073580814,1.236325165127384,0.9143356643356644,-0.326500715623923,-0.014516290726817,-0.3811102257636122,,,,-0.2492949802594472,1.713428302841854,1.44007200360018,1.433797734790017,-0.2171945701357466,,0.942170818505338,0.2965116279069767,,18.5404,0.1042372332851501
2019-06-30,1.4044704247622242,1.2716468293153025,,0.7924441372955541,1.4898211887858284,1.2838535818549293,,1.2644804077731762,0.4535874332407969,,1.3242767817770715,-0.81421647819063,0.9927284566963316,-0.2546974778334175,0.0180584311019093,,1.187304800303799,,1.8548005700236465,-0.4314102564102564,-0.5687721531620443,1.619630778783712,-0.180799551152225,1.2358897667320323,1.1713968564653956,,0.3737745087030392,,1.90997314094144,0.7259449147490163,0.9486018641810918,1.492257832193014,,,,-0.5656565656565656,,0.4707346436349371,,0.3946704003493549,-0.2878662080417506,,-0.5501412429378532,,1.7257306112731383,-0.5678185517382254,0.2702643289969984,0.7327343387470998,1.4249180870820075,,,,0.0882140127388535,1.4044704247622242,0.0384254920337394,1.654125412541254,1.6450074025333117,-0.5436067997043607,,,0.0941704035874439,0.5039876120757366,1.1304347826086956,0.3580272178719641,-0.5087040618955513,-1.047201647631772,1.177020998803177,-1.395904346175745,0.3124572990207242,-0.0604968092620331,0.4027027027027027,,1.0914193648978745,,0.8166361655773421,0.7376943479633723,-1.8948758072104863,-1.9117490558278147,-0.6604254327854054,-0.1457277837134606,0.0654205607476635,,,-0.0841473010922689,-0.699945793134918,-0.3339367266548071,0.7646527114601899,-0.2476746265986942,0.4125967440619162,2.5015739769150054,,1.938412545616979,,1.1712230215827335,,1.435223002777324,1.0914193648978745,2.28564870466244,1.793273850377488,1.0899653979238757,0.1136284153005464,1.6706255542593065,1.3039773539587682,1.0297202797202798,0.4232416684013816,-0.0044912280701754,-0.439543160690571,,,,0.7298364354201917,1.946633885313472,1.35906795339767,1.592963816778591,-0.0603318250377073,,2.376334519572954,1.8585271317829457,,19.2745,-0.0817917648435869
2019-03-31,1.281521765170935,1.2980518752354853,,0.9730476848652384,1.3107373123184938,1.2114679242458268,,0.3198058829775937,0.4535874332407969,,1.247951190676696,-0.8174474959612278,0.9927284566963316,-0.2534111269352689,0.4491603404646883,,0.1492063391334718,,1.8629437649748657,-0.5032051282051282,-0.5687721531620443,1.7327858506245486,-0.1581929498056817,1.26003585206419,0.9819965976788024,,0.1429832779792852,,1.1074166290901248,0.7861273399308454,0.994843239317274,0.4698115472332253,,,,-0.6303030303030303,,0.4707346436349371,,0.2849160090843908,-0.2878662080417506,,-0.5494350282485876,,1.7729897029938697,-0.1961554996913869,0.3782523915825792,0.9728735498839908,1.5302397653209685,,,,0.2635855626326964,1.281521765170935,0.4775070290534208,1.7321782178217822,1.723803257114657,-0.4733924611973392,,,-0.1143497757847533,0.4068957619407416,-1.4555598307041169,0.2350810170803272,0.0731141199226305,0.1260265848146378,-0.4902622130344902,-0.437088631618903,0.4516055568207697,0.3716726740492545,-0.2054054054054054,,2.796112468166936,,0.8209934640522876,0.5892889169561099,-0.1685082592582916,-0.0951962052496818,0.249094702161691,-0.2100765500259145,0.4299065420560747,,,-0.026393491145619,-0.2254126404848729,-0.5209507268223651,0.3867488522446978,,-0.2191086202295169,2.5015739769150054,,0.3062193666167412,,1.0347644465073105,,0.9501715405979416,2.796112468166936,-0.1997241124387133,0.232258064516129,2.792387543252595,0.4633551912568306,0.4103555383056645,0.9256283418637234,1.0297202797202798,-0.2055745246520996,-0.014516290726817,-0.4661035856573705,,,,-0.0913705583756345,1.306674379926242,1.2120606030301515,1.0035080685576827,0.0422322775263951,,0.7179715302491103,0.0523255813953488,,14.952,0.2035190770324907
2018-12-31,1.2597302412496107,1.291997215024488,,0.8516885510251094,1.2866782867364062,1.1914439703570627,,-47.62695720505469,0.4537282840753296,,1.2302973204987155,-0.7897770597738287,0.9927284566963316,-0.2546506179078421,0.5897170462387854,,0.4621681832495299,0.3663266139467701,1.5947194512739402,-0.747863141025641,-0.5687795384734805,1.5255042794031357,-0.1654548141660737,1.272988548529544,1.0212743597659095,,0.0562970445350333,,1.0975356323641854,0.7566042685107905,1.031739498850018,1.0246068899291805,,,,-0.5325131313131313,,0.4708788137556796,,0.259530162123745,-0.287888743921243,,-0.5494350282485876,-2.27517158478421,1.616332361168978,,0.3252778018315824,-0.9214095127610208,1.4060869873789048,,,,0.207332059447983,1.2597302412496107,0.6206654170571696,1.3106640264026403,1.3026813620661293,-0.4061193643754619,,,-0.0493273542600896,,0.0380507887649095,-0.333323438090677,-1.4359574468085106,-2.484115999139654,-0.0521379610488521,0.3213414310115771,0.3632429970393988,0.512587137988153,2.4038564864864864,,1.8231900628865445,-0.270880366342301,0.6721002178649238,-0.0378983264919482,0.8408118194163231,-0.8362380203991868,-1.392974847175741,1.4353045672120364,2.1149968847352025,,,-0.7140825446328662,0.1498453963098566,1.7756734051647112,0.4687386692677346,-2212.973319694124,2.213065118761676,3.080797481636936,0.0,-0.0139190621189427,0.0,1.0349642144349036,-0.9872448979591836,0.8782878614605457,1.8231900628865445,-0.3004804557286912,0.0038435140700068,1.8207612456747404,0.7812131147540984,0.1615734984508946,0.93712292339805,1.1031468531468531,-0.5875803619320896,,,0.0,0.0,0.0,-0.589960518894529,1.2893195458818425,1.2122606130306517,1.0235541746015837,0.1327300150829562,0.0,0.5261120996441281,-0.1566375968992248,,12.8515,0.422121931292067
2018-09-30,1.369071177020196,1.316804503388991,,0.9629117714812256,1.5083650224570722,1.197357586645707,0.0,0.3380707231602421,0.4535874332407969,,1.223912164630967,0.4410339256865913,0.9927284566963316,-0.1804566545688427,0.5004600874166092,,0.148432447332987,,2.0457271716491534,15.365064102564103,0.5461659144590204,1.910141180291249,-0.1571529366686737,1.2670739486856706,1.154267023100316,,0.0813841950458988,0.0,1.549787284098261,0.9596399189221414,1.028931122140177,0.7055575561157124,0.0,0.0,0.0,-0.3733333333333333,0.0,0.4707346436349371,0.0,0.2503484592991308,-0.2445735974380263,,-0.2648305084745763,,1.654603892625439,,0.6895939033758759,-0.0375672853828306,1.7644456535881998,,,,0.116664118895966,1.369071177020196,0.5297563261480788,1.3016501650165015,1.293633821352196,-0.3582163094358216,,,0.242152466367713,,-2.889957676029242,0.2403351282252689,0.3928433268858801,0.5320942714446003,-0.0154498966380154,1.6414841525906243,-0.1211569118651787,0.4230994588829883,0.1821621621621621,,1.8813990956810973,0.0190803281816447,0.6728453159041394,0.8898888538048626,0.4770226119341591,1.799320286984165,0.655433554986574,0.0289807838913366,0.4143302180685358,,,0.6088984182675301,0.8033061021563174,-0.1492810367037379,1.009779539059428,,0.1649319455564451,0.0,0.0,0.1736219853783915,0.0,1.1849617080529125,0.1913265306122449,1.0560365953275608,1.8813990956810973,-0.1430859312993767,0.1290322580645161,1.878892733564013,-0.0830928961748633,0.3189662175426878,1.1270980470648786,1.0052447552447552,,,,0.0,0.0,0.0,-0.4997179921037789,1.5497143683563526,1.3740687034351715,1.2754334970431993,-0.114630467571644,0.0,0.7179715302491103,0.0523255813953488,,19.4064,-0.1400895810220946
2018-06-30,1.4341390958529985,1.3427890867945211,,1.19788067265607,1.6547174338883106,1.187364323676922,0.0,0.3193811192524158,0.4535874332407969,,1.2092328714153675,0.4911147011308562,0.9927284566963316,-0.1819267698810125,0.011157119852772,,1.1195118785813294,,2.01340495168893,14.517948717948718,0.4875491633307089,1.7609052247646368,-0.1474643932344408,1.27660244872706,1.2332166385329295,,0.022249075429848,0.0,1.8353951418432763,0.8808572791224514,1.0887785982326594,2.222302244628496,0.0,0.0,0.0,-0.3797979797979798,0.0,0.4707346436349371,0.0,0.2292399835198964,-0.2445735974380263,,-0.269774011299435,,1.6778167966192488,,0.5482306297683027,-0.0016044083526682,1.640860647496481,,,,0.1918233545647558,1.4341390958529985,0.0313964386129334,1.3161716171617162,1.3081098864944891,-0.2956393200295639,,,0.4080717488789238,,1.6444786456329357,-0.2735169417500341,0.4912959381044487,0.7983840770991495,0.4680665868784681,0.6560979312962611,-0.3099521749032111,-0.0674152108091722,-0.2024324324324324,,1.6596503993208946,0.0190803281816447,0.677202614379085,-0.4204995263656457,-1.8746651805234336,1.7447457378251652,1.6674535807363435,-0.4798079072630919,1.937694704049844,,,-2.408738151444928,0.3156227829641095,-0.807957080169046,0.0139518019375233,,-0.3453429410194822,0.0,0.0,1.8233971375815043,0.0,1.1868182873056394,,1.4255840548929914,1.6596503993208946,1.545626153723476,1.3380919698009608,1.657439446366782,-1.197846994535519,1.5899547340796418,1.2853344008234924,0.8304195804195804,,,,0.0,0.0,0.0,0.9058093626621544,1.9127196471183745,1.375868793439672,1.551869299388594,-0.4223227752639517,0.0,2.167259786476868,1.630813953488372,,18.4823,-0.1222946872021271
2018-03-31,1.2169521573512854,1.3686895776971209,,1.41994932043308,1.2710918748144555,1.1225016842578035,0.0,-0.0930644578952957,0.4535874332407969,,1.139741905367209,0.5088852988691438,0.9927284566963316,3.911058023613727,-0.179549114331723,,0.1196436723549519,,1.8678923219067605,-0.747863141025641,0.4176437529801838,1.5829287844241593,-0.1431401280858284,1.2313420735304603,0.9383838317493054,,-0.1871878065436654,0.0,1.0464838159468308,0.7869023488732563,1.059242222491224,0.9045732805185452,0.0,0.0,0.0,-0.1753535353535353,0.0,0.4707346436349371,0.0,0.1293136211154474,-0.2445735974380263,,-0.269774011299435,,1.6712695672876614,,0.3796430253751622,0.0111566125290023,1.4923409943104529,,,,0.2253690021231422,1.2169521573512854,-0.1628397375820056,1.2471947194719473,1.2393485770685968,-0.2509238728750924,,,0.4910313901345291,,-1.8791843016544825,-0.2472463860253253,-0.585880077369439,-0.954016393648163,-1.1287128712871286,-6.253752135130005,1.5741289000227738,-0.2585937068951153,-1.2572972972972971,,1.666580046082151,0.2243846594161419,0.6728453159041394,-1.017278812756552,0.1135768123652759,0.5960814174309811,-0.0910185718653607,-0.8517304400171974,1.8598130841121496,,,0.3634447259942679,-3.1041719560863337,-1.3414068511388015,0.1620492602787296,0.4306580359538502,-1.3803042433947157,0.0,0.0,0.261531851392767,0.0,1.1259224878161986,18.0484693877551,1.0027773239666722,1.666580046082151,-0.0745239225517587,0.1455044612216884,1.6643598615916957,0.703792349726776,0.3065553221304317,0.9555371286420952,0.6905594405594405,,,,0.0,0.0,0.0,-0.1342357586012408,1.3311880830139562,1.313265663283164,1.0052119875714145,0.1930618401206636,0.0,0.6797153024911032,0.0106589147286821,,17.621,0.0523190270676518
2017-12-31,1.3603890659064228,1.395599178634887,,-1.1278507256392536,1.5922918558829595,1.1018040272475484,0.0,-215.85165721567373,0.4537282840753296,,1.1265129330549315,0.4943457189014539,0.9896896027783808,3.9685762852023694,1.7236024844720497,,0.9912006180609476,1.6932799225471498,1.5010727093349203,-0.747863141025641,-0.5687795384734805,1.7194037388349883,-0.1509948546718484,1.1847974081180546,1.1455444699144166,,-0.2755190434976534,0.0,1.1688983864959712,0.8589620543698581,0.971456240164629,1.785139839154963,0.0,0.0,0.0,-0.1898981818181818,0.0,0.4708788137556796,0.0,0.1102906724259884,-0.244578460443601,,-0.4653954802259887,-1.04583194385203,1.6474019403606928,,0.5089430322053136,0.0,1.606179250304586,,,,0.1644530785562632,1.3603890659064228,1.7755388940955952,1.1762605610561057,1.1686132587596645,-0.1889522049765952,,,0.5224215246636771,,0.8749519045786841,-4.291133976419024,0.1638675048355899,0.2941056039686564,-0.1574409748667174,1.785928259631809,1.0464586654520611,1.6493328614214766,1.602669189189189,,1.6210522668606968,-3.0338591871780194,0.6747102396514161,-1.935981054625829,0.827830896650067,0.1133071592063041,0.3884230034048766,1.1488155242565676,13.847956386292834,,,0.3556912770089301,0.874880204331045,1.3443507297820445,-0.0200033704938794,-3689.839934934264,0.4167819589004537,3.156348373557188,0.0,-0.182412971979829,0.0,0.9590568577396148,-0.8035714285714286,0.7580460709034471,1.6210522668606968,-0.5305059950769496,-0.1976664378860672,1.6188927335640138,-0.0086885245901639,-0.0228975379040028,0.9009235696108426,0.6241258741258742,,,,0.0,0.0,0.0,1.7021996615905246,1.2199002097042446,1.1304565228261414,1.0011025358324146,-0.090497737556561,0.0,-0.5823140569395018,-1.3638769379844962,,20.3723,-0.0420144153161507
2017-09-30,1.2877123212189454,1.4824667341621125,,-1.1296936189818014,1.4094912196496217,1.1310726850812187,0.0,0.6931731974089412,0.4535874332407969,,1.161020146909087,-0.4474959612277867,0.8303668330800955,4.052740386824092,1.1905912123303428,,0.5578212097894527,,1.5715426656435474,13.900320512820512,0.4448119406957274,1.6520979276402394,-0.1547444851934971,0.721459042906565,1.1388449185216325,,-0.2258925636534765,0.0,1.605465916442841,0.823417193275307,0.8122503328894807,1.1398391549633895,0.0,0.0,0.0,-0.3305050505050505,0.0,0.4707346436349371,0.0,0.1599112282082825,-0.2445735974380263,,-0.1525423728813559,,1.4368787572168322,,0.4451632713718618,-0.6744582366589327,1.5222436450952792,,,,0.1353477707006369,1.2877123212189454,1.2326616682286786,0.4701320132013201,0.4647145912156604,-0.1289726533628972,,,0.7869955156950673,,-0.0731050404001539,-0.1463674520424437,-0.3073500967117988,-0.4757948471628366,0.0154498966380154,1.0493414310115772,0.7396948303347757,1.114939613596896,0.9151351351351352,,1.527987110857024,0.0190803281816447,0.6728453159041394,-0.5063852226081466,0.0225426220740205,0.1672813883245548,-0.4104987509905757,0.4154067950630159,1.560747663551402,,,0.4789523458875677,0.5102452477881185,0.4259108250978684,0.9127501698013962,1.4516367051247652,0.7904990659194022,0.0,0.0,0.6959531059471391,0.0,1.0364353678347644,,1.0194412677667049,1.527987110857024,0.3674029381801705,0.4491420727522306,1.5259515570934257,0.0699125683060109,0.6444701563095864,1.0400022874789123,0.5506993006993007,,,,0.0,0.0,0.0,0.2199661590524534,1.481307397498011,1.2138606930346518,1.2030670542247168,-0.0784313725490196,0.0,1.0693950177935942,0.4350775193798449,,21.2539,-0.0777243215470128
2017-06-30,1.2575070074986223,1.507526300035407,,1.098364432158489,1.4013383272596782,1.079721536043117,0.0,0.563620261229691,0.4518822173263578,,1.1330756208335195,-0.3182552504038772,0.8303668330800955,4.107502182202417,0.8807223372440763,,0.3612526924663103,,1.7177443349985122,14.216666666666669,0.4667017376551082,1.7078284944600528,-0.1713299578520991,0.6811794745497824,1.0993832471806055,,-0.3973433444847351,0.0,1.6867880879095023,0.8528377250506737,0.7560343784045515,0.9081742888008644,0.0,0.0,0.0,-0.5195959595959596,0.0,0.4689892426574253,0.0,0.1197276619312996,-0.2445735974380263,,-0.1525423728813559,,1.4324742574846736,,0.4979538695749169,-0.5828109048723898,1.5726807111342425,,,,0.0066853503184713,1.2575070074986223,0.9170571696344892,0.4087458745874587,0.4035203158414213,-0.0645479182064548,,,0.7556053811659192,,0.189688341669873,-0.4563600095940069,0.3794970986460348,0.6683129934136953,0.9476661951909476,-0.3535813247295502,0.8537918469596902,0.8043033841303514,-0.4551351351351351,,1.427507232818807,0.0190803281816447,0.5116252723311547,1.268164824755289,-2.0917998621099763,1.2613711595597392,0.6138345733296449,-0.7041950561142915,2.479750778816199,,,0.2046217486409806,-0.1840835456380756,-1.1055758294899265,-0.0728639495038735,0.3727976030766479,-0.6413130504403523,0.0,0.0,2.19921181479296,0.0,1.0952889301462057,,1.3881718673419376,1.427507232818807,1.885455240559496,1.551681537405628,1.42560553633218,1.5343934426229509,1.738885479026715,1.2186543905298373,0.3968531468531469,,,,0.0,0.0,0.0,1.138183869148336,1.84749439583484,1.2772638631931597,1.484414152550867,0.3318250377073906,0.0,2.5320284697508897,2.0281007751937983,,25.0469,-0.1118940866933633
2017-03-31,1.0819865360197407,1.5325858659087015,,1.524072794287031,1.145041764040527,0.9769818100157196,0.0,-0.2905795901030052,0.4225525035980055,,1.0498144003698104,-0.4168012924071082,0.8303668330800955,4.161712684338678,0.99597423510467,,-0.2234999519800137,,1.5251264544215983,13.391666666666667,0.4096152762838355,1.5624885967962236,-0.1700709945809841,0.6057094230855957,0.8693390432777883,,-0.709753360095226,0.0,0.79553786735154,0.7761118397519972,0.8357825929064278,0.4839755131436802,0.0,0.0,0.0,-0.6884848484848485,0.0,0.438968345844222,0.0,0.0,-0.2445735974380263,,-0.1553672316384181,,1.408547110291054,,0.3602811241091987,-0.65357656612529,1.4480074756626962,,,,0.0164518046709129,1.0819865360197407,1.0344423617619494,0.2937293729372937,0.2890278006251028,0.0,,,0.6434977578475336,,-1.9626779530588687,-7.434870432305638,2.093617021276596,3.540877871422308,-0.3435969970623436,0.2271740368191307,0.793668868139376,0.919840689967574,-0.8456756756756757,,1.2958439443549363,-5.501240221331807,0.5029106753812637,0.4200435743605936,-0.2448595156316026,0.1124625530883672,3.652889777258253,-0.5803320162952414,0.6355140186915887,,,-0.1852164684989063,0.1033415230691962,-0.9197409844306128,-0.1086116118620957,0.3336687237277524,-0.8689618361355751,0.0,0.0,0.2351588915884543,0.0,0.8684149454629845,,0.7479170070249959,1.2958439443549363,-0.1274359075635074,0.0477693891557995,1.2941176470588236,0.6163606557377049,0.217422527806047,0.737883510136391,0.194055944055944,,,,0.0,0.0,0.0,0.0236886632825719,1.044544074047292,1.032851642582129,0.7642577929237245,0.0784313725490196,0.0,0.5862989323843416,-0.0910852713178294,,24.5302,-0.0617606052946979
2016-12-31,0.9260343547111952,1.06696567718242,,0.9846385625431928,0.8391084736237795,0.958941537540235,0.0,0.6766074121270044,0.4118631871167527,,1.0387939883244066,-0.568659127625202,0.8303668330800955,3.131713143749713,0.9352426961122612,,0.3778139769966853,1.6667002066206262,0.8246864086944267,-161.63717948717948,0.1557614522228013,0.916194708427852,-0.1721939898188187,0.5616292825532135,0.8135094483379202,,-0.1908914514050353,0.0,0.6990805183602251,0.4349248241325861,0.8335068393656943,0.8700036010082823,0.0,0.0,0.0,-0.7573341414141415,0.0,0.4280271252765915,0.0,-0.0158470913633896,-0.244578460443601,,-0.202683615819209,-0.55261390515336,1.050711267186477,,-0.2519262551178666,-0.7624628770301625,0.902000212914444,,,,0.0,0.9260343547111952,0.9725866916588566,0.2265511551155115,0.2219114986017437,0.0534316334072431,,,0.5044843049327354,,-0.2027702962677953,0.1803289756611182,-1.42781334622824,-2.3363203036027342,0.0841044500054401,-0.247473903966597,0.875882486905033,0.8589057152742221,1.9446516216216216,,1.1494412972298738,0.018865865292883,0.5062091503267974,0.5136431954531102,0.8294026615408833,0.1124625530883672,0.6784990255438547,1.159620949090957,0.5925046728971962,,,-0.6480555014113587,-0.131527965754712,1.5233278445628302,-0.0088449930292058,-561.6882490385475,1.8900499065919405,3.147953830010493,0.0,-0.1282018879376308,0.0,0.8188442794151776,,0.6250612644992648,1.1494412972298738,-0.4879424019507382,-0.2410432395332875,1.147910034602076,-0.4294535519125683,-0.0561813028732351,0.6873302261744775,0.0891608391608391,,,,0.0,0.0,0.0,-0.8516638465877044,0.9455492081856968,0.9794489724486224,0.7024155557782901,-0.2051282051282051,0.0,0.4857633451957295,-0.2005833333333333,,20.8089,0.0038077151790681
2016-09-30,1.0660405835988596,1.3007428353292618,,0.709513936880903,1.1460009278511087,0.9449434837936972,0.0,1.150643729425507,0.4102749490140441,,1.0315999562651332,0.0516962843295638,0.2785977859778598,3.233886157945514,1.018288474810214,,0.4590726160475906,,1.2261459197895297,,,1.2984600958342714,-0.1792121626799496,0.5529778376292702,0.9929260619117368,,-0.2536121509735003,0.0,1.1608210637755605,0.6367294622630261,0.876068272606222,0.7281238746849118,0.0,0.0,0.0,-0.778989898989899,0.0,0.426401458806137,0.0,-0.026191938982949,-0.2445735974380263,,0.0218926553672316,,1.0790429141122553,,0.110180985104654,-0.3171496519721578,1.2404868643616709,,,,-0.0544611464968152,1.0660405835988596,1.057169634489222,0.2133663366336633,0.2087514393814772,0.0824094604582409,,,0.4439461883408072,,0.0019238168526356,0.0984741273118417,-0.3340425531914893,-0.8352699068009947,,3.20382994875688,-0.0772033705306308,0.9422101883033236,1.927027027027027,,1.1018138350397588,0.3396298416332761,0.5029106753812637,0.2912150299968424,1.3662901861644874,3.072726434027491,-0.7862207533159589,0.9942122785781456,0.8348909657320872,,,0.0746756762610183,1.5765358948354882,1.3192387351038073,-0.0728639495038735,0.3727976030766479,1.8518815052041635,0.0,0.0,0.8871570645284057,0.0,0.9335808772336968,,0.9601372324783533,1.1018138350397588,0.5656365721678488,0.5276595744680851,1.1003460207612457,-1.0011256830601092,0.7522192937523553,0.922025562576845,0.1381118881118881,,,,0.0,0.0,0.0,0.1951494641849971,1.3459396919516955,1.103055152757638,1.051819184123484,-0.3680241327300151,0.0,1.310498220640569,0.6976744186046512,,18.1763,0.1515985101478297
2016-06-30,1.1686734865000838,1.0340014160336568,,1.104814558857406,1.3688466531762276,0.9366719065798338,0.0,1.0894777529998938,0.4102749490140441,,0.9930836456260378,-0.3021001615508885,1.018775775993054,3.2825837276611383,0.0555555555555555,,1.1835901196614718,,1.5581377139546173,,,1.3614181323125811,-0.1301125951064645,0.5325132182221952,1.1316724576187691,,-0.3007354494175409,0.0,1.84598192404964,0.6699952307142005,0.8905943590364362,1.88644820549754,0.0,0.0,0.0,-0.757979797979798,0.0,0.426401458806137,0.0,-0.0815774809358026,-0.2445735974380263,,0.0409604519774011,,1.083447413844414,,0.1698712663555248,-0.5712099767981439,1.2828331815332206,,,,0.3264305732484076,1.1686734865000838,0.0766166822867853,0.1821782178217821,0.1773317979930909,0.1299581177629958,,,0.3139013452914798,,1.77375913813005,0.3569763956429758,0.8729206963249516,1.3277280893115948,,0.4921199468589865,-0.2168071054429514,-0.0229068275225774,-0.9037837837837838,,1.0290525440465672,0.0045792787635947,0.5072679738562091,-0.4103953268077044,-2.848402809881701,-0.045819232201063,3.151705246255572,-1.05094488494824,0.0685358255451713,,,-0.3440394458521935,0.2344674694467621,-1.559314715142362,-0.2771363058365719,0.1492040067972453,-0.8777688817720843,0.0,0.0,2.784545006005343,0.0,0.9950336504989556,,1.4226433589282796,1.0290525440465672,2.484627577875636,1.929993136582017,1.027681660899654,0.1792021857923497,2.1625483178723663,1.2985445915420468,0.0122377622377622,,,,0.0,0.0,0.0,1.990975747320925,2.002820160532215,1.1692584629231462,1.678560689586048,-0.0422322775263951,0.0,2.9065836298932384,2.436046511627907,,15.8256,0.0711252653927813
2016-03-31,0.8536450971466903,1.3390890166655784,,1.3895415802810411,0.8070963814456196,0.8475559547870349,0.0,-0.4392468939152596,0.4078876467338294,,0.8944024336652082,-0.3651050080775444,0.2785977859778598,3.322644369917765,-0.0854612376351506,,-0.1928538366808152,,1.2755062091861502,,,1.072037022939184,-0.1027985658766216,0.5369526330142061,0.6929700687689246,,-0.5675621436573259,0.0,0.6282667084909914,0.517199236914272,0.8486623895412178,0.6155323490577361,0.0,0.0,0.0,-0.7111111111111111,0.0,0.4239578974376204,0.0,-0.2234787252223531,-0.2373383940220614,,0.0409604519774011,,1.0989822034402714,,-0.1042975344437258,-0.616453596287703,1.0385493429223691,,,,0.5124178343949044,0.8536450971466903,-0.0670103092783505,0.1889438943894389,0.1844053298239842,0.1702389751170239,,,0.289237668161435,,,-7.112268008006215,1.7738878143133463,2.8173979134106766,,-0.6959612829758968,0.0,-0.1642728324691192,-0.6572972972972972,,0.9528264296727474,-5.3089105132608285,0.5159825708061002,-0.919394379538996,0.1562436909268321,-2.085867855525576,6.392099521403716,-0.4484670573492542,0.4953271028037383,,,0.0457987712876933,-0.3535328345099445,-0.7070214029033275,-0.1750001276702227,-0.3035730256685448,-0.6709367493995196,0.0,0.0,0.1406557856230007,0.0,0.6563935948015781,,0.5226270217284757,0.9528264296727474,-0.2086669831449244,-0.0664378860672614,0.9515570934256056,1.25024043715847,0.0837233363194699,0.6109284305035313,-0.0821678321678321,,,,0.0,0.0,0.0,-0.0552735476593344,0.8668739605177526,0.8044402220111005,0.6562092813470983,0.253393665158371,0.0,0.5026690391459074,-0.1821705426356589,,14.0535,0.2061906286690148
2015-12-31,0.7219951606334299,0.8956684918804274,,0.8384399907855333,0.5310170646332234,0.849015644883599,0.0,0.5882565572900075,0.3795452530199374,,0.8865710644027897,-0.2487883683360258,0.2785977859778598,2.3518169706436347,0.1335403726708074,,0.2411446850310675,1.2925249086058577,0.6030662260989398,-125.82083333333334,0.0,0.5196437755245608,-0.0696242815698724,0.4997566172049087,0.6603393125734816,,-0.022249075429848,0.0,0.6633207206853962,0.2255768451174436,0.7497397409514587,0.7079582283039251,0.0,0.0,0.0,-0.9145777777777778,0.0,0.3949475877903965,0.0,-0.2347400486366394,-0.1369881390107935,,9.46680790960452,0.1058870060878669,0.7640616629962502,,-0.6275688549590883,-0.5324628770301624,0.579032658709975,,,,0.4105104033970276,0.7219951606334299,0.1560449859418931,0.1322570957095709,0.1278170751768383,0.4044220251293422,,,0.5672645739910314,,-0.8866594844170835,0.1545575604951789,-0.628663249516441,-1.121281012509554,-1.1404495702317483,-1.6396765989751376,0.4998861307219312,0.0552459731011394,0.4572264864864865,,0.688990523708054,-0.0647945048654836,0.3802440087145969,-0.6596709820018946,0.5777392470721042,-1.232675341854326,-0.954010745016962,0.259738460607469,0.6685638629283489,,,-1.5269674196319638,-0.8204648151795754,0.3678794139386864,-0.3282758902444629,1125.2075954744655,0.4147662129703763,2.8961175236096537,0.0,-0.0930379415318806,0.0,0.5415106985379439,-0.8137755102040817,0.3724881555301421,0.688990523708054,-0.4120077415450747,-0.2580645161290322,0.6880726643598616,-0.0043387978142076,-0.0855161465749313,0.5039887913533297,-0.187062937062937,,,,0.0,0.0,0.0,-0.4929498025944726,0.7099573360329742,0.6806340317015851,0.5308208880424977,-0.0844645550527903,0.0,0.3910364768683274,-0.3037548449612403,,14.7887,-0.139268495540514
2015-09-30,0.8207949018950192,0.6149684739308826,,0.8716885510251094,0.7164953665044351,0.8682536117972902,0.0,1.219455452904322,0.3707139397990573,,0.8830562827164538,-0.2907915993537964,1.0120468851747342,2.347957917949189,0.6384863123993558,,0.5550351993077074,,0.6308157288942481,,,0.6685974080176382,-0.0498126334227379,0.4934247123705863,0.7978508890041971,,0.0272796672027412,0.0,0.9787284098261024,0.3042208179325146,0.7007868296816366,0.8380746609050534,0.0,0.0,0.0,-0.677979797979798,0.0,0.3859081561278628,0.0,-0.2397942214095136,-0.0755545012454038,,-0.0098870056497175,,0.7593595619308374,,-0.4864543978285574,-0.5630893271461717,0.7026649791225559,,,,0.3442649681528662,0.8207949018950192,0.6703373945641987,0.1226072607260726,0.118276032242145,0.3127617639812762,,,0.5739910313901345,,,0.1394561942423874,-0.4334622823984526,-0.5638031425918006,,2.061298159043462,-0.1104531997267137,0.5614674898257699,1.3018918918918918,,0.7969093775444797,-0.0145010494180499,0.3634771241830065,1.124811493526997,0.4576756872422794,0.8975408318330746,-0.6720731476493456,0.6529637691439664,0.7289719626168224,,,-0.9360159978053552,1.0110787335224891,0.8532366363256301,0.0088449930292058,0.4622350415884089,1.2436615959434214,0.0,0.0,0.8300156516190617,0.0,0.6757020190299373,,0.7090344714915864,0.7969093775444797,0.5008007595478187,0.4315717227179135,0.7958477508650519,-1.591289617486339,0.6687278155244506,0.8155434192091041,-0.201048951048951,,,,0.0,0.0,0.0,0.6170332769317541,1.2005929568298503,0.8252412620631031,1.0044101433296582,-0.5369532428355958,0.0,1.0747330960854091,0.440891472868217,,14.648,-0.051317586018569
2015-06-30,0.8753216262188256,0.9144218768664594,,1.10573600552868,0.8766757228715578,0.8247249045587245,0.0,1.3383892959541257,0.3369506646931634,,0.85403437732231,-0.332794830371567,0.2718688951595398,2.376257637708458,0.0219691741430871,,0.927431933700999,,0.9006686815854175,,,0.7605217877366413,-0.068478132355356,0.4776160645746448,0.8724129550933011,,-0.1084436455271532,0.0,1.2560236830238989,0.3527483009419339,0.7840697252148651,1.3484575681190734,0.0,0.0,0.0,-0.5737373737373738,0.0,0.3513492167731288,0.0,-0.2815270336152476,-0.0563396987308741,,-0.0070621468926553,,0.759776203797393,,-0.3993793280468211,-0.5932517401392111,0.7784625211435872,,,,0.1306768577494692,0.8753216262188256,0.0424086223055295,0.0985148514851485,0.093929922684652,0.3457748213845775,,,0.5358744394618834,,-0.03078106964217,0.3842977735966729,0.3901353965183752,0.8310636279753457,,0.1360751565762004,-0.1432475518105215,-0.0565763817186543,-0.642972972972973,,0.7726556138800824,0.0167906887998473,0.359119825708061,0.0013508051784022,-1.964835668819516,1.0326778107029786,0.7988668437396652,-0.7972173659649373,-0.0124610591900311,,,0.7388444906474924,0.0578795187377192,-1.2050965206257516,0.1977969226369518,0.6690591181468563,-0.6132906325060048,0.0,0.0,2.2966452496255587,0.0,0.7362265026688327,,1.0699232151609217,0.7726556138800824,1.992024449808511,1.5264241592312973,0.7716262975778547,0.8567978142076502,1.730987636491643,0.9395247762559688,-0.229020979020979,,,,0.0,0.0,0.0,1.7495769881556684,1.4935280931376094,0.8904445222261113,1.1890347799939862,0.1327300150829562,0.0,2.411032028469751,1.8963178294573644,,15.3042,-0.0828726754747063
2015-03-31,0.6717615773460147,0.931240377452563,,1.152729785763649,0.5748588438085561,0.7098585223444869,0.0,0.707190400339811,0.3151239009883431,,0.771581191347533,-0.3683360258481422,0.2718688951595398,2.413378049340745,-0.011157119852772,,0.1670058505446225,,0.745697417667601,,,0.6126974473777039,-0.0939310854452898,0.4736097634208788,0.5890350675538099,,-0.4441586475141087,0.0,0.4403709294802674,0.2744127816859425,0.7699310010894564,0.5257472092185812,0.0,0.0,0.0,-0.6472727272727272,0.0,0.3290080842609776,0.0,-0.400092761099984,-0.0563396987308741,,-0.0056497175141242,,0.7695970477947741,,-0.539940312927904,-0.6187737819025522,0.6536000283885925,,,,-0.0667753715498938,0.6717615773460147,0.0086691658856607,0.0924092409240924,0.0878433952952788,0.3924611973392461,,,0.5807174887892377,,,0.0921691939379116,0.5400386847195358,1.0721157606760008,,-0.3444714367052571,-0.0318833978592575,-0.0897847091449218,-0.9075675675675676,,0.6964294995062627,0.0190803281816447,0.3460479302832244,-1.696154720555731,0.3436670238794168,0.9469178048816934,1.0567805300126254,-0.5813322561861086,0.8535825545171339,,,-1.0082082602386675,-0.1791991980652723,-0.8836588381183349,-0.0371162871456512,0.4119264824255433,-0.9487590072057646,0.0,0.0,0.0029303288671458,0.0,0.540914365281968,0.1913265306122449,0.4000980231988237,0.6964294995062627,-0.333867173031879,-0.1993136582017844,0.6955017301038062,-1.2415628415300546,0.0109503586748774,0.478140279644297,-0.270979020979021,,,,0.0,0.0,0.0,-0.1883812746756909,0.6896377178393231,0.6802340117005851,0.4857171494437206,-0.4283559577677224,0.0,0.3879003558718861,-0.3071705426356589,,15.3718,-0.0667781261791072
2014-12-31,0.6814978079106874,0.946428408499347,,0.7854595715272978,0.5966798204992869,0.7084362601991167,0.0,1.5724341085271318,0.29630002250885,,0.7668430791130576,-0.2778675282714055,0.2718688951595398,2.440023889373822,0.1013342535081665,,0.7714153467232608,0.846231454679592,0.5012136492475374,-83.10128205128206,-0.0391623548719768,0.4199272800799911,-0.1155480869232032,0.4487643078413654,0.6045622631347333,,-0.4665966267982858,0.0,0.6564197070990256,0.1729414868248479,0.6607916717104467,0.9741927739767134,0.0,0.0,0.0,-0.2004832323232323,0.0,0.3097406028702246,0.0,-0.4069060542110199,-0.0563694698137824,,9.805790960451978,-0.1058870060878669,0.7646568656627581,,-0.7220148721865807,-0.5537981438515082,0.4946712246129097,,,,-0.2343634819532908,0.6814978079106874,0.1232427366447985,0.0545447194719471,0.0505017272577726,0.4031491746735649,,,0.4080717488789238,,1.055021161985379,0.0412852291436087,-1.3172123791102517,-2.0581086095166574,0.7004604504406484,-2.65180869235149,0.7715782281940332,0.0229068275225774,0.8746,,0.5303189369921868,0.019652738027094,0.3462657952069717,-1.4737455004736344,0.6055449236239122,14.733488437667091,-2.138682851443797,0.4755903957632506,1.0051183800623054,,,0.2858380438784571,-1.3214241667937068,0.5782758240717086,-0.1297742279781633,-1156.3829487523478,0.7980723245262877,2.7911857292759708,0.0,0.2322285627213085,0.0,0.589770248317475,0.0,0.4884822741382127,0.5303189369921868,-0.0604076011420045,-0.0241592312971859,0.5296124567474049,-0.3508524590163934,0.1677789461570226,0.5668944614416835,-0.25,,,,0.0,0.0,0.0,-0.0530174844895657,0.821968327427869,0.7328366418320916,0.6149143028966623,-0.2111613876319758,0.0,0.6138834519572953,-0.0610416666666666,,16.658,-0.138834193780766
2014-09-30,0.7894779712992023,0.9637841760866738,,0.5657682561621746,0.8333934559190643,0.6976195823040646,0.0,1.7797188064139322,0.2823837554311127,,0.7535687558650889,0.4281098546042003,0.2642717603646625,2.49662332889236,0.9129284564067172,,0.6613679326943206,,0.6683997055921825,,,0.7698384478432969,-0.1330136843833816,0.4182794961350833,0.7519523937759854,,-0.5126362947083898,0.0,1.0116650655792343,0.3576666269226183,0.5537828350078683,0.6863521786100109,0.0,0.0,0.0,0.185050505050505,0.0,0.2954963854927507,0.0,-0.4259942164712922,-0.0563396987308741,,0.0642655367231638,,0.7660853520623773,,-0.3905541520554289,-0.0468480278422273,0.8085544292118617,,,,-0.36996008492569,0.7894779712992023,0.949859418931584,0.008085808580858,0.0039480177660799,0.4301552106430155,,,0.2309417040358744,,1.0165448249326663,0.2193186836455019,-0.3079303675048356,-0.2052987626826384,,2.598781552476751,0.0,0.8365892580170005,1.202162162162162,,0.8038390243057361,-0.0236596069452394,0.171755991285403,-0.4621793495421534,1.0145907337299598,1.9760378747371163,-0.4021789546591899,0.5946164421767154,0.4766355140186916,,,-2.509807318851565,1.277087816718239,0.7673941444454395,0.0752335088373328,-0.314752705482515,1.1668001067520684,0.0,0.0,0.7999797807308167,0.0,0.7408679508006498,,0.7562489789250123,0.8038390243057361,0.4739721474291855,0.4129032258064516,0.8027681660899654,-1.0448415300546448,0.6337516557262743,0.8250936436679724,-0.1765734265734265,,,,0.0,0.0,0.0,0.5673998871968415,1.208185696724275,0.895444772238612,0.9859677257692692,-0.3861236802413273,0.0,1.057829181494662,0.4224806201550387,,13.8664,0.0345367218600357
2014-06-30,0.8478378572626435,1.0890820054531465,,-1.1278507256392536,1.0070820359518775,0.6489258178007336,0.0,1.519763406605076,0.2302041484492766,,0.7235368073597801,-0.1663974151857835,-0.0265899717820707,-0.2916341250516837,0.1335403726708074,,1.2391555509362815,,0.9420736959143086,,,0.8252302270228682,-0.1721510208550002,0.4104834506466738,0.8295620989300422,,-0.6628353919276301,0.0,1.543905738428059,0.3869083104805055,0.5258927490618569,1.7294442443884288,0.0,0.0,0.0,0.5462626262626262,0.0,0.242087115580889,0.0,-0.4691794467352305,-0.0563396987308741,,0.0727401129943502,,0.7714421760609488,,-0.3380844693429699,-0.473762180974478,0.8375581079003087,,,,-0.6735694267515924,0.8478378572626435,0.1560449859418931,-0.0037953795379537,-0.0078960355321598,0.4435821630943582,,,0.2152466367713004,,2.308195459792228,-13.3100175145795,2.597098646034816,4.478230929722707,,-0.6876105522869614,0.2143019813254384,0.055271109960094,-0.4489189189189189,,0.3256933977790482,-9.954588818927686,0.171755991285403,0.0215592042942848,-2.243638672861425,0.5622971727135051,4.596021889384148,-0.6496819820620312,-0.0155763239875389,,,0.1468679386943307,-0.3493999250252647,-0.9185618293223684,0.1926901137286344,0.6634692782398712,-0.4214037896984254,0.0,0.0,2.211665712478329,0.0,0.6105360872592249,,0.904264009148832,0.3256933977790482,1.9763744260726408,1.4440631434454358,0.3252595155709342,0.4852131147540983,1.5408752840402655,0.9268864552654904,-0.3479020979020979,,,,0.0,0.0,0.0,1.860124083474337,1.4531781039843807,0.7550377518875944,1.2347399017740803,1.2549019607843137,0.0,2.2615658362989324,1.7335271317829457,,13.8819,0.0333815976199223
2014-03-31,0.3455786876212836,0.2299929955149684,,0.488366735775167,0.0715775993646498,0.5442024103600569,0.0,0.4158024848677923,0.2192907665968665,,0.6465378541852946,-0.4281098546042003,-0.0265899717820707,0.6483208526668811,0.3500115021854152,,-0.1857340321163549,,0.0037270776892118,,,0.0325236134632344,-0.1893933439159231,0.3972734846802021,0.4127449112966259,,0.098631938267247,0.0,0.392455937420354,-0.0315667103851198,0.4335068393656942,0.1433201296362981,0.0,0.0,0.0,0.4129292929292929,0.0,0.2309165493248134,0.0,-0.579902116705664,-0.0563396987308741,,0.0706214689265536,,0.1560026188917326,,-1.088973231422697,-0.6616972157772621,0.1656001230172342,,,,-0.8073273885350318,0.3455786876212836,0.376522961574508,-0.0239273927392739,-0.0278006251028129,0.2862774082286277,,,0.0,,,-0.1348084075235719,-1.2065764023210832,-1.9405505582176896,,-6.256788764471437,2.0992940104759734,0.2722783051553564,-0.4545945945945946,,0.0727612909931916,-0.0022896393817973,0.171755991285403,-0.4470230502052416,-0.2581605263572699,0.1127068391655551,-0.3389485025406578,-0.2905958612407209,1.526479750778816,,,,-3.105674832262581,-0.4292124594009526,-0.0524367138706036,0.3951569627045881,-0.559113957832933,0.0,0.0,-0.0688627283779274,0.0,0.289162218612207,0.1913265306122449,0.1457278222512661,0.0727612909931916,-0.3077838001387635,-0.2789293067947838,0.0726643598615917,0.0043387978142076,-0.1024400948643714,0.278900866382638,-0.4353146853146853,,,,0.0,0.0,0.0,-0.2560631697687535,0.4231687034492732,0.4090204510225511,0.2724265811366142,-0.090497737556561,0.0,0.3274021352313167,-0.3730620155038759,,13.4752,0.0645704701971028
2013-12-31,0.4662849476533863,0.2330957565955957,,-1.1287712508638563,0.3246769498818624,0.5428924320682685,0.0,0.5092505044069237,0.2193521543697863,,0.642782143548842,-0.4135702746365105,-0.0265899717820707,0.6558551936417513,2.2540832758224063,,-0.0778535151287721,1.0938935999037531,-0.1623314593544952,-106.8076923076923,,0.3501934907968408,-0.1962827740981991,0.3411052507828123,0.5907690690907658,,0.0913784409215643,0.0,0.3546572039131884,0.1361282043638965,0.3968042609853529,0.2578321930140439,0.0,0.0,0.0,0.5773567676767677,0.0,0.2309793837600038,0.0,-0.5853027395993553,-0.0563694698137824,,2.949152542372881,0.3068781263329326,0.1275519314326528,,-0.788070619165255,-0.651308584686775,0.4322636353958434,,,,-0.8606658174097664,0.4662849476533863,2.3158388003748827,-0.1095278877887788,-0.1131765092942918,0.3142694013303769,,,-0.1076233183856502,,,-0.6005128537888578,-0.5282398452611219,-0.7987768788294832,,-0.0986836211804896,2.1368708722386702,2.18101086725219,0.9020178378378378,,0.103535852259931,-0.0078244609807288,0.1691067538126361,0.7455686769813704,0.2001114607424771,0.1677465713864339,-0.7812292083089806,0.520192092736908,2.906757009345794,,,0.0,-0.0578795187377192,0.6991470050904716,-0.1746937191357236,-525.2845172614257,0.6622356551908193,2.5309548793284367,0.0,0.0131864799021563,0.0,0.3558037595729867,0.2576530612244898,0.2269237052769155,0.103535852259931,-0.201871891886655,-0.19601921757035,0.1033979238754325,-0.0146994535519125,-0.0245899327329468,0.3983644525777028,-0.2989510489510489,,,,0.0,0.0,0.0,-0.3553299492385787,0.5842071010195965,0.4808240412020601,0.4458253984163576,-0.090497737556561,0.0,0.4669973309608541,-0.2210222868217054,,12.1629,0.1794308923036446
2013-09-30,0.517227665844134,0.2358794707201047,,0.6072333563695002,0.4530050747059221,0.5221947750580134,0.0,0.5857079749389402,0.2151982484022127,,0.6337439747772035,0.6946688206785138,-0.0265899717820707,0.6668810584830248,2.292040487692661,,-0.0148587225693083,,-0.0399329752415553,,,0.4698419924089829,-0.2023661393617603,0.2462251033422675,0.6820668772865504,,0.031180942455189,0.0,0.5004411159252652,0.1992965303445809,0.4481781866602106,0.3123274516864722,0.0,0.0,0.0,0.4468686868686868,0.0,0.2267275869787851,0.0,-0.5982994121095839,-0.0563396987308741,,0.0918079096045197,,0.0789238735789536,,-0.6747248189782575,0.1445672853828306,0.5649329910930792,,,,-0.907964331210191,0.517227665844134,2.354498594189316,-0.2541254125412541,-0.2572791577562099,0.5375708302537571,,,-0.2645739910313901,,,-0.5877127882175507,-0.3081237911025145,-0.3764619548955868,,2.570692731068514,1.3737189706217263,2.2191165005202924,1.502702702702703,,-0.0519723507094225,1.324174775806144,0.1630413943355119,0.3379469529523208,1.2301707517251907,0.5960814174309811,-0.4021789546591899,0.8181700577855255,8.249221183800623,,,-0.3440394458521935,1.2631862120879525,1.1501478925815638,-0.1035048029537782,0.3392585636347375,0.7977048305310915,0.0,0.0,0.5172030450512423,0.0,0.3409607797632861,,0.3192288841692534,-0.0519723507094225,0.3524981536698188,0.1877831159917639,-0.0519031141868512,0.703792349726776,0.339839087099664,0.4046550195865382,-0.2604895104895104,,,,0.0,0.0,0.0,0.2154540327129159,0.6388748282594547,0.464623231161558,0.464969429688283,0.1025641025641025,0.0,0.853202846975089,0.1996124031007752,,12.318,0.1645802890079558
2013-06-30,0.5938717328286337,0.2401681883695611,,0.820087537433771,0.6624624718416732,0.4757092596751254,0.0,0.6426263141127748,0.2008744347209243,,0.6100752978722348,0.7738287560581584,-0.0265899717820707,0.9835071438415952,1.5211640211640212,,0.6367581734389035,,0.2314233365175313,,,0.5252337715885542,-0.2165431605451858,-0.0468845513400184,0.8129577205761614,-1.018106634922624,-0.1015650812662584,0.0,1.1224733860058422,0.2285382139024681,0.456409635637332,1.2908414356019686,0.0,0.0,0.0,0.2545454545454545,0.0,0.2120662187676858,0.0,-0.6323344086068358,-0.0563396987308741,,1.2733050847457628,,0.0204154514612225,,-0.6222551362657984,0.2014118329466357,0.6137140559018701,,,,-1.0179430997876855,0.5938717328286337,1.5693533270852855,-0.7008250825082508,-0.7025826616219772,0.3782951465878295,,,-0.3991031390134529,,0.5644478645632935,0.3464681733530922,0.1833655705996131,0.4680294093308692,,-0.3399164926931106,1.483716693236165,1.4463310477048577,-0.4821621621621622,,0.0103944701418845,0.0007632131272657,0.0105359477124183,0.7061187243448058,-1.9753728331606288,0.6896377874178377,0.4427795607563526,-0.6148402925301585,0.0996884735202492,,,-0.1852164684989063,-0.1773206028449634,-0.8933279100059388,0.1569424513704121,0.6243403988909758,-0.4641046170269549,0.0,0.0,1.8138735687632803,0.0,0.4074263170109074,,0.6690083319719,0.0103944701418845,1.6439977314917975,1.149210706932052,0.0103806228373702,-0.1268087431693989,1.345685747102056,0.6616532753838675,-0.3269230769230769,,,,0.0,0.0,0.0,1.3863508178228992,1.0927760503290187,0.536226811340567,0.8795229026761552,-0.1266968325791855,0.0,1.9661921708185053,1.4118217054263569,,10.537,0.3749532746111011
2013-03-31,0.4167413334611053,0.2438682584985039,,-1.1278507256392536,0.385344060901147,0.389325548319485,0.0,0.1902529467983434,0.1718857641754599,,0.5442204870242707,0.678513731825525,-0.0265899717820707,0.9952680663389536,1.6322751322751323,,-0.1858888104764519,,0.1034498958610645,,,0.4371489851256274,-0.2331833707373145,-0.0550054320571116,0.5704339601573738,-0.7674957709416703,-0.3430334863651328,0.0,0.2976454212166957,0.1820376773578156,0.5048299237380462,0.2705557556115712,0.0,0.0,0.0,0.2852525252525252,0.0,0.1823944021499849,0.0,-0.7270320660017496,-0.0563396987308741,,1.2874293785310735,,0.0197607285280638,,-0.7056931638207792,0.1329663573085847,0.5371121704261838,,,,-1.1470301486199574,0.4167413334611053,1.6825210871602625,-0.7132013201320132,-0.7149202171409771,0.4063808819906381,,,-0.515695067264574,,,0.5051423299303331,-0.09284332688588,0.0376947294760084,,-0.5874017840197381,1.667957185151446,1.5577173126137969,-0.2556756756756757,,-0.0450427039481662,-0.0007632131272657,0.9544444444444444,-0.0788512788127565,0.0980301764521583,-0.0663418614729021,-0.0321144138391492,-0.1580640757008222,-0.3707165109034268,,,0.0313603188010309,-0.299805011209108,-0.2287560909994088,-0.1596797009452703,0.2777703246579018,-0.200160128102482,0.0,0.0,-0.1289344701544173,0.0,0.2264098398700394,,0.0720470511354353,-0.0450427039481662,-0.3539886321208539,-0.3316403568977351,-0.0449826989619377,0.3540655737704918,-0.1656228351449479,0.1994681611528893,-0.4842657342657342,,,,0.0,0.0,0.0,-0.3079526226734349,0.3146286788632583,0.3412170608530426,0.1671845244061341,0.0060331825037707,0.0,0.2749110320284697,-0.4302325581395348,,9.7784,0.4694590414144208
2012-12-31,0.4614743297956445,0.2472656797093998,,0.6452080165860401,0.4800614871960773,0.3879781420765027,0.0,0.5784869916109164,0.1548523624061278,,0.5411943305270127,0.5977382875605816,-0.0265899717820707,1.0066614600082695,1.818380492293536,,0.2091055644909962,1.3344001829038048,0.0445056924064707,-129.82916666666668,,0.4296956570403029,-0.2417211670042147,-0.0468589976353619,0.6281551931375575,-0.5014253492888917,-0.3508460980535742,0.0,0.4184131589781795,0.17809791939907,0.4971795182181334,0.6637858600408114,0.0,0.0,0.0,0.4946319191919192,0.0,0.1649595917856194,0.0,-0.731383607332,-0.0563694698137824,,3.095338983050848,0.3756919616890922,0.0279150050592226,,-0.7127624507053749,0.0743433874709976,0.5285009640292876,,,,-1.213155838641189,0.4614743297956445,1.8720712277413307,-0.7007861386138614,-0.7025826616219772,0.425680339985218,,,-0.600896860986547,,0.6614082339361292,0.4900483194331445,-0.1185019342359767,-0.1520107104801297,,-0.2428475991649269,1.7488043725802778,1.7442521775813002,0.0336183783783783,,0.0162742754188105,-1.2861888952489984,0.9544444444444444,-0.0503448058099147,-0.2176126542706716,-0.0663418614729021,-0.0762609171327485,0.0,-0.3253239875389408,,,-0.2024848576729546,-0.1294085346271594,-0.0003671889007072,-0.1756282651659457,194.3577944727663,0.0816164931945556,2.4050367261280168,0.0,-0.1619006699098081,0.0,0.2590711533998607,-0.9846938775510204,0.092958666884496,0.0162742754188105,-0.3589794992141452,-0.3256005490734385,0.0162525951557093,0.2649726775956284,-0.1927011524080522,0.3098962056443542,-0.2884615384615384,,,,0.0,0.0,0.0,-0.6847151720248167,0.4507918143032757,0.376418820941047,0.3430891049413651,-0.0060331825037707,0.0,0.382767793594306,-0.3127606589147287,,8.8559,0.6198579478088054
2012-09-30,0.4582544740183513,0.2501751962182929,,0.6321124164938954,0.4928503380038316,0.3697133018938543,0.0,0.5976013592439205,0.1302784958631462,,0.5338507110829758,0.9870759289176092,-0.0265899717820707,1.032572242385262,1.9000460087416609,,0.2211782765785593,,0.0223311461546893,,,0.4297521216470099,-0.2477982921889539,-0.0430948070053748,0.6191436396954988,-0.2506108639809535,-0.4046325692985191,0.0,0.3882996451467446,0.1781328246095147,0.4826534317879191,0.6717080782619134,0.0,0.0,0.0,0.4242424242424242,0.0,0.1398066182986966,0.0,-0.7419435580659794,-0.0481556161783892,,1.3771186440677967,,0.0383310517231117,,-0.7126998186987936,0.3545440835266821,0.5399510296779078,,,,-1.2901299363057326,0.4582544740183513,1.9552483598875352,-0.695049504950495,-0.6968251357131107,0.4541759053954176,,,-0.695067264573991,,0.6702577914582531,0.3443665288951156,0.1361702127659574,0.3182211711558312,,2.276898842285064,1.0737872921885676,1.826151292642793,0.5421621621621622,,-0.1178039949413578,1.262354512497615,0.0018213507625272,-1.8887660246289864,1.2006321434902674,0.1127068391655551,0.3619111404152826,0.2525343995001468,0.1059190031152648,,,1.576274734873916,1.1177829420360383,0.3598781390361834,-0.2209614078450798,0.210692245774081,0.5468374699759808,0.0,0.0,0.4776436053447733,0.0,0.2548155024367602,,0.2352556771769318,-0.1178039949413578,0.3420648045125725,0.1696636925188744,-0.1176470588235294,0.2666338797814208,0.3116325066172637,0.3061790524118605,-0.2115384615384615,,,,0.0,0.0,0.0,0.4568527918781725,0.5107383035649722,0.3718185909295465,0.3388794226721459,-0.0180995475113122,0.0,0.7099644128113879,0.0436046511627907,,9.1418,-0.0256481368492285
2012-06-30,0.4868881914664239,0.2512683987563896,,0.5841971895876527,0.5900855693015387,0.3345684557227337,0.0,0.7322514601253053,0.130619539046034,,0.514457883348606,0.9499192245557352,-0.0265899717820707,1.0384527036339413,1.2181964573268922,,0.8050022508643017,,0.1255618021516826,,,0.3554446992205922,-0.2533267830751546,-0.0442858695105485,0.6578171285197275,0.0,-0.5021644506097142,0.0,0.99990197423883,0.1389054489090258,0.3223338578864544,1.501140319289401,0.0,0.0,0.0,0.2125252525252525,0.0,0.1401556984941989,0.0,-0.7698299847835002,-0.0481556161783892,,1.3912429378531073,,0.0396404975894292,,-0.7830872829695338,0.3278619489559164,0.4765971540436001,,,,-1.3325927813163485,0.4868881914664239,1.2607778819119024,-0.6968646864686469,-0.6986346438558974,0.4874353288987435,,,-0.6704035874439462,,2.098114659484417,-1.0437696355984944,1.0586073500967117,1.860954820440024,,2.352055418485481,0.3762240947392393,1.1426132197854524,-0.3089189189189189,,-0.1351281118444987,-1.1234497233352414,0.0061786492374727,-1.735940006315125,-1.7402731500744837,0.1127068391655551,1.94899548859044,-0.4828086269356934,-0.3707165109034268,,,-1.2969773099719173,1.154979127398156,-0.6914565554745017,0.044592655387428,-0.314752705482515,-0.2527355217507339,0.0,0.0,1.725963702748905,0.0,0.3803202599210953,,0.6265316124816207,-0.1351281118444987,1.6007738564117775,1.0943033630748114,-0.1349480968858131,-0.5202513661202186,1.2813747436021834,0.6213936465273211,-0.4073426573426573,,,,0.0,0.0,0.0,1.4517766497461928,1.033624990961024,0.5070253512675634,0.8235942668136714,-0.2352941176470588,0.0,1.833629893238434,1.2674418604651163,,7.9369,0.1066159331729012
2012-03-31,0.1750796578903236,0.1651576757555385,,0.6459341165630039,0.0061945996100059,0.272475484691968,0.0,-0.1916096421365615,0.130619539046034,,0.4523739001156583,1.074313408723748,-0.0265899717820707,0.8398033720769973,0.5135725787899701,,-0.5264012026897693,,-0.0637361604835805,,,0.0118575674084709,-0.2609353002353713,-0.0417954660906399,0.2581823197525107,0.2506108639809535,-0.5674594785191036,0.0,0.2809418315133217,-0.0424764516513652,0.1747972400435782,-0.0417716960749009,0.0,0.0,0.0,0.4735353535353535,0.0,0.1401556984941989,0.0,-0.8591052814277851,-0.0481556161783892,,1.3509887005649717,,-0.0233319445271114,,-1.1085490763490575,0.4171890951276102,0.192332714304302,,,,-1.391616135881104,0.1750796578903236,0.5431115276476102,-0.693069306930693,-0.6948511268300708,0.4908844542990884,,,-0.6995515695067265,,,0.5860556415624361,-0.2439071566731141,-0.431143579629024,,-2.8390624406908334,1.235937144158506,0.4362444218225526,-0.6940540540540541,,-0.1455225819863832,-0.0030528525090631,0.0105359477124183,0.733273760656773,-0.4398834261417115,-0.8488447412549158,-0.2920248512316418,-0.4202936337564959,-0.6105919003115264,,,0.4356369884275803,-1.4141876958963873,-0.588870061057241,-0.2464954523866671,0.1827430462391557,-0.6124899919935949,0.0,0.0,-0.1882736297141208,0.0,0.1469482478533302,,-0.0068616239176605,-0.1455225819863832,-0.1438311705248943,-0.1927247769389155,-0.1453287197231834,-0.4983934426229508,-0.1966500736755882,0.1584079146770365,-0.3653846153846153,,,,0.0,0.0,0.0,-0.380146644106035,0.2587316508785884,0.255612780639032,0.1381176706424777,-0.229260935143288,0.0,0.2313167259786477,-0.4777131782945736,,7.9312,0.0684646545746504
2011-12-31,0.219865091876093,0.1668952791435918,,0.0413370191200184,0.0997853681139319,0.272285612695561,0.0,-0.0507898481469682,0.1262893137529074,,0.4509941812258068,1.0210016155088852,-0.0265899717820707,0.8464188909817614,1.3820664826317,,-0.2592506575952101,0.9295969355844368,-0.2596024868064582,-91.08108974358974,,0.0484739614242559,-0.2459414308391264,-0.0303045281543625,0.3158605705127784,0.4985746507111083,-0.570101668516393,0.0,0.1409742192248123,-0.0231464170740431,0.2164867207359883,0.2930008402352658,0.0,0.0,0.0,0.2914593939393939,0.0,0.1357234272519054,0.0,-0.861089284495292,-0.0043119440161309,,-0.6300649717514124,0.642577843266509,-0.0149174453901553,,-1.0738643161817731,0.3792598607888631,0.2214683526336333,,,,-1.4322628450106156,0.219865091876093,1.427681115276476,-0.675557095709571,-0.6773936502714262,0.5241162847992116,,,-0.6995515695067265,,,0.6953411533772245,,-0.2475450094079088,,1.2287629531220343,0.8754270097927579,1.3068890502285753,0.6824508108108108,,-0.1356928780555411,0.0190803281816447,0.0,-1.046331544047995,0.5005116786544905,0.0172325635939679,-0.2549238842633132,,0.1949096573208723,,,,,0.6484789459202324,-0.1319037672929316,1033.6817480547356,0.6777427275153456,2.2497376705141656,0.0,-0.1208614141254305,0.0,0.0886434903689951,,-0.0477176931873876,-0.1356928780555411,-0.1179527384187961,-0.1721004804392587,-0.1355121107266436,,-0.1605659593960632,0.0951534040545563,-0.4411678321678322,,,,0.0,0.0,0.0,-0.1865155104342921,0.183372911996529,0.1928008400420021,0.0587294777989375,-0.0143529411764705,0.0,0.0,-0.4718992248062015,,7.3686,0.2020940258673783
2011-09-30,0.2222083802496346,0.1703714109372307,,-0.138217000691085,0.1132212948073998,0.2642787633804925,0.0,-0.0081117128597217,0.0941279184770375,,0.4491754302636355,1.3424878836833605,-0.0265899717820707,0.8388845500068912,1.0178283873936047,,-0.321165097201197,,-0.1267519614137839,,,0.078824590962978,-0.252615195139307,-0.0438527558723035,0.3234175593928367,0.939790739928576,-0.5963083823595728,0.0,0.4355872723351697,-0.0071241206629307,0.1346084009199854,0.1728483975513143,0.0,0.0,0.0,0.336969696969697,0.0,0.102804117575446,0.0,-0.863704605278765,0.0,,1.3036723163841808,,-0.0247604309267305,,-1.045114781041233,0.6097645011600928,0.2563016761098165,,,,-1.499471762208068,0.2222083802496346,1.056701030927835,-0.6962046204620462,-0.697976640894884,0.2520325203252032,,,-0.7242152466367713,,,0.6953411533772245,,-0.2573919081387532,,1.572400835073069,0.4117513094966978,0.9417489615335144,0.8345945945945946,,-0.2182838729795748,0.0190803281816447,-0.1376122004357298,0.3840473634354278,0.9936891454467682,0.1127068391655551,-0.2407749058303052,,0.1059190031152648,,,,,0.6454695062529711,-0.1392524653120005,0.3001296842858421,0.8356018147851615,0.0,0.0,0.3025564555328088,0.0,0.1532606173126015,,0.1068452867178565,-0.2182838729795748,0.3457910006401605,0.1564859299931365,-0.2179930795847751,-0.0175191256830601,0.1768050519113907,0.2439596259971978,-0.3339160839160839,,,,0.0,0.0,0.0,0.1793570219966159,0.4147805336611468,0.2624131206560328,0.2846547058233938,-0.0965309200603318,0.0,0.6067615658362989,-0.0687984496124031,,7.3153,0.2006479570215848
2011-06-30,0.1249610694520974,0.0462508766117852,,0.0672656070029947,0.0158262028745959,0.165581256082042,0.0,0.1741119252415843,0.0944689616599253,,0.4335197620405766,1.6817447495961229,-0.0265899717820707,0.8425598382873156,0.5531400966183575,,0.0148587225693083,,-0.3122288864180904,,,-0.2024256150446104,-0.2585815862937216,-0.0522984718180805,0.2456239449848603,1.1904016039095295,-0.6005176530266876,0.0,0.7300566588899563,0.0076308572791224,-0.0994552717588669,0.5910454927379666,0.0,0.0,0.0,0.7709090909090909,0.0,0.1031531977709484,0.0,-0.8862170851809301,0.0,,1.1271186440677967,,-0.1505267543598595,,-1.0186392530670565,0.8533839907192575,0.0382772855774121,,,,-1.545756263269639,0.1249610694520974,0.5834114339268979,-0.7090759075907591,-0.7616384273729232,0.2489529440748953,,,-0.7286995515695067,,0.9680646402462486,0.6953411533772245,,-0.0011324596838285,,-0.6321920668058455,0.6094283762240947,0.4722201098676757,-0.2524324324324324,,-0.1801708157926649,0.0190803281816447,-0.1332549019607843,0.0114550047363435,-1.999038267828375,0.1127068391655551,0.0094845678177798,,-0.4859813084112149,,,,,-0.5596270143727806,-0.0575435227789211,0.3895671227976031,-0.1870829997331198,0.0,0.0,1.293740194844892,0.0,0.2837781387792991,,0.4406142787126286,-0.1801708157926649,1.1581017564543306,0.761015785861359,-0.1799307958477508,0.3540655737704918,0.9327414088397168,0.4528636376633403,-0.3269230769230769,,,,0.0,0.0,0.0,0.838127467569092,0.7758333935931737,0.4030201510075504,0.5803347699709331,0.0060331825037707,0.0,1.550711743772242,0.9593023255813954,,7.3061,-0.0339168639903641
2011-03-31,0.1459859610454948,0.1727260010192852,,-1.1296936189818014,0.0280955066182852,0.1951493375252638,,-0.6295410427949453,0.0835555798075152,,0.3810648564674028,1.5848142164781909,,0.8495428860201222,0.7491373360938578,,-0.7110517862854455,,-0.0386175360571276,,,0.092319631965952,-0.2659711533198314,-0.0443941479201098,0.2175383746362866,,,,0.1258258670378575,0.0,0.1612395593753783,-0.0806625855239467,,,,0.7014141414141414,,0.0919826315148727,,,0.0,,1.3248587570621468,,-0.0216058567942384,,,,0.2747069469251605,,,,,0.1459859610454948,0.7830365510777882,-0.697029702970297,-0.6987991445961507,,,,-0.757847533632287,,,,,1.4658881707386815,,-1.1112203454165877,0.9508084718742884,0.6723925279648997,-0.7902702702702703,,-0.2321431665020875,,-0.1419694989106753,0.3512087148721187,-0.0911205604907727,-0.1393756021879196,3.1337344861797782,,-0.3052959501557632,,,,,-0.6329704621055807,-0.2669226880199369,0.1603836866112154,-0.7336535895382973,0.0,0.0,-0.3340574908546267,0.0,0.0799257368298909,,-0.1107662146708054,-0.2321431665020875,-0.3465362398656781,-0.3557995881949211,-0.231833910034602,,-0.3517862663287894,0.0324822005547136,-0.3863636363636363,,,,0.0,0.0,0.0,-0.5132543711223915,0.0796153011786824,0.1834091704585229,-0.0464067354916307,0.1749622926093514,0.0,0.0,-0.6133720930232558,,7.3456,-0.0391118492703114
2010-12-31,0.1117561725881028,0.0476157820268504,,0.1634139599170698,-0.0288066066883551,0.1815933453102777,,-0.1484328342359562,0.0585489294654489,,0.3835129989602447,1.5298869143780292,,0.5788579041668581,1.0940685530250749,,-0.1797659333293761,,-0.4346534287548741,,,-0.1800091661819297,-0.2669247906289342,-0.0617186934499087,0.2135274451720537,,,,0.0959997647381731,-0.1437641588172171,0.1098612274543033,0.4714704117152802,,,,0.4233074747474747,,0.0663866752598574,,,0.0115051595303048,,-0.6300649717514124,,-0.1188213201595143,,,,0.0449319501780201,,,,,0.1117561725881028,1.1343523898781631,-0.723472607260726,-0.7251594012173055,,,,-0.757847533632287,,0.3978453251250481,,,-0.6979662884547919,,-0.4519559688745492,1.094511500797085,1.0181779271050693,0.4815989189189189,,-0.3043639450479012,,-0.1427015250544662,-1.373348910640985,0.3149601606658451,0.1119531906295499,-0.625482288193585,,0.0980934579439252,,,,,0.5678282739816418,-0.1559415168243819,1946.432452374564,0.4877042967707499,2.0440713536201467,0.0,-0.3429605625352326,0.0,0.0506415409607797,,-0.1538271524260741,-0.3043639450479012,-0.427237450357752,-0.4267030885380919,-0.3039584775086505,,-0.4114962124203728,-0.0210003717153232,-0.4307552447552447,,,,0.0,0.0,0.0,-0.6804670050761421,0.0043338636199291,0.1518611930596529,-0.1243350706625238,0.6783710407239819,0.0,0.0,-0.5532945736434108,,7.1952,0.0219590838336669
2010-09-30,0.115358999544812,,,-0.0469937802349689,-0.0157462725570474,0.1763979339770941,,-0.4090886694276309,0.0474050024214066,,0.3853743737417072,1.9046849757673667,,0.5024119079340286,1.2391304347826086,,-0.4587630593273967,,-0.3552625397372254,,,-0.0728393426520355,-0.273196507745361,-0.0714637503104206,0.231751932689213,,,,0.3008606661830729,-0.0871586979849767,-0.0025178549812371,0.1860520945864842,,,,0.3854545454545454,,0.0549801307916222,,,0.0115051595303048,,2.3594632768361583,,-0.148919707160288,,,,0.145680793934304,,,,,0.115358999544812,1.282099343955014,-0.7382838283828382,-0.7399243296594835,,,,-0.5627802690582959,,-0.2212389380530973,,,0.403964547217138,,2.290563674321503,0.4153951263948987,1.1635990378117742,0.4672972972972973,,-0.32222857439842,,-0.2683311546840958,-0.9730729396905587,0.8428867770895272,-2.0910654316359567,0.6873815728990954,,0.102803738317757,,,,,0.353039039408366,-0.2311750256617147,-0.314752705482515,0.4731785428342674,0.0,0.0,-0.0029303288671458,0.0,0.0567184961708052,,-0.0537493873550073,-0.32222857439842,-0.0014904784510351,-0.1158544955387783,-0.3217993079584775,,-0.0843878833556353,0.1015640637062877,-0.4248251748251748,,,,0.0,0.0,0.0,-0.6034968979131415,0.2012437631065153,0.1584079203960198,0.0872005612909692,0.0422322775263951,0.0,0.0,-0.1375968992248062,,7.9057,-0.0698862845794806
2010-06-30,0.1249419036438992,,,-0.0110573600552868,0.0159061331921444,0.1654689722284602,,0.1741119252415843,0.0266013682652497,,0.3708634210446354,1.948303715670436,,0.521523406992236,0.5531400966183575,,0.0148587225693083,,-0.3122288864180904,,,-0.2024256150446104,-0.2323075702008867,-0.0857565003725048,0.2456239449848603,,,,0.7300566588899563,-0.1555979492071062,-0.0994552717588669,0.5910454927379666,,,,-0.0565656565656565,,0.033686238865978,,,0.1122049578934883,,2.4329096045197742,,-0.1505862746265103,,,,0.0383719142191362,,,,,0.1249419036438992,0.5834114339268979,-0.76006600660066,-0.7616384273729232,,,,-0.3452914798206278,,1.0103886110042324,,,1.0501136868187595,,-0.897897134181059,0.6927806877704396,0.4759099240261499,-1.1954054054054053,,-0.2910451639727665,,-0.2509019607843137,0.2507982317650774,-1.954816725675507,-1.7532229844611966,1.3276730985625471,,-0.3426791277258567,,,,,-1.3300869620996554,-0.1239320385870481,0.3168992040067972,-1.1305044035228182,0.0,0.0,0.9274490864516612,0.0,0.1690415409607797,,0.2556771769318738,-0.2910451639727665,0.9598681224666524,0.5973919011667811,-0.2906574394463668,,0.6427777614806424,0.2853058073370886,-0.4493006993006993,,,,0.0,0.0,0.0,0.1094190637337845,0.5267915250560417,0.2794139706985349,0.3486017841034379,-0.1206636500754147,0.0,0.0,0.7877906976744186,,7.9674,-0.0798378391947184
2010-03-31,-0.0352842528928391,0.0473985710917809,,0.0036857866850956,-0.3053338130351341,0.1534171719440077,,-0.565401720293087,0.0201215477903812,,0.323391394819876,2.0565428109854604,,0.523177286718427,0.8333333333333334,,-0.5869195414876817,,-0.6526770753402132,,,-0.4405368615280477,-0.1991913624172094,-0.0798011878466364,0.0242760215173827,,,,-0.0687356637324288,-0.2812984380589007,-0.0739377799297905,0.0756211739287,,,,0.3296969696969697,,0.0270537151514331,,,0.197366860396157,,2.439265536723164,,-0.1467174572942086,,,,-0.1579825173584414,,,,,-0.0352842528928391,0.8687910028116214,-0.750990099009901,-0.7524263859187367,,,,-0.3789237668161435,,,,,-0.1587061356908339,,-0.7711178591763143,0.9321339102710088,0.7567970268399965,-0.1435135135135135,,-0.2252135197408312,,-0.2552592592592592,-0.6598427533943796,-0.0683188278182002,-2.147207049992236,-0.0763757303221217,,-0.3115264797507788,,,,,-0.0896157882265725,-0.3026703503781592,0.12125480726232,-0.0944755804643715,0.0,0.0,-0.2564037758752617,0.0,0.0218148062195404,,-0.1426237542885149,-0.2252135197408312,-0.4814245396843614,-0.4540837336993823,-0.2249134948096885,,-0.2852187363903249,-0.0474651874303033,-0.5437062937062938,,,,0.0,0.0,0.0,-0.4861816130851664,-0.0129438137247812,0.1208060403020151,-0.1551568607797935,0.1085972850678733,0.0,0.0,-0.5222868217054264,,8.194,-0.0091408347571395
2009-12-31,-0.0276088641862916,0.0473985710917809,,-0.0846007832296705,-0.2870208580861291,0.1512557077625571,,-0.268040777317617,0.0063280562584834,,0.3198521364221461,2.050080775444265,,0.5286902191390637,1.0751242236024845,,-0.5534563052563582,,-0.7031063156740843,,,-0.4266465682781246,-0.2028156987246154,-0.0755783298737479,0.0329973924295069,,,,-0.0316087595820181,-0.2739656611422439,-0.1270417624984868,-0.0405379906373784,,,,0.4735595959595959,,0.01293516664434,,,0.197366860396157,,-0.6300649717514124,,-0.1426392476638295,,,,-0.1465314107947623,,,,,-0.0276088641862916,1.11505740393627,-0.7445267326732673,-0.7461477216647475,,,,-0.3789237668161435,,,,,-0.4264115159501688,,-0.0339267413171379,0.9503529947620132,0.9991866842447876,0.3041737837837838,,-0.2117388216135682,,-0.2354466230936819,0.3515244711083043,0.0326372255128068,-2.147207049992236,-0.1343424136977127,,-0.3888380062305296,,,,,0.2395328611956974,-0.2141336043346594,1564.3453458992935,0.3542193755004003,1.8467995802728228,0.0,-0.2571700568740204,0.0,0.0345999535855186,,-0.1327418722430975,-0.2117388216135682,-0.2780062764047573,-0.3020749485243651,-0.2114567474048443,,-0.2899444668843463,-0.02979875904269,-0.6171048951048951,,,,0.0,0.0,0.0,-1.65512239142696,0.0087892833899775,0.1345795289764488,-0.1310955196952992,-0.1447662141779788,0.0,0.0,-0.0213178294573643,,6.8161,0.1911650357242411
2009-09-30,0.006152224431614,,,-0.0165860400829302,-0.2258431122331862,0.1598922075005614,,0.3363716682595306,0.0057977341090928,,0.306052321411542,2.3392568659127626,,0.5183994119538752,1.093512767425811,,1.0726140354719498,,-0.6974646475719185,2.155128205128205,,-0.4170475851379339,-0.1603824511467513,-0.0677822843853383,0.0788707971809338,,,,0.0579920403081929,,-0.1052657063309526,-0.0984275597167206,,,,0.3660606060606061,,0.0123923469403339,,,0.3004388566006405,,2.42090395480226,,-0.1417177548955419,,,,-0.5711784814468719,,,,,0.006152224431614,1.1337863167760076,-0.7326732673267327,-0.7343313044908703,,,,-0.2017937219730941,,,,,-1.2041282038194467,,2.585875877775669,0.1826463220223183,1.0176207651671396,1.8208108108108108,,-0.242537636643972,,-0.2160435729847494,1.1734379538995896,0.9719238551684036,-1.5843017608738166,-1.0071945438775658,,-0.6012461059190031,,,,,1.6154424982947944,-0.3486316305530163,-2.8916689026026297,1.8700293568187885,0.0,0.0,0.3450462241064236,0.0,0.0314690183337201,,-0.0797255350432935,-0.242537636643972,-0.0245928944420803,-0.1202470830473575,-0.2422145328719723,,-0.0973629103775394,0.0563291682154805,-0.5926573426573427,,,,0.0,0.0,0.0,0.2064297800338409,0.1423819509725938,0.1312065603280164,0.0215495639971935,2.805429864253393,0.0,0.0,-0.0242248062015503,,6.6426,-0.0251106494444946
2009-06-30,0.0935674756234877,,,-0.2432619212163096,-0.0170251576378229,0.1350400479077775,,0.9527038334926198,0.0020462590973269,,0.2815756100176412,2.347334410339257,,0.5218909358202785,0.3180354267310789,,1.8805570751780936,,-0.3110387271559892,3.0519230769230767,,-0.2590596155717358,-0.1273757184301275,-0.0581455059343877,0.1958633554243377,,,,0.577214892073637,,-0.0351047088730177,0.1346777097587324,,,,-0.0614141414141414,,0.0085524647898079,,,0.3780097260111493,,2.434322033898305,,-0.1352895660972561,,,,-0.5709419098425615,,,,,0.0935674756234877,0.3439550140581068,-0.717986798679868,-0.7196907386083238,,,,-0.1233183856502242,,0.0038476337052712,,,0.0011324596838285,,-0.0149971531599924,0.1951719426098838,0.240223044653612,-0.0597297297297297,,-0.2148190495989466,,-0.220400871459695,1.8586289864224816,-1.5808337617655106,,0.0151420293231221,,-0.5950155763239875,,,,,-0.2874780153899787,-0.2158545989367624,-0.2979831857615598,0.0125433680277555,0.0,0.0,1.03953416561999,0.0,0.0726850777442562,,0.1828132658062408,-0.2148190495989466,1.007563432899778,0.6446122168840083,-0.2145328719723183,,0.6839593689849467,0.1996969090441197,-0.5716783216783217,,,,0.0,0.0,0.0,0.9622109419063734,0.4238195097259382,0.1756087804390219,0.2505763255487621,0.2051282051282051,0.0,0.0,0.5697674418604651,,5.8611,0.0339526710003241
2009-03-31,-0.020660741237632,0.0458632942657784,,0.018428933425478,-0.181241995041143,0.065760910247773,,-0.0514376128278645,-0.0020462590973269,,0.2419819200599696,2.2649434571890144,-0.0073088777946602,0.5251986952726605,0.3306878306878307,,-0.5863004280472938,,-0.3296427956214667,,,-0.2727240503948309,-0.1333421095845421,-0.0484004490738758,0.036440305026634,,,,-0.116180132138726,-0.1927089543340884,0.0827986926522212,-0.2138998919697515,,,,-0.509090909090909,,0.0043635024437795,,,0.3780097260111493,,2.4470338983050848,,-0.1288613772989703,,,,-0.0112608083651719,,,,,-0.020660741237632,0.3568416119962512,-0.7031353135313532,-0.704885671985524,,,,-0.0919282511210762,,,,,-0.1124370686086948,,-1.447527044980072,0.6374402186290139,0.252906780823367,-0.3697297297297297,,-0.3083692808759073,,-0.2160435729847494,-0.0232781812440795,0.0019865145888983,-0.4460325927003942,-0.0331127893989155,,0.0249221183800623,,,,,-0.2348876975622796,-0.4303405730860957,-0.0184911904123065,-0.3466773418734988,0.0,0.0,-0.4058505480997,0.0,-0.0888373172429798,,-0.2759353046887763,-0.3083692808759073,-0.418824444740884,-0.4211393273850377,-0.3079584775086505,,-0.4087635589032379,-0.1391930918136848,-0.5786713286713286,,,,0.0,0.0,0.0,-0.5583756345177665,-0.144840552462217,0.0016000800040002,-0.2561892352410544,-0.1628959276018099,0.0,0.0,-0.688953488372093,,5.546,-0.0356473133790119
2008-12-31,0.0320849428619343,0.0458632942657784,,-0.1258751439760423,-0.0964595475310579,0.0893653342316041,,0.5394044812573007,-0.0107241028859074,,0.2461631955272597,2.2907915993537964,-0.0073088777946602,0.5367758533559976,0.7773324131585001,,-0.2402656987240768,,-0.4594561598571809,,,-0.2801101291335674,-0.1242404619847829,-0.0559799377431628,0.1089362557389539,,,,-0.0425355735487286,-0.1965839990461428,0.0845081225033289,-0.0111177529708318,,,,-0.2136250505050505,,-0.004518843130778,,,0.403392242913059,,0.719632768361582,,-0.1292951014820546,,,,-0.0166674158100803,,,,,0.0320849428619343,0.8117535145267104,-0.7146133663366336,-0.7163278499753248,,,,-0.0919282511210762,,,,,-0.9565129819111404,,-0.1709553995065477,0.6966522432247779,0.7006574268723516,0.8309816216216216,,-0.1352320565459175,,-0.1915076252723311,-1.1110179981054626,0.1724812884360883,-3.724983254059469,-0.4724562742704059,,-0.14402492211838,,,,,0.7696161443314152,,-2.5832830247741705,0.8534464905257539,1.0703043022035676,0.0,0.1890802027348026,0.0,-0.1125842654908331,,-0.1802177748733867,-0.1352320565459175,0.0892751877816538,-0.0193471516815374,-0.1350519031141868,,-0.0066539323357982,-0.1064124896348611,-0.4124195804195804,,,,0.0,0.0,0.0,-0.0619740552735476,-0.0517743871574228,-0.0239825991299564,-0.185915104740904,1.0488989441930618,0.0,0.0,-0.1153100775193798,,5.097,-0.0118501079066118
2008-09-30,0.0641862916556862,-0.101836021048858,,-0.2524763879290486,-0.1300066614925774,0.1834718167527509,,0.2480208134225337,-0.0112544250352979,,0.2362583424300341,0.0,-0.0072715433036683,0.0713005926402352,0.8372440763745111,,-0.3363333764906994,,-0.4006138716193996,,,-0.2123633858250432,-0.0471304942799277,-0.0415789092715174,0.2159882823532502,,,,0.3872801772305762,-0.1608441635865029,0.0104587822297542,0.0045612771576041,,,,0.9187878787878788,,-0.0050616628347842,,,0.5785790534930613,,0.6398305084745762,,-0.2721266591274329,,,,-0.0270164772122402,,,,,0.0641862916556862,0.8727741330834115,-0.6927392739273928,-0.694522125349564,,,,0.4641255605381166,,-0.4544055405925356,,,-0.8284751486980232,,1.3795748718921996,0.2908221361876565,0.7607174543833752,1.2327027027027029,,-0.1974949326958058,,-0.3293333333333333,0.5949725292074518,,-0.4408350165900132,-0.7719107036259752,,-0.0809968847352024,,,,,0.8463975366978127,,-0.0017216706913513,1.2447291166266343,0.0,0.0,0.9845904993610052,0.0,0.1775818055233232,,0.3077928443064858,-0.1974949326958058,1.2363518751336773,0.8159231297185998,-0.1972318339100346,,0.7967856909145477,0.188087953564178,-0.3059440559440559,,,,0.0,0.0,0.0,0.7704455724760293,0.4236025743003832,0.2886144307215361,0.1735992783401824,-0.808446455505279,0.0,0.0,0.5794573643410853,,8.7789,-0.1803301096948364
2008-06-30,0.149301645863779,-0.101836021048858,,-0.0958304538124856,0.0737756830972326,0.1588442248671307,,0.3151334820006371,-0.0105723386695223,,0.1908064024276049,0.0145395799676898,-0.0072715433036683,0.0622961363531952,0.4273061881757534,,0.1352762867247451,,-0.1610160201700675,,,-0.0970061943226334,-0.0384272264491762,-0.0332414717353017,0.3319299305742566,,,,0.7642480443860646,-0.0999463455347561,0.0694346931364241,0.698115472332253,,,,1.347878787878788,,-0.0043635024437795,,,0.603842960502906,,0.605225988700565,,-0.2704600916612106,,,,0.0700725091967211,,,,,0.149301645863779,0.4552483598875351,-0.68003300330033,-0.6818555683500576,,,,0.4977578475336323,,0.556367833782224,,,0.6906386271806016,,-0.8174264566331372,0.5440674106126168,0.3497644024833141,-0.8405405405405405,,-0.142057758605755,,-0.3336906318082788,-0.7589902115566782,,,0.6996948714695465,,-0.1588785046728972,,,,,-1.064541231723022,,0.210692245774081,-0.7958366693354684,0.0,0.0,1.5135148598808308,0.0,0.2648410304014852,,0.4790066982519196,-0.142057758605755,1.5821428757738378,1.0794783802333563,-0.1418685121107266,,1.1228537612910945,0.3580476367483487,-0.4108391608391608,,,,0.0,0.0,0.0,1.544275239706712,0.6803094945404584,0.3826191309565478,0.4243760649493835,-0.1206636500754147,0.0,0.0,0.9457364341085271,,9.9663,-0.100368240972076
2008-03-31,-0.01406770321746,-0.101836021048858,,0.0027643400138217,-0.195349696088447,0.0918481922299573,,-0.4197077625570776,-0.020462590973269,,0.137274117535855,-0.0096930533117932,-0.0072715433036683,0.0534754444801764,0.683114791810444,,-0.5516300753855742,,-0.3733654885133971,-0.8323717948717949,,-0.2256325684011892,-0.0452146806064918,-0.0270696023903108,0.1077445500463057,,,,0.107867547591507,-0.167938476213187,0.0025178549812371,0.0472932421077901,,,,1.30989898989899,,-0.014486828113348,,,0.603842960502906,,0.5713276836158192,,-0.2699244092613534,,,,-0.0385611715025845,,,,,-0.01406770321746,0.7157919400187441,-0.6706270627062706,-0.6724790261556177,,,,0.5,,,,,0.5016796399360614,,-0.1045777187322072,0.5834661808244136,0.6062064864972693,-0.4237837837837838,,-0.1905652859345495,,-0.3293333333333333,-0.5063852226081466,-0.1215228707208694,-1.9325393602693384,0.7625925317348231,,-0.1214953271028037,,,,,-0.462464633453444,,0.0933056077273946,-0.3875100080064051,0.0,0.0,0.396326979281476,0.0,0.0414945462984451,,0.0,-0.1905652859345495,0.137124017495236,0.0071379547014413,-0.1903114186851211,,0.1474702082096944,-0.0256769507906098,-0.3898601398601398,,,,0.0,0.0,0.0,0.3079526226734349,0.0700701424542627,0.1420071003550177,-0.1275934649694297,1.1463046757164403,0.0,0.0,0.0,,9.4349,-0.0062321805212563
2007-12-31,-0.0292778227641886,0.0301791174517045,,-0.0133204330799354,-0.2307728145679877,0.0953193727075379,,0.0081117128597217,-0.0326770525683962,,0.1166578582490347,-0.0565428109854604,-0.0073088777946602,0.0542105021362613,0.7229102829537613,,-0.2935662582555875,,-0.5425102964436163,,,-0.3683343831750604,-0.0081544145820789,-0.0332414717353017,0.0882806192487307,,,,0.1270529143058796,-0.243173959699535,-0.052730807408304,0.206486136118113,,,,1.361488484848485,,-0.0269891353152652,,,0.6971889455580595,,,,-0.2730650556514493,,,,-0.1593859547438521,,,,,-0.0292778227641886,0.7563240393626992,-0.6799739273927393,-0.6817966770850469,,,,0.5,,0.3235859946133128,,,-0.7501076443374468,,1.0417430252419817,0.2789797312685038,0.6461005265653071,0.9656372972972972,,-0.2312838903036917,,-0.3278997821350762,-0.7238212819703189,,0.0991333691532953,-0.7815849628001107,,0.0799844236760124,,,,,0.7708865660450377,,0.8174302387979608,0.96722257806245,0.9905561385099684,0.0,0.1873029582768787,0.0,0.041711023439313,,-0.030561999673256,-0.2312838903036917,0.0390557520917001,-0.0715689773507206,-0.2309757785467128,,0.0412803305359927,0.018427987304492,-0.2484405594405594,,,,0.0,0.0,0.0,0.1306644106034969,0.1122282883794923,0.1422403120156007,-0.0504084394106444,0.8045671191553545,0.0,0.0,-0.2005813953488372,,10.1638,-0.1012711781026782
2007-09-30,-0.017249227378357,-0.101836021048858,,0.0709513936880903,-0.1768458275759775,0.0683060109289617,,-0.0246774981416587,-0.0501333478845091,,0.1030336560673584,0.2487883683360258,-0.0072715433036683,0.0135985666375706,0.4153439153439153,,-0.4414278829965369,,-0.3256338381070204,-0.8301282051282052,,-0.248331340297405,-0.0139595489627237,-0.0319421308205668,0.1102667341000597,,,,0.4012390456211892,-0.180129963038035,-0.1211959811160876,-0.0067218821269955,,,,1.2323232323232325,,-0.0448568051220537,,,0.6979006049104496,,0.4180790960451977,,-0.2855187191238617,,,,-0.0503424373972392,,,,,-0.017249227378357,0.4430646672914714,-0.678052805280528,-0.6798815594670176,,,,0.6402937219730942,,0.0038476337052712,,,-0.2454201914811367,,0.4776959574871892,0.1437030289227966,0.337772506468273,0.4572972972972973,,-0.3152989276371637,,-0.3249760348583878,0.0177701294600568,,-0.248524700505919,-0.2045005938254631,,1.5763239875389408,,,,,0.1846556899510691,,0.0988954476343797,0.3370696557245796,0.0,0.0,1.0388015834032034,0.0,0.0992341610582501,,0.2279039372651527,-0.3152989276371637,1.0157610643804715,0.6347288949897049,-0.314878892733564,,0.7589888730681313,0.0731421382209132,0.0017482517482517,,,,0.0,0.0,0.0,1.0411731528482795,0.2734109480078097,0.2042102105105255,0.0144331963516087,0.5731523378582202,0.0,0.0,0.5339147286821705,,10.3872,-0.0099965931766195
2007-06-30,-0.0143551903404326,-0.101836021048858,,0.0571296936189818,-0.1046287856709399,0.0063253237517778,,0.1787843262185409,-0.0552489956278264,,0.0638439833541528,0.234248788368336,-0.0072715433036683,-0.1051132448201405,0.2786979526109961,,-0.2199400496977836,,-0.264309316128224,-0.8301282051282052,,-0.2265924667152083,-0.0108395095516996,-0.0303179546771481,0.1308120250379313,,,,0.5449840218009293,-0.1686538690831048,-0.1425977484566033,0.2218221101908534,,,,0.8008080808080809,,-0.0500930080545891,,,0.7142687700154193,,-0.0381355932203389,,-0.323076007380513,,,,-0.032552252753102,,,,,-0.0143551903404326,0.3038894095595126,-0.6755775577557755,-0.6774140483632176,,,,0.5717488789237668,,0.6083108888033859,,,0.6812553898003078,,-0.2230062630480167,0.2186290138920519,0.2007881558349193,-0.6678378378378378,,-0.2841155172115101,,-0.3293333333333333,-0.3396659299021156,,,0.6674140617037695,,-0.0186915887850467,,,,,-0.8647923563864249,,0.4342858420534836,-0.6373098478783027,0.0,0.0,1.2673672350405796,0.0,0.1374796936644233,,0.3256003920927953,-0.2841155172115101,1.406266418551687,0.9273850377487988,-0.2837370242214533,,0.9801284640501492,0.1604094587253023,-0.18006993006993,,,,0.0,0.0,0.0,1.2554991539763114,0.4121049967459686,0.2454122706135307,0.1467374962413551,-0.2232277526395173,0.0,0.0,0.7451550387596899,,10.6079,-0.0347445643405555
2007-03-31,-0.1784336743250042,-0.101836021048858,,0.488366735775167,-0.3625239552410604,-0.0725727973650722,,-0.7323338642879899,-0.0723011547722172,,0.0173820002405586,0.1954765751211631,-0.0072715433036683,-0.1109937060688197,0.3543823326432022,,-0.8692352703045412,,-0.4248555365895673,-0.8301282051282052,,-0.352734398098656,-0.0222796540587881,-0.0378974433464352,-0.0914291719485842,,,,-0.1137490932617091,-0.2352450220579468,-0.1840455150708146,-0.27031568839275,,,,0.4218181818181818,,-0.0675470178297073,,,0.7142687700154193,,-0.0614406779661017,,-0.3291470745788941,,,,-0.1393879892596491,,,,,-0.1784336743250042,0.3809746954076851,-0.686963696369637,-0.6887645994406975,,,,0.6322869955156951,,,,,-0.0580790037849229,,-0.3163826152970203,0.3215668412662263,0.2766599594685445,-0.107027027027027,,-0.3083692808759073,,-0.4861960784313725,-0.2127319229554783,0.0591635866693643,-0.7890726159855351,0.0807020244144423,,-0.660436137071651,,,,,-0.1488093746604401,,-0.0240810303192916,-0.028556178275954,0.0,0.0,0.3164755176517516,0.0,-0.0996054769087955,,-0.1065185427217774,-0.3083692808759073,0.3361028907084318,0.1350720658888126,-0.3079584775086505,,0.2083964220516789,-0.1478283247076316,-0.187062937062937,,,,0.0,0.0,0.0,0.2944162436548223,-0.0765782052209125,-0.0100005000250012,-0.2655106745514684,0.1870286576168929,0.0,0.0,-0.0998062015503876,,9.9768,-0.0024813409048557
2006-12-31,-0.1672989913993435,-0.0355041911072766,,-0.0971582584657912,-0.3221348860277099,-0.0886533797439928,,-0.0931625783158118,-0.0961537149833912,,0.000260086101125,0.1663974151857835,-0.0073088777946602,-0.1091560619286075,0.4584016563146998,,-0.6736752887757906,,-0.4685306857509748,,,-0.3665721227997348,-0.010626525808747,-0.0266364887520658,-0.0791581685265584,,,,-0.0199551434116885,-0.2422499105758912,-0.210468756809103,-0.3258396350978274,,,,0.3700670707070707,,-0.0919616867031426,,,0.7554264025619737,,,,-0.322367478126302,,,,-0.151352692776286,,,,,-0.1672989913993435,0.4869194001874414,-0.6699595709570957,-0.671813620661293,,,,0.6322869955156951,,,,,-0.6707616948100424,,0.7738978933383944,0.0974721020268731,0.3809368749476435,0.8380018918918919,,-0.3044609601025588,,-0.486483660130719,0.0823391221976634,,,-0.7098080830981257,,-0.204018691588785,,,,,0.6100653741279337,,2.9493895894821573,0.8655182812917,1.2843651626442811,0.0,0.1473054344047714,0.0,-0.1085629148294267,,-0.1645526874693677,-0.3044609601025588,0.0510213130966105,-0.0743494852436513,-0.3040553633217993,,0.0352193005219345,-0.1389659451576931,-0.1888111888111888,,,,0.0,0.0,0.0,0.3472419627749577,-0.087570178610167,-0.0196503825191259,-0.2451419264307908,0.6428778280542986,0.0,0.0,-0.3459302325581395,,10.1435,-0.0329497286376422
2006-09-30,-0.0963273520040248,-0.101836021048858,,-0.110573600552868,-0.1573827952529264,-0.1043491279287371,,0.1057249654879473,-0.1111800776214284,,-0.0094851465164328,0.7059773828756059,-0.0072715433036683,0.0082693986309551,0.2319990798251668,,-0.4025785146121993,,-0.2874861017586169,,,-0.2589466863583218,-0.0186669768460233,-0.0211142898644424,0.0,,,,0.2971748975630796,-0.1854357934899249,-0.2120324415930274,-0.0177649741927739,,,,0.4193939393939394,,-0.1073421601169767,,,0.7554264025619737,,0.3975988700564972,,-0.2812927801916552,,,,-0.0391762576737914,,,,,-0.0963273520040248,0.2563261480787254,-0.6615511551155115,-0.6634314854416845,,,,0.6034103139013453,,-0.3624470950365525,,,0.5379183498185759,,1.3939988612639969,-0.3126850375768618,0.1539736386992782,0.0575675675675675,,-0.3360878679209327,,-0.4992679738562091,-0.263884433217556,,,0.5476089945318139,,-0.0623052959501557,,,,,-0.1384328097078896,,-0.0352607101332617,0.0827328529490258,0.0,0.0,0.9736017661092082,0.0,-0.0349965189139011,,0.1042313347492239,-0.3360878679209327,1.0321563273418584,0.6435140700068634,-0.3356401384083045,,0.7398083983400991,-0.0134961255825922,-0.0017482517482517,,,,0.0,0.0,0.0,1.0208685843203609,0.1613999566129149,0.0596029801490074,-0.0649493835822391,0.2352941176470588,0.0,0.0,0.4573643410852713,,10.2463,-0.0599578331231407
2006-06-30,-0.1412136748041494,-0.101836021048858,,-0.0027643400138217,-0.2049013690354885,-0.1475035556553634,,0.3737508760751832,-0.1125442503529797,,-0.0472270907703018,0.6639741518578353,-0.0072715433036683,0.0005512932420636,-0.1823096388313779,,-0.2934597707438408,,-0.2916829791565529,,,-0.3644225716870059,-0.0213491159888335,-0.0238212501034735,-0.0597705075238589,,,,0.3021938165349854,-0.2411172051985215,-0.2437477302989952,0.0,,,,0.4363636363636363,,-0.1087384808989862,,,0.7554264025619737,,0.3679378531073446,,-0.2852806380572585,,,,-0.1287895813865461,,,,,-0.1412136748041494,-0.165651358950328,-0.6656765676567656,-0.6675440039480177,,,,0.6457399103139013,,-0.1165833012697191,,,0.7385254938110674,,0.0745834124122224,-0.3270325666135277,-0.261361067513971,-0.6108108108108108,,-0.301439634114651,,-0.4861960784313725,-0.2165209977897063,,,0.7422922286862418,,-0.5638629283489096,,,,,-0.8039479528010152,,0.2889500044718719,-0.5342941019482252,0.0,0.0,1.2629717417398607,0.0,0.0557902065444418,,0.2355824211730109,-0.301439634114651,1.2646709657033457,0.8203157172271791,-0.301038062283737,,0.9175098553792206,0.0515254624996425,-0.270979020979021,,,,0.0,0.0,0.0,1.2780597856739988,0.2663967025815316,0.1574078703935196,0.0,0.253393665158371,0.0,0.0,0.7296511627906976,,10.2955,-0.0492642416589773
2006-03-31,-0.2550585755013057,-0.101836021048858,,0.0755586270444598,-0.3705169869959068,-0.2147241559997005,,0.1600947223107146,-0.1214113731080629,,-0.0944971083728281,0.5880452342487884,-0.0072715433036683,-0.0029402306243395,-0.1968023924545663,,-0.5451293842615017,,-0.4418936060259643,-0.8301282051282052,,-0.5033819687929435,-0.0282460452132026,-0.0166748750724314,-0.2170654651262077,,,,-0.1207285274570157,-0.3147728627638011,-0.2735746277690352,-0.2719961589244988,,,,0.2424242424242424,,-0.1178145659820476,,,0.7554264025619737,,0.3545197740112994,,-0.2824831855246711,,,,-0.2479270413172307,,,,,-0.2550585755013057,-0.1804123711340206,-0.6547854785478547,-0.6566869550912979,,,,0.6547085201793722,,,,,0.6408104010921442,,-0.0385310305560827,-0.307447050785698,-0.275889710762963,-0.5905405405405405,,-0.32222857439842,,-0.4339084967320261,-1.0469598989580045,,,0.6580958898126174,,-0.7040498442367601,,,,,-0.5990107949881427,,0.0597665682854843,-0.5022684814518281,0.0,0.0,0.4600616321418982,0.0,-0.0808540264562543,,-0.0709034471491586,-0.32222857439842,0.3867791580436278,0.1702127659574468,-0.3217993079584775,,0.2743998203804955,-0.1536042089611986,-0.2884615384615384,,,,0.0,0.0,0.0,0.4884376762549351,-0.0754212162846192,0.0102005100255012,-0.2857572416558083,0.4826546003016591,0.0,0.0,0.005813953488372,,9.8321,0.0192329207392113
2005-12-31,-0.2981439639682806,-0.0372015141864262,,-0.3299608385164708,-0.4324641021204124,-0.2408490905007859,,0.6236181374110651,-0.122584561657197,,-0.1165308958299612,0.531502423263328,-0.0073088777946602,-0.0082693986309551,-0.1769061421670117,,-0.4393691760288872,,-0.5855963794102448,-0.8301282051282052,,-0.628034250922247,-0.0319621216267995,0.0,-0.2794002193774672,,,,-0.1344877369772776,-0.3805890067962322,-0.3628396562159545,-0.3699313407754171,,,,0.264859797979798,,-0.1190154018545758,,,0.7554264025619737,,-0.2718312146892655,,-0.2750689244687816,,,,-0.3535954862137898,,,,,-0.2981439639682806,-0.1601478444236176,-0.6293663366336634,-0.6313472610626748,,,,0.6547085201793722,,-0.2223932281646787,,,-0.5058593868491178,,0.4507375213513001,-0.4345251651104532,-0.255944189715946,0.6325375675675675,,-0.2745110268004088,,-0.4296470588235294,-0.4027243448058099,,-0.831082024897689,-0.409076398609762,,-0.1073831775700934,,,,,0.5478262658804925,,-0.1416521330829085,0.6543525487056312,1.0283315844700944,0.0,0.5253097998622013,0.0,-0.3039242515664887,,-0.2269745139683058,-0.2745110268004088,0.7083260361992502,0.4146822237474262,-0.2741453287197232,,0.4132895868074438,-0.2361723043490692,-0.3903216783216783,,,,0.0,0.0,0.0,0.6593479977439368,-0.162023718273194,-0.2301139056952847,-0.3100446025859477,-0.6350950226244344,0.0,0.0,0.0193798449612403,,9.6357,-0.0794953454189121
2005-09-30,-0.2957092546896337,-0.101836021048858,,-0.2008753743377102,-0.4239903694358295,-0.2440302417845647,,0.5933537219921419,-0.1323247549604731,,-0.1386359923307426,-0.197092084006462,-0.0072715433036683,-0.1361694307897275,-0.3053830227743271,,-0.4915760716679527,,-0.4879966174420972,,,-0.5715912136950048,-0.0137953363621435,-0.0029235170581535,-0.2570788642289933,,,,0.0301527241359029,-0.3504828901871945,-0.4030988984384457,-0.4314007922218221,,,,0.4816161616161616,,-0.1289851322381233,,,0.798481793381568,,-0.1574858757062147,,-0.3180763049818463,,,,-0.3276043576489514,,,,,-0.2957092546896337,-0.2910028116213683,-0.6338283828382838,-0.6357953610791248,,,,0.8901345291479821,,-0.3585994613312813,,,0.1166433474343438,,-0.0370127158853672,-0.4153951263948987,-0.3847392284379511,0.0,,-0.5127938603329695,,-0.4339084967320261,-0.2506226712977581,,-2.4808836399145258,0.4451091037291407,,1.2834890965732086,,,,,0.0330163430308425,,0.7249575172167069,-0.0894048572191086,0.0,0.0,-0.2043904384834229,0.0,-0.0994198189835228,,0.0294069596471164,-0.5127938603329695,3.2753263961497963,2.268222374742622,-0.5121107266435986,,-0.169007624802836,-0.1290709976267406,-0.4353146853146853,,,,0.0,0.0,0.0,-0.2944162436548223,0.0072311808518331,-0.0098004900245012,-0.2327352911696903,-18.59426847662142,0.0,0.0,-0.5358527131782945,,9.4478,0.0591777980058848
2005-06-30,-0.2980666490980092,-0.101836021048858,,-0.3750287952084773,-0.4419347257254598,-0.2318287296953364,,0.2849752575130084,-0.1394866618011172,,-0.1412957725234774,-0.2132471728594507,-0.0072715433036683,-0.1431524785225341,-0.2860593512767426,,0.4516432547629364,,-0.5912899134002537,0.7589743589743589,,-0.6599583231914665,0.0241377743718868,-0.0631263127742049,-0.2447043987152625,,,,0.1190816946693591,-0.5452187909860499,-0.4301174191986442,0.0132036970351698,,,,0.2658585858585858,,-0.1363158163436729,,,0.9168544656624362,,-0.1843220338983051,,-0.3534313433724183,,,,-0.6371819590494553,,,,,-0.2980666490980092,-0.2713214620431115,-0.7255775577557756,-0.7272577726599769,,,,0.9080717488789236,,0.0761831473643709,,,0.5689801011464456,,-0.2799430631998482,-0.3233887497153268,-0.3653677041059617,-0.5356756756756756,,-0.5405124473779949,,-0.6299869281045751,-1.1783144932112408,,-3.133179441767332,0.9146784086725556,,0.0623052959501557,,,,,-0.6525444369024374,,-0.2868035059475897,-0.5137443287963704,0.0,0.0,1.0234173568506877,0.0,-0.0218148062195404,,0.1217121385394543,-0.5405124473779949,1.157356517228813,0.703363074811256,-0.5397923875432526,,0.7601171362874273,-0.0514682755268349,-0.5751748251748252,,,,0.0,0.0,0.0,0.9734912577552172,0.1159881408634029,0.0738036901845092,-0.1386188232935752,-0.5610859728506787,0.0,0.0,0.5436046511627907,,13.158,-0.0297081623347013
2005-03-31,-0.4186579142809228,-0.101836021048858,,-0.3519926284266298,-0.6876405218694395,-0.2372183546672655,,-0.3793552086651799,-0.2104236438417832,,-0.1817311650737866,-0.1987075928917609,-0.0072715433036683,-0.1505030550833831,-0.1931216931216931,,-0.5019462217944493,,-0.8028250622484614,-0.1951923076923077,,-0.8278275989313904,0.0919575784115167,-0.0777438980649727,-0.4054148138904032,,,,-0.2425941537436038,-0.5450995588410635,-0.5237622563854255,-0.3757051974552874,,,,0.2868686868686869,,-0.2089244970081645,,,1.064998220851619,,-0.2125706214689265,,-0.3638473900363073,,,,-0.6365668728782484,,,,,-0.4186579142809228,-0.176663542642924,-0.7478547854785479,-0.7494653725941767,,,,0.9282511210762332,,,,,0.0140748560704409,,-0.642820269500854,-0.1225233432020041,-0.2721998966044889,-0.2986486486486486,,-0.5682310344230203,,-0.621272331154684,-0.4394449005367856,-0.0019865145888983,-2.3665369654861457,0.1292896349897354,,-0.5202492211838006,,,,,-0.2954962701260404,,-0.0911591092031124,-0.2297838270616493,0.0,0.0,0.339185566372132,0.0,-0.1811093061035043,,-0.183793497794478,-0.5682310344230203,0.3674029381801705,0.1169526424159231,-0.5674740484429066,,0.1892159473236468,-0.2406999685471649,-0.6800699300699301,,,,0.0,0.0,0.0,0.3643542019176537,-0.1964711837443054,-0.0978048902445122,-0.3842838528615816,-0.2714932126696832,0.0,0.0,-0.0998062015503876,,9.7537,0.2174149297189783
2004-12-31,-0.3975256366641911,-0.0466704982014085,,-0.425032941718498,-0.6363996331638041,-0.2439380193128228,,0.3373741106509504,-0.388864257992347,,-0.2011280666487047,-0.1954765751211631,-0.0072715433036683,-0.1547296366058712,0.0195293305728088,,-0.3033109490289322,,-0.8966330394475155,-0.3780407051282051,,-0.8601919822037111,0.1416259784334118,-0.0531646990945705,-0.3817913549514282,,,,-0.1742265179289117,-0.5451889829498032,-0.5633590122261227,-0.3357388068659224,,,,0.2968993939393939,,-0.3915702368989112,,,1.1781520578816274,,,,-0.351738527468603,,,,-0.6366243124637749,,,,,-0.3975256366641911,0.0399236176194939,-0.7103249174917492,-0.7120528047376213,,,,0.9282511210762332,,0.6013851481338977,,,-0.7013876109395929,,0.2783366862782311,-0.1883397859257572,-0.0590222672789528,0.6272543243243244,,-0.521986036761776,,-0.6299564270152506,0.0032775497316071,,0.0664536093592753,-0.7394951131596299,,-0.5815264797507789,,,,,0.5060676668771262,,-0.1685448528754136,0.6897547371230318,1.918153200419728,0.0,0.4229314350662932,0.0,-0.1523171037363657,,-0.1673697108315634,-0.521986036761776,0.1909638253427541,-0.0057147563486616,-0.5212906574394464,,0.1584414397541289,-0.2182712378120264,-0.633444055944056,,,,0.0,0.0,0.0,0.3867140439932318,-0.172055246221708,-0.0667869393469673,-0.360517389996993,0.8277707390648568,0.0,0.0,0.000968992248062,,10.9219,-0.1452219851857277
2004-09-30,-0.3701875853477396,-0.101836021048858,,-0.5325961759963143,-0.5407285982153618,-0.280148214686728,,0.6273348200063714,-0.3969742648814193,,-0.2239846352241929,0.0048465266558966,-0.0072715433036683,-0.1611613910966141,-0.0567057740970784,,-0.3046038126708221,,-0.7537153326964937,-0.475,,-0.7500758354958454,0.1421518966555367,-0.0621518070881537,-0.3412304842724747,,,,0.008351794851687,-0.4780314772862764,-0.5796392688536497,-0.4290001200336094,,,,0.0751515151515151,,-0.3998713639479573,,,1.1802870359387974,,-0.2535310734463277,,-0.358728647104339,,,,-0.5229651884884258,,,,,-0.3701875853477396,-0.0377225866916588,-0.7240924092409241,-0.725777265997697,,,,0.8946188340807175,,0.6414005386687187,,,-0.6793140303423159,,0.6302865818940976,-0.3693919380551127,-0.1354461593560398,0.8675675675675676,,-0.5751606811842767,,-0.6343442265795207,0.2905835175244711,,,-0.7489480657513504,,-0.4984423676012461,,,,,0.6473561544261621,,-0.3538815848314104,0.9199359487590072,0.0,0.0,0.7318496345696757,0.0,-0.1773961475980505,,-0.0870772749550727,-0.5751606811842767,0.7959154928527832,0.4315717227179135,-0.5743944636678201,,0.5118992280423054,-0.2155377005118234,-0.5646853146853147,,,,0.0,0.0,0.0,0.745628877608573,-0.1232916335237544,-0.0938046902345117,-0.3421870301693896,-0.2895927601809955,0.0,0.0,0.2548449612403101,,6.3861,-0.0631684439642347
2004-06-30,-0.3668527347212573,-0.101836021048858,,-0.4183367887583506,-0.4865358429175029,-0.3243880529979789,,0.1995977487522565,-0.4065234740022782,,-0.2559356656407154,0.1793214862681744,-0.0072715433036683,-0.1666743235172509,-0.2395905221992178,,-0.1462655502916295,,-0.579889440468547,0.0875,,-0.6382759142159768,0.141659258853796,-0.0607441877638575,-0.3362123889155265,,,,0.0597957143137216,-0.4713246691307977,-0.5696646895049026,-0.3629816348577602,,,,-0.0832323232323232,,-0.4096456094220235,,,1.1802870359387974,,-0.2747175141242938,,-0.3597404916374025,,,,-0.5072095196413574,,,,,-0.3668527347212573,-0.2239925023430178,-0.721947194719472,-0.7236387563744037,,,,0.625560538116592,,0.2327818391689111,,,0.3512242819416927,,-0.0400493452267982,-0.3493509451150079,-0.3187838003552253,-0.374054054054054,,-0.5924847980874175,,,0.0720802020839911,,-0.3680689510446803,0.2843706386067669,,-0.67601246105919,,,,,-0.4652946057132305,,0.0318173687505589,-0.2908993861756072,0.0,0.0,0.881296406794114,0.0,-0.2071014156416802,,-0.0762947230844633,-0.5924847980874175,0.9852062561342504,0.5682910089224433,-0.5916955017301038,,0.6393929718227543,-0.1882595144826008,-0.5856643356643356,,,,0.0,0.0,0.0,1.075014100394811,-0.0724564321353677,-0.1258062903145157,-0.278340182419565,-0.4585218702865761,0.0,0.0,0.312984496124031,,5.1919,-0.1042200350546043
2004-03-31,-0.4627584389449222,-0.101836021048858,,-0.3243492282884128,-0.6446380110283656,-0.3636125458492402,,-0.8572143994902836,-0.4788246287744954,,-0.2897384417610404,0.098546042003231,-0.0072715433036683,-0.2080213166720264,-0.219346675868415,,-0.7522228300712375,,-0.6440327606996884,-0.2153846153846154,,-0.6911267860937329,0.1468045870053095,-0.0460183240635284,-0.4653429579176218,,,,-0.3465798811927774,-0.4710563968045785,-0.5659363273211475,-0.4786940343296123,,,,-0.0234343434343434,,-0.4836506108685246,,,1.202229865970822,,-0.4336158192090395,,-0.3650377953693232,,,,-0.5091494067967022,,,,,-0.4627584389449222,-0.2033739456419868,-0.6995049504950495,-0.7012666556999506,,,,0.3340807174887892,,,,,-0.1454401793945563,,-0.3520630100588346,-0.2357094056023684,-0.2984898224836174,-0.0389189189189189,,-0.6583164423193528,,,0.0051398800126302,-0.0807561365486943,-0.0172325635939679,-0.2777148015416583,,-0.6012461059190031,,,,,0.0070749306494662,,-0.4153698238082461,0.0336269015212169,0.0,0.0,0.0681301461611409,0.0,-0.3203527500580181,,-0.3703643195556281,-0.6583164423193528,0.0350262435993266,-0.1422100205902539,-0.657439446366782,,-0.0319236436583709,-0.3335716123866983,-0.5681818181818182,,,,0.0,0.0,0.0,0.1116751269035533,-0.3422517897172608,-0.2478123906195309,-0.4718853362734289,0.0542986425339366,0.0,0.0,-0.3498062015503876,,4.1258,-0.1023559067332395
2003-12-31,-0.4547491051963298,-0.0717224957494393,,-0.6254918221607925,-0.6037027779552064,-0.3863079571824238,,-0.5919528512265052,-0.5565722431774311,,-0.3029271133531823,-0.0306946688206785,-0.0072715433036683,-0.2096751963982175,-0.1046374511157119,,-0.613756716123254,,-0.646552077297712,-0.1357493589743589,,-0.6652421681578946,0.1443830532596201,-0.0434196422340586,-0.4547548818054634,,,,-0.3161449212853138,-0.4647967091927983,-0.5735343905096235,-0.4734953787060377,,,,0.0230779797979798,,-0.5632304230371984,,,1.2081603605740718,,,,-0.3641514790786263,,,,-0.5030144426964431,,,,,-0.4547491051963298,-0.0865414714151827,-0.6955790429042904,-0.6973530185885837,,,,0.3340807174887892,,-0.1766063870719507,,,-0.5141807006058902,,0.4561670146137787,-0.3646094283762241,-0.1834965336213848,0.5769262162162162,,-0.5888432687143773,,,0.27474834227976,,0.1094661504607326,-0.566042002491779,,0.0970467289719626,,,,,0.626290076755333,,-0.6251453358375816,0.5819255404323459,1.4564533053515216,0.0,-0.1089562205204337,0.0,-0.352955210025528,,-0.4615652671132167,-0.5888432687143773,-0.3553360246405898,-0.418809608785175,-0.5880588235294117,,-0.2477807062476447,-0.3380724558945472,-0.5672552447552448,,,,0.0,0.0,0.0,-0.0610490693739424,-0.3756121194591076,-0.2829351467573379,-0.4621728976646286,0.9060150829562594,0.0,0.0,-0.5096899224806202,,3.7381,-0.0259222599716434
2003-09-30,-0.4207086557581275,-0.101836021048858,,-0.6763418567150427,-0.5081569938143625,-0.4093120742570552,,-0.5870646702771584,-0.5569235176558056,,-0.3105789979547468,0.6639741518578353,-0.0072715433036683,-0.2096751963982175,-0.2347596043248217,,-0.1793881193523794,,-0.5201309175188311,0.5509615384615385,,-0.5832229226766477,0.1444508730636597,-0.0610690229925412,-0.403812176106247,,,,-0.1181406473621267,-0.4853642542029331,-0.5718436024694347,-0.3168887288440763,,,,-0.2901010101010101,,-0.5635899756385658,,,1.208278970466137,,-0.4583333333333333,,-0.3738467948336408,,,,-0.5226813025632533,,,,,-0.4207086557581275,-0.2190721649484536,-0.7224422442244225,-0.7241322585951637,,,,0.3206278026905829,,-0.0677183532127741,,,0.0098685772447919,,0.4617536534446764,-0.4951036210430425,-0.3139409192722279,0.1059459459459459,,-0.6548516189387246,,,-0.210205873065993,,-0.3316859182720138,0.0294520790131057,,-0.8598130841121495,,,,,0.1544693191800132,,-0.6948618191574993,0.1988257272484654,0.0,0.0,-0.038094275272896,0.0,-0.37994894407055,,-0.4598921744812939,-0.6548516189387246,-0.1982336339876782,-0.3135209334248455,-0.6539792387543253,,-0.1599815190484679,-0.2650616189632002,-0.5541958041958042,,,,0.0,0.0,0.0,-0.0124083474337281,-0.2720370236459614,-0.312015600780039,-0.319635160870001,0.5731523378582202,0.0,0.0,-0.437015503875969,,3.4682,0.0520050849416387
2003-06-30,-0.4374787379315301,-0.101836021048858,,-0.4174153420870767,-0.5382507583713594,-0.4138782843027173,,-0.7765092917064883,-0.5565824744729178,,-0.3207467652738088,0.5945072697899838,-0.0072715433036683,-0.2124316626085358,-0.3665746491833448,,-0.2897450901015137,,-0.5039698075387193,0.4490384615384615,,-0.601009273789354,0.1538109912967321,-0.0590117332108776,-0.4269059238484325,,,,-0.1301390005293391,-0.4852748300941934,-0.5928580075051446,-0.3046453006841916,,,,-0.2836363636363636,,-0.5632408954430634,,,1.2285612620092516,,-0.4689265536723164,,-0.3736087137670377,,,,-0.524573875397736,,,,,-0.4374787379315301,-0.3533270852858481,-0.7193069306930693,-0.7210067445303504,,,,0.1726457399103139,,-0.0565602154674875,,,0.0829931168291517,,-0.3809109888024293,-0.372808016397176,-0.4460823888225843,-0.2727027027027027,,-0.6687109124612373,,,-0.1388449636880328,,-0.5785707835151077,0.1362782639080995,,-0.7133956386292835,,,,,-0.3174285551393858,,-0.583065021017798,-0.1876167600747264,0.0,0.0,0.0300358708882449,0.0,-0.3320491993501973,,-0.3373631759516419,-0.6687109124612373,0.2250622461063113,-0.0038435140700068,-0.6678200692041523,,0.1175712328983502,-0.2586566780087496,-0.5087412587412588,,,,0.0,0.0,0.0,0.1680767061477721,-0.2283606913008894,-0.2604130206510325,-0.3342688182820487,0.114630467571644,0.0,0.0,-0.1337209302325581,,2.769,0.2550018057060309
2003-03-31,-0.4981193550705541,-0.101836021048858,,-0.1796821008984105,-0.6381236901481657,-0.4387678718466951,,-0.9774225337156208,-0.5569235176558056,,-0.3414526490526932,0.3069466882067851,-0.0072715433036683,-0.2181283594431938,-0.2430411778237865,,-0.6483665504461757,,-0.5756925630706109,0.2554487179487179,,-0.6353397546672126,0.1683711752148448,-0.0559799377431628,-0.5099540883683965,,,,-0.3958280236046033,-0.4853940622391797,-0.6203607311463504,-0.6023286520225664,,,,-0.5381818181818182,,-0.5635899756385658,,,1.260111493298541,,-0.490819209039548,,-0.37378727456699,,,,-0.5331850817946322,,,,,-0.4981193550705541,-0.2275070290534208,-0.7146864686468647,-0.7164007238032571,,,,0.0829596412556053,,,,,0.056137644326931,,0.1725147086733725,-0.4165338191755864,-0.3222430011287949,-0.0197297297297297,,-0.6583164423193528,,,-0.1558958004420587,-0.0781650305631747,0.0295456213994603,0.0307832464261274,,-0.5794392523364486,,,,,0.0334880050741402,,,0.0507072324526287,0.0,0.0,-0.1941342874484124,0.0,-0.4443722441401717,,-0.5071066819147199,-0.6583164423193528,0.0245928944420803,-0.1498970487302676,-0.657439446366782,,-0.1272618856888836,-0.4027106625110799,-0.4493006993006993,,,,0.0,0.0,0.0,0.0124083474337281,-0.441897461855521,-0.3814190709535476,-0.5261100531221811,-0.8808446455505279,0.0,0.0,-0.6540697674418605,,2.2083,0.5736539419462935
2002-12-31,-0.5009176397307203,-0.0786544930435107,,0.0228693849343469,-0.6320813178279308,-0.4498912718017815,,-0.7904067112668578,-0.5569985471560409,,-0.3440638461717809,0.2326332794830371,-0.0072715433036683,-0.2181283594431938,-0.2870554405337014,,-0.6133180742507393,,-0.584524609674742,0.1580727564102564,,-0.6541044680203313,0.170144452350977,-0.0546805968284279,-0.514095908675919,,,,-0.3682859215401807,-0.4862584952903303,-0.6463791792761167,-0.5807288440763414,,,,-0.7416678787878788,,-0.5636667732815763,,,1.263907009844621,,,,-0.3730942801023748,,,,-0.5367455790681445,,,,,-0.5009176397307203,-0.2723359887535145,-0.7126323432343235,-0.7143530185885837,,,,0.0829596412556053,,,,,-0.5345115875297098,,0.0295426077054469,-0.4172170348439991,-0.3663662600625988,0.4362816216216216,,-0.618516016146077,,,0.1649870539943164,-0.1225593131150772,-0.3205449138794123,-0.5318872418003208,,-0.5193021806853583,,,,,0.5532859898626856,,0.0017216706913513,0.4958468107819589,1.6159496327387195,0.0,-0.6246904382270192,0.0,-0.4064831747505221,,-0.5756742362359092,-0.618516016146077,-0.4964664482122083,-0.5274932052161977,-0.6176920415224914,,-0.4792766253195805,-0.3856488147999886,-0.3117342657342657,,,,0.0,0.0,0.0,-1.228918217710096,-0.4654298937016414,-0.3406010300515025,-0.5166611205773278,-0.4259306184012066,0.0,0.0,-0.6908914728682171,,2.6029,-0.1143724307503169
2002-09-30,-0.4566253803215064,-0.101836021048858,,-0.2183828610919143,-0.5750187044436531,-0.4168350924470394,,-0.8253571201019433,-0.5903457495788117,,-0.3454254852899425,-0.4862681744749596,-0.0072715433036683,-0.0374879404603298,-0.2878997009431792,,-0.6115293007430986,,-0.4881218973644236,0.1365384615384615,,-0.5674128327986865,0.4282102468662762,-0.0374643297081902,-0.4833923375522992,,,,-0.2493383261121022,-0.4384762131870752,-0.6503813097687932,-0.5420717800984276,,,,-0.0581818181818181,,-0.5977998347977975,,,1.2837148618194758,,0.2217514124293785,,-0.3051008868519731,,,,-0.4697365775186004,,,,,-0.4566253803215064,-0.2731958762886597,-0.6864686468646864,-0.6882710972199375,,,,0.2690582959641255,,,,,-0.5563612646694985,,0.2917024103245397,-0.4966977909360054,-0.3672126111851989,0.5618918918918919,,-0.5197235070942259,,,0.4623549100094727,,,-0.6098410710905797,,-0.5950155763239875,,,,,0.624952207369519,,-2.06437259636884,0.6263677608753669,0.0,0.0,-0.5281917783030392,0.0,-0.3725226270596426,,-0.5428851494853782,-0.5197235070942259,-0.6140771218264919,-0.5984900480439259,-0.5190311418685121,,-0.4691256411355743,-0.3292825894261287,-0.0961538461538461,,,,0.0,0.0,0.0,-1.4495205865764242,-0.3928700556800925,-0.304015200760038,-0.4362032675152851,0.6334841628959276,0.0,0.0,-0.4680232558139535,,2.5267,-0.1232833339929552
2002-06-30,-0.4020411585731056,-0.101836021048858,,0.3390923750287952,-0.4563621480429576,-0.4213638745415076,,-0.6660707231602421,-0.5903457495788117,,-0.3545158732904284,-0.5008077544426495,-0.0072715433036683,-0.0442872237791151,-0.3681849551414768,,-0.222416503459335,,-0.3714862896785004,0.5663461538461538,,-0.4819818828509889,0.4360377141605999,-0.0365981024317002,-0.4078056341913575,,,,-0.0882623953574999,-0.4333492309526648,-0.6229270064156882,-0.3504981394790541,,,,0.0234343434343434,,-0.5977998347977975,,,1.2894081366385957,,0.1956214689265536,,-0.3068269745848461,,,,-0.44820856152636,,,,,-0.4020411585731056,-0.3549671977507029,-0.6851485148514852,-0.6869550912979109,,,,0.3497757847533632,,,,,0.3635195585089744,,0.1163370658568988,-0.5235709405602369,-0.4476966825169168,-0.2994594594594594,,-0.582090327945533,,,0.7225380486264604,,,0.3362861677146143,,0.0062305295950155,,,,,-0.2572916446189227,,1.3733789464269743,-0.2756872164398185,0.0,0.0,-0.2329611449380949,0.0,-0.4295196101183569,,-0.4608724064695311,-0.582090327945533,0.3040576040111756,0.0680851063829787,-0.5813148788927336,,-0.2152664167939723,-0.2879935950590455,-0.1555944055944056,,,,0.0,0.0,0.0,-0.4433164128595601,-0.2821606768385277,-0.3654182709135457,-0.3330660519194146,-1.918552036199095,0.0,0.0,-0.5096899224806202,,2.6998,-0.1124954857349223
2002-03-31,-0.442845164227019,-0.0962018233525132,,-0.018428933425478,-0.5233437541485708,-0.4383187364323677,,-0.5658264840182649,-0.5903457495788117,,-0.3621585328315775,-0.258481421647819,0.0072715433036683,-0.0310561859695869,-0.395330112721417,,0.0419449355862768,,-0.4457146436569209,1.278205128205128,,-0.5555552653902155,0.3994730417647381,-0.0561964945622853,-0.4608765903224323,,,,-0.3002333013115847,-0.5383927506855848,-0.565355283863939,-0.5303084863761853,,,,-0.1591919191919192,,-0.5977998347977975,,,1.2894081366385957,,0.1991525423728813,,-0.3133146836497827,,,,-0.6083202233235945,,,,,-0.442845164227019,-0.3826148078725398,-0.7150165016501651,-0.7167297252837638,,,,0.3789237668161435,,,,,0.3570483603156683,,-0.0074055798064148,-0.5133227055340469,-0.4749090619356638,-0.3381081081081081,,-0.4885400966685723,,,0.3903624881591411,,-0.2199276367466032,0.3296303306495057,,-0.7663551401869159,,,,,-0.2016355235097882,,,-0.247664798505471,0.0,0.0,-0.3516394640575018,0.0,-0.510837781387793,,-0.6280019604639765,-0.4885400966685723,-0.4344744684767533,-0.4612216884008236,-0.4878892733564013,,-0.3427601605744214,-0.4057415720698825,-0.215034965034965,,,,0.0,0.0,0.0,-0.571912013536379,-0.473353098560995,-0.4530226511325566,-0.495539741405232,0.530920060331825,0.0,0.0,-0.6114341085271318,,2.7344,0.0632679929783499
2001-12-31,-0.4518651685393258,-0.0961163012770329,,-0.1634775397373877,-0.5374725967648664,-0.4427015869451306,,-0.4531226505256451,-0.5902502574876031,,-0.3662677585569379,-0.221324717285945,,-0.0248081958928653,-0.3850848861283644,,-0.4145639317046677,,-0.5208797156145764,0.0771496794871794,,-0.620795488342409,0.401402266133888,-0.0570627218387752,-0.4739419240848873,,,,-0.3660320348187503,-0.46113032073447,-0.5433419198644232,-0.4024669307406073,,,,-0.1552783838383838,,-0.5977020923430568,,,1.2894081366385957,,0.2229272598870056,,-0.3117275162192726,,,,-0.4854966465975089,,,,,-0.4518651685393258,-0.3721799437675726,-0.7163392739273927,-0.7180483632176344,,,,0.3789237668161435,,,1.0168927554476594,,-0.9282995284680546,,-0.3281222243309926,-0.4069687998178091,-0.4646384642255509,0.6298351351351351,,-0.6305770663340436,,,0.036500157878118,,-0.2199276367466032,-0.9497956034036288,,-0.6041682242990655,,,,,0.5562451975223357,,1.6490698506394776,0.694242860955431,0.6169989506820567,0.0,-0.0306028895240376,0.0,-0.378138593641216,,-0.4119686325763764,-0.6305770663340436,0.1267219683854615,-0.0702550446122168,-0.6297370242214533,,0.0,-0.3372879650015726,-0.1314335664335664,,,,0.0,0.0,0.0,0.2849904117315285,-0.3428589919733892,-0.3100653032651632,-0.4472022652099829,-0.3466244343891402,0.0,0.0,-0.5552325581395349,,2.6998,-0.0615601155641159
2001-09-30,-0.4012745262451786,-0.0957813608378607,,-0.3768716885510251,-0.4269877563438969,-0.447376300621304,,-0.3258349792927684,-0.5903457495788117,,-0.372359968254345,-0.1841680129240711,,-0.0005512932420636,-0.2775477340694732,,-0.2247381788607894,,-0.3874594797751225,0.257051282051282,,-0.4741333025187153,0.3949298264820187,-0.057387557067459,-0.4079632706947172,,,,-0.1793087223322289,-0.4004411589364492,-0.5484566033167897,-0.3147281238746849,,,,-0.2133333333333333,,-0.5977998347977975,,,1.3045902028229155,,0.3128531073446328,,-0.3040890423189096,,,,-0.4127228208798097,,,,,-0.4012745262451786,-0.2626522961574508,-0.7168316831683168,-0.7185392334265505,,,,0.3609865470852018,,-0.464794151596768,1.129330733949413,,-0.3832567129985583,,0.475418485481116,-0.5415622864951036,-0.3568350088644902,0.3183783783783784,,-0.1697763456507804,,,0.5551872434480581,,,-0.4317974295989234,,-0.6978193146417445,,,,,0.3009203836239646,,-0.7395805384133799,0.3947157726180945,0.0,0.0,-0.1457838611405059,0.0,-0.3454165699698306,,-0.4108805750694331,-0.1697763456507804,-0.0394976789524321,-0.1196980096087851,-0.1695501730103806,,-0.0956705155485954,-0.3015469076144454,0.0122377622377622,,,,0.0,0.0,0.0,-0.5764241398759166,-0.3099284113095668,-0.2748137406870343,-0.402225117770873,-0.0241327300150829,0.0,0.0,-0.3372093023255814,,2.0975,-0.0758998808104887
2001-06-30,-0.3609688316044177,-0.0956972683349301,,-0.4100437687168855,-0.3474171252244006,-0.4431843700875814,,-0.0764986726133588,-0.5903457495788117,,-0.3859955502550737,-0.2810985460420032,0.0085739092685044,-0.0060642256627004,-0.4135035656774787,,0.0930217944182744,,-0.2913697793507368,0.5599358974358974,,-0.4208871783940102,0.4335197876183699,0.0011910625051736,-0.3661370518032959,,,274000.0,-0.08292979394985,-0.4005007750089424,-0.5137876770366784,-0.1896531028688032,,,,0.0743434343434343,,-0.5977998347977975,,,1.32368639544538,,0.2909604519774011,,-0.2736741860603535,,,,-0.4156563087732579,,,,,-0.3609688316044177,-0.3369259606373008,-0.6275577557755776,-0.6295443329494983,,,,0.3856502242152466,,-0.0019238168526356,,,0.3078672540465413,,0.0259973429493262,-0.5413345479389661,-0.49312751934313,-0.3210810810810811,,-0.32222857439842,,,-0.0674840543100726,,,0.27904596895468,,-0.5919003115264797,,,,,-0.2638949132250912,,-0.666912619622574,-0.2457966373098478,0.0,0.0,-0.1018289281333182,0.0,-0.228452077048039,,-0.3135108642378696,-0.32222857439842,-0.1311621036910953,-0.2113932738503774,-0.3217993079584775,,-0.1148509902766275,-0.2065021588082234,-0.0052447552447552,,,,0.0,0.0,0.0,-0.5764241398759166,-0.1922047870417239,-0.1488074403720186,-0.298787210584344,0.5128205128205128,0.0,0.0,-0.2790697674418604,,2.3536,-0.0882053025152958
2001-03-31,-0.4213986248532618,-0.095192713317347,,-0.0893803271135683,-0.4416949347728144,-0.472902163335579,,-0.3559932037803971,-0.5903457495788117,,-0.4016512184781327,-0.2649434571890145,0.0098762752333405,-0.0069830477328065,-0.4132735219691741,,-0.2614206502037696,,-0.3558889393488576,0.2554487179487179,,-0.4789892586955177,0.415237451420439,0.0199232273592687,-0.45338885641285,,,,-0.3280726174838748,-0.4028556098724216,-0.5268611548238712,-0.3533789461049094,,,,-0.1923232323232323,,-0.5977998347977975,,,1.32368639544538,,0.2831920903954802,,-0.2636747812630201,,,,-0.4189209969127405,,,,,-0.4213986248532618,-0.4008903467666354,-0.599009900990099,-0.601085704885672,,,,0.2914798206278027,,,,,0.1700307325291198,,0.0472537483393433,-0.54748348895468,-0.4928969059582254,-0.1564864864864865,,-0.5266531538554822,,,0.6581237764445848,,,0.1372766394678658,,-0.8847352024922118,,,,,-0.066032686061685,,,-0.0581798772351214,0.0,0.0,-0.2747183312949233,0.0,-0.4237642144349037,,-0.5146217938245384,-0.5266531538554822,-0.2198455715276882,-0.3091283459162663,-0.5259515570934256,,-0.2158305484036203,-0.3502130214737083,-0.0157342657342657,,,,0.0,0.0,0.0,-0.5786802030456852,-0.386868175573071,-0.3592179608980449,-0.4452240152350405,0.1508295625942684,0.0,0.0,-0.5067829457364341,,2.0906,-0.0484156570363466
2000-12-31,-0.4337564504923217,-0.0948482704253436,,-0.7302123934577286,-0.468567707358402,-0.4718684033236021,,-0.3182652649463736,-0.5902502574876031,,-0.4093765332138789,-0.369951534733441,,-0.0075343409748702,-0.4195974235104669,,-0.3701378990060366,,-0.3988362748015096,-0.0035083333333333,,-0.519254847313563,0.4298000985275603,0.0363815456125777,-0.4742320540693207,,,,-0.4025467876958065,-0.4000536544652438,-0.4842856796997942,-0.3493652622734365,,,,0.0161389898989899,,-0.5977020923430568,,,1.32368639544538,,0.2781461864406779,,-0.2548328075709779,,,,-0.4175015199725577,,,,,-0.4337564504923217,-0.4073313027179006,-0.573992904290429,-0.5761468991610462,,,,0.2914798206278027,,,,,-0.379830860675022,,0.0074055798064148,-0.5417900250512412,-0.4992364679092538,0.3245105405405405,,-0.4818321986036761,,,0.1650773602778655,-0.0173604101029813,,-0.4282738294566549,,-0.7077165109034268,,,,,0.3189284404370727,,0.958433950451659,0.4016188951160929,0.1930745015739769,0.0,-0.3510270253242684,0.0,-0.474228452077048,,-0.5216168926645973,-0.4818321986036761,0.8005411927255709,0.4497696636925188,-0.4811903114186851,,0.3748129903714017,-0.4409916792954565,0.022548951048951,,,,0.0,0.0,0.0,-0.6052769317540891,-0.4259458384554198,-0.5771914595729787,-0.4950975243059036,-1.7931282051282051,0.0,0.0,-0.5959302325581395,,1.6441,-0.0952066479555335
2000-09-30,-0.393742363623296,-0.0946881582997639,,-0.497581202487906,-0.3787098445446244,-0.4778800808443745,,0.1014773282361686,-0.5913688791274752,,-0.4140074125380523,-0.5541195476575121,,-0.0097395139431249,-0.4137336093857833,,-0.0260027644962896,,-0.3324615938738118,0.2996794871794871,,-0.457984425000512,0.443153593519076,0.0552219888762341,-0.4236481027790001,,,,-0.2796871017703452,-0.3958805293907237,-0.4803776782471856,-0.2799183771456007,,,,0.0,,-0.5988470753843046,,,1.32368639544538,,0.268361581920904,,-0.2451639783346229,,,,-0.4163187092653269,,,,,-0.393742363623296,-0.4013589503280225,-0.5452145214521452,-0.547458463563086,,,,0.7959641255605381,,-0.1846864178530204,,,-0.4602639714989018,,0.0556044790282786,-0.5504440901844683,-0.4933581327280347,0.36,,-0.4989345668104568,,,-0.4034486896116198,,,-0.5110018906737163,,-0.4330218068535825,,,,,0.3334650646115094,,0.4566452016814238,0.4131305044035228,0.0,0.0,-0.212448842868074,0.0,-0.4163378974239963,,-0.4636497304362032,-0.4989345668104568,-0.2049407870173365,-0.2937542896362388,-0.4982698961937716,,-0.2705513145394768,-0.2983444371372201,0.229020979020979,,,,0.0,0.0,0.0,-0.5493513818386915,-0.3282956106732229,-0.2774138706935347,-0.3953092111857271,-0.555052790346908,0.0,0.0,-0.437015503875969,,2.5094,-0.0545469826861657
2000-06-30,-0.3823003761289859,-0.0941836032821808,,-0.3906933886201336,-0.3450192156979467,-0.4870873568380867,,-1.651947329298078,-0.5913688791274752,,-0.4237374945089427,-0.5266558966074314,,-0.0282997197592686,-0.4224752703013572,,0.0924026809778865,-0.0038372832516749,-0.2527835632741907,0.6756410256410257,,-0.3883071003240687,0.4809224916525261,0.0792597957988301,-0.4111422735124697,,,,-0.1855823710471111,-0.3940622391796828,-0.5192107493039584,-0.0600168047053174,,,,0.0347474747474747,,-0.5988470753843046,,,1.32368639544538,,0.1927966101694915,,-0.2379620260698768,,,,-0.4126281922380856,,,,,-0.3823003761289859,-0.4102624179943767,-0.5085808580858086,-0.5109392992268466,,,,0.3295964125560538,,-0.3412851096575606,0.7058493756671079,,0.3861687521855461,,0.0335889163029037,,-0.5021214413544108,-0.3948648648648649,,-0.280650693830882,,,-0.1874714240606252,,,0.3595815974424946,,-0.4579439252336448,,,,,-0.3393608401527312,,-0.1861863876218585,-0.3301307712836936,0.0,0.0,-0.1413883678397872,0.0,-0.363425388721281,,-0.4198660349616075,-0.280650693830882,0.0014904784510351,-0.1070693205216197,-0.2802768166089965,,-0.0719769879433792,-0.2360678237497498,0.0926573426573426,,,,0.0,0.0,0.0,-0.5831923293852228,-0.2240942945983079,-0.2942147107355368,-0.2777387992382479,-0.1025641025641025,0.0,0.0,-0.3284883720930232,,2.3363,-0.1111158669691391
2000-03-31,-0.4243118276993843,-0.0935108632587367,,-1.1278507256392536,-0.4187149684776309,-0.5001122838535819,,-0.2952519910799617,-0.5913688791274752,,-0.4381137747911925,-0.5654281098546042,,-0.0753434097487021,,,-0.197497187483724,,-0.3404795089027044,0.207051282051282,,-0.4678657311742378,0.4994785155180907,0.1073039038751922,-0.4687846882409737,,,,-0.32046581841708,-0.3924824132586145,-0.5414840818302868,-0.2523106469811547,,,,0.0977777777777777,,-0.5988470753843046,,,1.32368639544538,,0.0056497175141242,,-0.2378429855365752,,,,-0.4112560769330857,,,,,-0.4243118276993843,-0.2261012183692596,-0.4658415841584158,-0.4683336075012337,,,,0.5538116591928252,,,,,0.1946212856636832,,-0.0400493452267982,-0.5324527442496014,,-0.2359459459459459,,-0.301439634114651,,,-0.2398869592674455,,,0.1625688203152787,,-0.7165109034267912,,,,,-0.1426777680975694,,-0.3706511045523656,-0.151054176674673,0.0,0.0,-0.3003587088824495,0.0,-0.4215363193316315,,-0.5173991177912106,-0.301439634114651,-0.2392217913911455,-0.2877144818119423,-0.301038062283737,,-0.2321903650834125,-0.3433505847367969,-0.0052447552447552,,,,0.0,0.0,0.0,-0.1816130851663846,-0.3802878009979029,-0.3568178408920446,-0.434399117971334,0.1327300150829562,0.0,0.0,-0.5290697674418605,,1.7739,-0.0244094932070579
1999-12-31,-0.4404791452049543,,,-0.6606671273900023,-0.4436348835448744,-0.5083467699678119,,-0.3119562493363066,-0.5913160174341275,,-0.4450857657065281,,0.0151964401996961,,-0.4041941568898091,,-0.2691940837829193,,-0.3891509466464131,0.0393689102564102,,-0.506743589153245,0.5035566807159669,,-0.4966532982154234,,,,-0.3453919658086145,,-0.5677941653552838,-0.2284786940343296,,,,0.0877268686868686,,-0.5987929679540017,,,,,0.0081426553672316,,-0.2249156597821558,,,,-0.4188414142250505,,,,,-0.4404791452049543,-0.391642924086223,-0.4313280528052805,-0.433927948675769,,,,0.5538116591928252,,,,,-1.0961504378857592,,-2.4574203833744543,0.2128786153495787,-0.4837950568828092,0.8698494594594595,,0.6226634097326889,,,0.0704344805809914,,,-1.1650317296232588,,-0.7485763239875389,,,,,0.6856683188791518,,1.5906727931312048,0.9436178275954096,,,-0.3662837825710632,,-0.5542147133905778,,-0.5873860480313674,0.6226634097326889,0.0055609751008122,0.0390786547700755,0.6218339100346021,,-0.0707082559532808,-0.3686255682955422,,,,,,,,0.551257755217146,-0.3915483404439945,-0.4997527876393819,-0.4070694597574421,-0.1219487179487179,,,,,0.7788,-0.1111967128916281
1999-09-30,-0.3900241968328502,-0.0756832526374667,,-0.9444828380557476,-0.3297125598874157,-0.5165057264765327,,-0.1223731549325687,-0.7039131294804548,,-0.4514126757548662,,,,,,0.931920506143811,,-0.2229669417604961,2.33974358974359,,-0.3619381289918977,0.5764394876566862,,-0.4492640345749397,,,,-0.1573509518301409,,-0.5773635153129161,-0.195654783339335,,,,0.08,,-0.7140435399000845,,,,,0.0134180790960451,,-0.175584786619844,,,,-0.6511396837037651,,,,,-0.3900241968328502,,-0.33003300330033,-0.3329494982727422,,,,-0.147982062780269,,,,,-0.0050151785998122,,0.1026722338204592,-0.3930767478934183,0.2708369714997025,-0.0748648648648648,,-0.3464823380628172,,,0.9871417745500474,,,-0.042763753143323,,-0.6230529595015576,,,,,0.047166204329775,,-0.8681468562740363,0.0,,,-0.3787450060786009,,-0.5002552796472499,,-0.6185263845776834,-0.3464823380628172,-0.3711291343077584,-0.3920384351407001,-0.3460207612456747,,-0.3421960289647733,-0.2602007262745546,-0.0262237762237762,,,,,,,-0.8313592780597857,-0.2892472340733242,-0.4416220811040552,-0.2461661822191039,-0.579185520361991,,,,,0.9518,0.0
1999-06-30,-0.3363599338779617,-0.0756832526374667,,-0.7601935038009675,-0.2098170835647191,-0.523991316715323,,0.0900087076563661,-0.7039131294804548,,-0.4547794861254165,,,,,,1.380777750425002,,-0.1791189689462392,2.532051282051282,,-0.3224129042969947,0.7023358147681865,,-0.3914639833430761,,,,-0.1259827082557296,,-0.4998910543517734,0.2364662105389509,,,,0.08,,-0.7140435399000845,,,,,-0.1278248587570621,,-0.1398726266293673,,,,-0.6464082516175583,,,,,-0.3363599338779617,,-0.198019801980198,-0.2013489060700773,,,,-0.147982062780269,,,,,0.0273408123667185,,0.1785879673562345,-0.4386244591209292,-0.3427675923853074,-0.4802702702702702,,-0.6929646761256345,,,-0.7810931480896748,,,-0.0094845678177798,,-0.6230529595015576,,,,,-0.3065803281435376,,,-0.400320256204964,,,-0.3054867843999547,,-0.4816894871199814,,-0.5858519849697762,-0.6929646761256345,-0.3711291343077584,-0.4469457789979409,-0.6920415224913494,,-0.2857828679999729,-0.2373259371515169,,,,,,,,-0.1545403271291596,-0.2530913298141586,-0.4216210810540527,-0.2160970231532525,0.6274509803921569,,,,,1.471,-0.1176070700203943
1999-03-31,-0.3497759996166838,-0.0756832526374667,,-0.0230361667818475,-0.2337961788292584,-0.5277341118347182,,0.472296060316449,-0.7039131294804548,,-0.4581462964959668,,,,-0.3095238095238095,,0.2818513937365686,,-0.2354949339931409,0.3205128205128205,,-0.3449987469797964,0.6913883080628387,,-0.4177367339030141,,,,-0.2279294998725665,,-0.5483113424524876,-0.027607730164446,,,,0.08,,-0.7140435399000845,,,,,-0.0572033898305084,,-0.1220165466341289,,,,-0.3388651660141233,,,,,-0.3497759996166838,-0.2952202436738519,-0.165016501650165,-0.1684487580194111,,,,-0.1438430493273542,,,,,-1.8169506727255416,,-4.148608844182957,0.8139375996356183,-0.3888902693662346,-0.2640540540540541,,-0.3464823380628172,,,1.176595516261446,,,-1.906398131373744,,-0.3115264797507788,,,,,-0.047166204329775,,-12.047826670244165,-0.2135041366426474,,,-0.8915525578291245,,-0.5188210721745184,,-0.7328867832053586,-0.3464823380628172,-0.9673205147218282,-0.8312971859986273,-0.3460207612456747,,-0.6806749947535761,-0.3231063963629085,0.6730769230769231,,,,,,,-5.5690919345741685,-0.4121773085544869,-0.4616230811540577,-0.3463967124386088,1.2307692307692308,,,,,1.7306,-0.1500057783427712
1998-12-31,-0.2846122517428907,-0.0672740023444148,,-1.0366275051831375,-0.0299738690806741,-0.591361628864436,,-0.1223731549325687,-0.7039131294804548,,-0.5187488831658724,,,,,,1.1486102102795583,,0.1466088291025259,2.3076923076923075,,-0.0287969494205722,0.8337058952323608,,-0.3415457572791939,,,,-0.2671398043405807,,-0.3255780171892022,0.1644460448925699,,,,0.1608080808080808,,-0.7140435399000845,,,,,-0.0572033898305084,,-0.0922564133087316,,,,-0.3625223264451568,,,,,-0.2846122517428907,-0.3186504217432052,-0.099009900990099,-0.1026484619180786,,,,-0.147982062780269,,,,,-0.7492029708300225,,-1.6433896375023724,-0.48417217034844,-0.9423623931373608,0.5737837837837838,,0.3464823380628172,,,-0.4653369119040101,,,-0.8081850156308173,,-0.6230529595015576,,,,,0.9904902909252752,,,0.6405124099279423,,,-2.283458769723403,,-0.7973079600835461,,-1.206665577520013,0.3464823380628172,-1.5635118951358982,-1.1607412491420728,0.3460207612456747,,-1.4704592482607823,-0.7119778114545506,0.6730769230769231,,,,,,,,-1.0051341384048016,-0.7616380819040952,-0.8776185226019846,-2.3891402714932126,,,,,1.5576,-0.1666666666666666
1998-09-30,-0.1945329532114707,-0.0672740023444148,,-0.2994701681640175,0.0899216072420224,-0.5277341118347182,,0.344866942763088,-0.7039131294804548,,-0.4581462964959668,,,,-0.3555325511847251,,2.092758206871029,,0.2781527475452965,4.07051282051282,,0.1067181066762381,0.7953896217636434,,-0.2364547550394419,,,,0.0700688140843413,,-0.3739983052899164,0.0444124354819349,,,,0.1608080808080808,,-0.7140435399000845,,,,,-0.0572033898305084,,-0.0505922266531754,,,,-0.5091967211175643,,,,,-0.1945329532114707,-0.3420805998125585,0.0165016501650165,0.0125020562592531,,,,0.594170403587444,,,,,0.0920527942997803,,0.1785879673562345,-0.5297198815759508,-0.4350129463471618,-0.0478378378378378,,0.0,,,0.4187805494158509,,,0.0570738028333066,,-0.3115264797507788,,,,,0.0707493064946625,,-1.4271308469725428,0.0,,,-0.3787450060786009,,-0.3702947319563703,,-0.471491586342101,0.0,-0.2966052117559997,-0.2822237474262182,0.0,,-0.2293697070351724,-0.0371715323249363,0.6730769230769231,,,,,,,0.0710659898477157,0.0072311808518331,-0.3016150807540377,0.0745715144833116,0.6274509803921569,,,,,1.9902,-0.0652195759220178
1998-06-30,-0.2098655997700103,-0.0672740023444148,,-1.2209168394379175,0.0619459961000599,-0.5314769069541133,,-1.4391407029839651,-0.7039131294804548,,-0.4615131068665171,,,,-0.4015412928456406,,2.015369026822548,0.0001674207352388,0.2593607591963293,3.9743589743589753,,0.078485803322736,0.8446534019377087,,-0.2679820557113676,,,,-0.055404160213304,,-0.3497881612395593,0.0444124354819349,,,,0.08,,-0.7140435399000845,,,,,-0.1278248587570621,,-0.0267841199928575,,,,-0.5186595852899777,,,,,-0.2098655997700103,-0.3889409559512652,0.099009900990099,0.0947524263859187,,,,-2.1143497757847536,,,,,0.5126806768646818,,1.317323970392864,,-0.481135623328089,-0.3721621621621621,,-0.3464823380628172,,,0.6713855383643828,,,0.4897032120653686,,1.2461059190031152,,,,,-0.3065803281435376,,1.3677891065199892,-0.4536962903656258,,,-0.3787450060786009,,-0.3517289394291019,,-0.4551543865381474,-0.3464823380628172,-0.2966052117559997,-0.3371310912834591,-0.3460207612456747,,-0.2293697070351724,-0.0772024132902524,,,,,,,,0.0710659898477157,-0.0433870851109986,-0.2816140807040352,-0.0056129096922922,0.6274509803921569,,,,,2.9421,-0.1617891981917678
1998-03-31,-0.2501137969861766,-0.0672740023444148,,-1.0366275051831375,-0.0179843214484044,-0.5352197020735084,,-1.4391407029839651,-0.7039131294804548,,-0.4648799172370674,,,,,,0.2044622136880874,-0.0025113110285831,0.1528728252188483,0.3205128205128205,,-0.0231504887498717,0.8501271552903826,,-0.3205275568312435,,,,-0.2906659870213892,,-0.3013678731388451,0.1644460448925699,,,,0.1608080808080808,,-0.7140435399000845,,,,,-0.1278248587570621,,-0.032736146657937,,,,-0.0597106729279284,,,,,-0.2501137969861766,-0.1780693533270853,0.0825082508250825,0.0783023523605856,,,,-0.2458901345291479,,,,,0.2214767581659039,,0.6340823685708863,-0.5297198815759508,,-0.0748648648648648,,0.0,,,0.2924780549415851,,,0.1901905441354795,,0.9345794392523364,,,,,0.0707493064946625,,-0.8681468562740363,-0.1334400854016546,,,-0.5252614494358934,,-0.3888605244836389,,-0.5205031857539618,0.0,-0.4456530568595171,-0.3920384351407001,0.0,,-0.3421960289647733,-0.1629828725016441,,,,,,,,0.0710659898477157,-0.1663171595921614,-0.3216160808040402,-0.1359125989776486,0.6274509803921569,,,,,4.0237,-0.0214976265626165
1997-12-31,-0.2654464435447162,-0.0672740023444148,,-0.9444828380557476,-0.0539529643452134,-0.5314769069541133,,-1.396664330466178,-0.7039131294804548,,-0.4615131068665171,,,,,,0.2044622136880874,-0.0001674207352388,0.1090248524045915,0.3525641025641026,,-0.0626757134447748,0.8446534019377087,,-0.3362912071672063,,,,-0.2906659870213892,,-0.2868417867086309,-0.051614452046573,,,,0.1608080808080808,,-0.7140435399000845,,,,,-0.0572033898305084,,-0.0446401999880959,,,,-0.1022935617037887,,,,,-0.2654464435447162,,0.033003300330033,0.0289521302845862,,,,-0.1681614349775785,,,,,-0.1667951334324666,,-0.2769064338584172,-0.5297198815759508,-0.5733809772899433,-0.3721621621621621,,-0.3464823380628172,,,-0.9073956425639408,,,-0.2424388650965824,,0.3115264797507788,,,,,0.1179155108244375,,-5.340018781862088,-0.373632239124633,,,-0.745036114471832,,-0.3888605244836389,,-0.6185263845776834,-0.3464823380628172,-1.041844437273587,-0.8862045298558682,-0.3460207612456747,,-0.6242618337887755,-0.1915763589054413,,,,,,,,-0.380146644106035,-0.2458601489623255,-0.3216160808040402,-0.186027864087401,1.8340874811463048,,,,,4.1535,-0.1250030095100517
1997-09-30,-0.2347811504276371,-0.0672740023444148,,-1.0366275051831375,-0.009991289693558,-0.5127629313571375,,0.472296060316449,-0.7039131294804548,,-0.4446790550137656,,,,-0.4015412928456406,,0.3128070657559611,,0.1528728252188483,0.4807692307692308,,-0.0175040280791713,0.8337058952323608,,-0.2890002561593179,,,,-0.0789303428941125,,-0.3643142476697736,-0.099627895810827,,,,0.1608080808080808,,-0.7140435399000845,,,,,-0.1278248587570621,,-0.0565442533182548,,,,-0.0833678333589619,,,,,-0.2347811504276371,-0.3889409559512652,0.0165016501650165,0.0125020562592531,,,,-0.2017937219730941,,,,,0.0273408123667185,,-0.0491592332510912,-0.5069460259621954,-0.481135623328089,,,0.0,,,0.355629302178718,,,-0.0094845678177798,,0.6230529595015576,,,,,0.0,,0.2498211251229764,-0.0533760341606618,,,-0.3054867843999547,,-0.3331631469018333,,-0.4224799869302401,0.0,-0.222081289204241,-0.2273164035689773,0.0,,-0.172956546070372,-0.0829211105710119,,,,,,,,0.0710659898477157,-0.0433870851109986,-0.2616130806540327,-0.0256590157361932,0.6274509803921569,,,,,4.9323,-0.1052652920544167
1997-06-30,-0.2194485038690975,-0.0672740023444148,,0.2533978346003225,0.0299738690806741,-0.5202485215959278,,0.5572488053520229,-0.7380174477692365,,-0.4514126757548662,,,,-0.3555325511847251,,0.5759302779207973,,0.1340808368698811,0.6730769230769231,,-0.0231504887498717,0.8337058952323608,,-0.2653547806553737,,,,-0.1181406473621267,,-0.3401041036194165,0.1164326011283159,,,,0.2416161616161616,,-0.7489515594503209,,,,,-0.1984463276836158,,-0.0624962799833343,,,,-0.1164878579624087,,,,,-0.2194485038690975,-0.3420805998125585,0.0165016501650165,0.0125020562592531,,,,-0.2533632286995516,,,,,0.7068166226638671,,,-0.5069460259621954,-0.4580742848376254,-0.5613513513513514,,0.0,,,-0.2127319229554783,,,0.689378324018628,,0.6230529595015576,,,,,-0.4480789411328627,,,-0.5871363757672805,,,-0.2322285627213085,,-0.3517289394291019,,-0.4224799869302401,0.0,-0.1475573666524822,-0.1724090597117364,0.0,,-0.1165433851055715,-0.0772024132902524,0.3234265734265734,,,,,,,0.2966723068245911,-0.0289247234073324,-0.2816140807040352,-0.0056129096922922,0.6274509803921569,,,,,4.3265,0.0947399153325872
1997-03-31,-0.2711961860041685,-0.0672740023444148,,-1.2209168394379175,-0.0699390278549063,-0.5277341118347182,,0.472296060316449,-0.7380174477692365,,-0.4581462964959668,,,,-0.3555325511847251,,0.4830632618626198,,-0.0037270776892118,0.5769230769230769,,-0.1473726235052812,0.822758388527013,,-0.3362912071672063,,,,-0.2279294998725665,,-0.3594722188597022,0.0924258792461889,,,,0.2416161616161616,,-0.7489515594503209,,,,,-0.1278248587570621,,-0.0624962799833343,,,,-0.2063850676003359,,,,,-0.2711961860041685,-0.3420805998125585,0.0,-0.0039480177660799,,,,-0.1659192825112107,,,,,0.0920527942997803,,-0.1250749667868665,-0.4613983147346845,-0.4580742848376254,-0.0478378378378378,,0.0,,,-1.349454373223871,,-0.6669295773915834,0.1569113588099363,,0.3115264797507788,,,,,0.0,,-0.8681468562740363,-0.0533760341606618,,,-0.2322285627213085,,-0.3145973543745649,,-0.4551543865381474,0.0,-0.6692248245147934,-0.5567604667124227,0.0,,-0.6242618337887755,-0.1687015697824035,0.3234265734265734,,,,,,,-0.8313592780597857,-0.1735483404439945,-0.2416120806040302,-0.186027864087401,2.4374057315233784,,,,,3.5478,0.26827893342353
1996-12-31,-0.3152775448599698,-0.0420462514652593,,-0.7601935038009675,-0.1658554089130637,-0.523991316715323,,0.259914197727514,-0.7380174477692365,,-0.4682467276076177,,,,-0.3325281803542673,,0.2973292297462648,,-0.0350470582708238,0.8653846153846154,,-0.169958466188083,0.8501271552903826,,-0.4282458341269893,,,,-0.3220342305958005,,-0.4659968526812734,-0.291681670867843,,,,0.3224242424242424,,-0.7489515594503209,,,,,0.4371468926553672,,0.0089280399976191,,,,-0.2631622526348162,,,,,-0.3152775448599698,-0.3186504217432052,0.0165016501650165,0.0125020562592531,,,,-0.1659192825112107,,,,,-0.6197790069638991,,,-0.4613983147346845,-0.4119516078566982,1.3575675675675676,,-0.6929646761256345,,,-0.7179419008525418,,,-0.6750682743286445,,0.9345794392523364,,,,,1.4621523342230256,,0.2498211251229764,1.281024819855885,,,-0.9648107795077708,,-0.4445579020654444,,-0.4061427871262865,-0.6929646761256345,1.5664928520379684,0.9806451612903224,-0.6920415224913494,,-0.7935013166831769,-0.3116690018013896,0.3234265734265734,,,,,,,3.6807670614777215,-0.2820160532214911,-0.3816190809540477,-0.3664428184825097,-9.6289592760181,,,,,3.8074,-0.0681830120292062
1996-09-30,-0.2673630243645337,0.0336370011722074,,-1.0366275051831375,-0.081928575487176,-0.5090201362377423,,0.259914197727514,-0.7721217660580183,,-0.4480458653843159,,,,-0.3325281803542673,,-0.1050945065058375,,0.1403448329862035,0.2884615384615384,,-0.0118575674084709,0.8884434287591001,,-0.3573094076151567,,,,-0.1181406473621267,,-0.4708388814913449,-0.4837354459248589,,,,0.3224242424242424,,-0.7838595790005572,,,,,-0.2690677966101695,,-0.0029760133325397,,,,-0.0407849445831016,,,,,-0.2673630243645337,-0.3186504217432052,0.0,-0.0039480177660799,,,,-0.2354260089686098,,,,,-0.6197790069638991,,0.2545037008920098,-0.5297198815759508,-0.4119516078566982,0.6278378378378379,,0.3464823380628172,,,2.12386422481844,,,-0.6750682743286445,,-0.3115264797507788,,,,,0.7074930649466252,,0.2498211251229764,0.6672004270082733,,,-0.8182943361504782,,-0.1846368066836853,,-0.4061427871262865,0.3464823380628172,-0.6692248245147934,-0.5018531228551819,0.3460207612456747,,-0.5678486728239751,-0.0085780459211391,0.6730769230769231,,,,,,,-0.8313592780597857,0.0,-0.1016050802540127,0.0244562493735591,-1.7858220211161389,,,,,2.5094,-0.0344703913286044
1996-06-30,-0.2117821805898277,0.0420462514652593,,-0.7601935038009675,0.0139878055709812,-0.4903061606407665,,0.0900087076563661,-0.7721217660580183,,-0.4312118135315644,,,,-0.4015412928456406,,0.0961173616202136,,0.2718887514289741,0.5128205128205128,,0.0897787246641368,0.8720221687010783,,-0.2784911559353427,,,,-0.0946144646813182,,-0.3158939595690594,-0.243668227103589,,,,0.2416161616161616,,-0.7838595790005572,,,,,-0.4103107344632768,,-0.0089280399976191,,,,0.0112608083651719,,,,,-0.2117821805898277,-0.3889409559512652,0.0,-0.0039480177660799,,,,-0.2354260089686098,,,,,-0.2638631063320593,,-0.1250749667868665,-0.48417217034844,-0.481135623328089,-0.1289189189189189,,0.3464823380628172,,,2.12386422481844,,,-0.3089972357476689,,-0.3115264797507788,,,,,0.2594141238137626,,-0.8681468562740363,-0.0800640512409927,,,-1.3311018879010017,,-0.2403341842654908,,-0.553177585361869,0.3464823380628172,-1.1163683598253458,-0.8312971859986273,0.3460207612456747,,-0.9063276386127778,-0.0028593486403797,0.6730769230769231,,,,,,,,-0.0361559042591655,-0.1616080804040202,0.0645484614613611,-2.3891402714932126,,,,,2.7257,-0.1110907289870491
1996-03-31,-0.1466184327160345,0.0504555017583111,,-0.3916148352914075,0.0979146389968689,-0.4416498240886294,,0.2174378252097271,-0.7721217660580183,,-0.3908100890849607,,,,-0.3325281803542673,,0.0496838535911249,,0.3094727281269085,0.3846153846153846,,0.1405968707004407,0.8939171821117741,,-0.2049274543675163,,,,-0.251455682553375,,-0.1173707783561312,-0.291681670867843,,,,0.3224242424242424,,-0.7838595790005572,,,,,-0.3396892655367232,,0.0267841199928575,,,,0.1248151784341325,,,,,-0.1466184327160345,-0.3186504217432052,0.066006600660066,0.0618522783352525,,,,-0.2354260089686098,,,,,0.2214767581659039,,-0.1250749667868665,-0.4386244591209292,-0.4350129463471618,-0.2640540540540541,,0.3464823380628172,,,0.2924780549415851,,,0.1901905441354795,,-0.6230529595015576,,,,,0.047166204329775,,-0.8681468562740363,-0.1868161195623165,,,-0.9648107795077708,,-0.2588999767927593,,-0.5041659859500082,0.3464823380628172,-0.8927965921700696,-0.6665751544269046,0.3460207612456747,,-0.6806749947535761,-0.071483716009493,0.6730769230769231,,,,,,,-0.380146644106035,-0.0940053510738303,-0.1816090804540227,-0.0457051217800942,0.6274509803921569,,,,,2.4229,-0.0689806328205945
1995-12-31,-0.1293692053376776,-0.0420462514652593,,-0.4837595024187975,0.1019111548742921,-0.411707463133468,,0.2174378252097271,-0.7721217660580183,,-0.3605087957500079,,,,-0.3095238095238095,,0.1425508696493024,,0.2656247553126517,0.3525641025641026,,0.1067181066762381,0.8774959220537523,,-0.1891638040315535,,,,-0.2357715607661693,,-0.0980026631158455,-0.123634617692954,,,,0.3224242424242424,,-0.7838595790005572,,,,,0.4371468926553672,,0.0446401999880959,,,,0.101158018003099,,,,,-0.1293692053376776,-0.2952202436738519,0.1155115511551155,0.1112025004112518,,,,-0.2354260089686098,,,,,-0.7492029708300225,,0.3304194344277851,-0.5069460259621954,-0.365828930875771,0.6008108108108108,,0.6929646761256345,,,,,,-0.8081850156308173,,0.0,,,,,1.1791551082443754,,-13.165794651641177,0.6138243928476115,,,-14.15129068166409,,-0.0918078440473427,,-0.6838751837934978,0.6929646761256345,-2.308751120653485,-1.6549073438572408,0.6920415224913494,,-5.475793676761614,-0.0142967432018986,1.0227272727272727,,,,,,,-42.7941342357586,-0.1663171595921614,-0.0016000800040002,-0.0356820687581437,-59.10105580693816,,,,,2.769,-0.0781148429035752
1995-09-30,0.0201240986080831,-0.0420462514652593,,0.3455425017277125,0.0619459961000599,-0.0823414926266936,,-0.4197077625570776,-0.7721217660580183,,-0.0675962935121311,,,,-0.3785369220151829,,0.0342060175814287,,0.4222246582207119,0.9615384615384616,,0.2309402414316476,0.9322334555804916,,-0.0394091258399069,,,,-0.0946144646813182,,0.0617842876165113,-0.387708558396351,,,,0.4032323232323232,,-0.7838595790005572,,,,,1.0021186440677967,,0.1696327599547646,,,,0.086963721744479,,,,,0.0201240986080831,-0.3655107778819119,0.33003300330033,0.3250534627405823,,,,-0.2362780269058296,,,,,-0.4579990521312446,,-0.1250749667868665,-0.4613983147346845,-0.4580742848376254,0.3305405405405405,,0.3464823380628172,,,0.9871417745500474,,,-0.5086723477009283,,-0.3115264797507788,,,,,0.4244958389679751,,,0.373632239124633,,,-0.5252614494358934,,-0.2403341842654908,,-0.3571311877144257,0.3464823380628172,-0.222081289204241,-0.1724090597117364,0.3460207612456747,,-0.2293697070351724,-0.0142967432018986,1.0227272727272727,,,,,,,-0.380146644106035,0.0361559042591655,-0.1616080804040202,0.0445023554174601,-2.9924585218702866,,,,,2.4229,-0.1071443311733872
1995-06-30,0.0699551999233367,-0.0420462514652593,,-0.2994701681640175,0.1578623771582172,-0.0748559023879032,,-0.2498022724859297,-0.7721217660580183,,-0.0642294831415808,,,,-0.3325281803542673,,0.1889843776783911,,0.4973926116165807,0.9935897435897436,,0.3099906908214537,0.9267597022278176,,0.0131363752799689,,,,-0.0161938557452898,,0.1344147197675826,-0.267674948985716,,,,0.3224242424242424,,-0.7838595790005572,,,,,1.2846045197740112,,0.2053449199452413,,,,0.1532037709513727,,,,,0.0699551999233367,-0.3186504217432052,0.363036303630363,0.3579536107912485,,,,-0.1970358744394618,,,,,0.6744606316973363,,-0.2009907003226418,-0.3930767478934183,-0.4119516078566982,-0.6154054054054054,,0.6929646761256345,,,0.355629302178718,,,0.6560991386930848,,0.0,,,,,-0.5188282476275252,,-0.8681468562740363,-0.5871363757672805,,,-0.2322285627213085,,-0.2403341842654908,,-0.2917823884986113,0.6929646761256345,0.0760144010027939,0.102127659574468,0.6920415224913494,,-0.0037170631759707,0.0028593486403797,1.0227272727272727,,,,,,,-0.380146644106035,0.0867741702219972,-0.1616080804040202,0.0745715144833116,-2.9924585218702866,,,,,2.5094,-0.0861959034032039
1995-03-31,0.0392899068062576,-0.0336370011722074,,-1.2209168394379175,0.1059076707517153,-0.0860842877460887,,-1.693998938090687,-0.7721217660580183,,-0.0709631038826814,,,,-0.2635150678628939,,0.1735065416686949,-0.0021764695581053,0.3407927087085206,0.7371794871794872,,0.1857685560660442,0.904864688817122,,-0.0367818507839131,,,,-0.2279294998725665,,0.1489408061977968,-0.0756211739287,,,,0.3224242424242424,,-0.7838595790005572,,,,,1.3552259887005649,,0.2232009999404797,,,,0.0964265859168923,,,,,0.0392899068062576,-0.2483598875351452,0.3795379537953795,0.3744036848165816,,,,-0.1997780269058296,,,,,0.2861887400989656,,0.1785879673562345,-0.4386244591209292,-0.3427675923853074,-0.1559459459459459,,0.6929646761256345,,,-0.9073956425639408,,,0.256748914786566,,-0.3115264797507788,,,,,-0.0707493064946625,,0.8088051158214828,-0.1067520683213237,,,-0.5985196711145396,,-0.2588999767927593,,-0.3898055873223329,0.6929646761256345,-0.2966052117559997,-0.1724090597117364,0.6920415224913494,,-0.2857828679999729,-0.0600463214479741,1.0227272727272727,,,,,,,-0.8313592780597857,-0.0289247234073324,-0.1816090804540227,-0.0256590157361932,-2.9924585218702866,,,,,2.7257,-0.1428623839747587
1994-12-31,-0.0162909369684482,-0.0336370011722074,,-0.2073255010366275,-0.0059947738161348,-0.0898270828654839,,-0.4197077625570776,,,-0.0675962935121311,,,,-0.3095238095238095,,-0.1515280145349262,,0.2530967630800069,0.4487179487179487,,0.0954251853348373,1.3263436969730145,,-0.1077182772957457,,,,-0.251455682553375,,0.047258201186297,-0.291681670867843,,,,-9.293737373737374,,,,,,,1.4964689265536724,,0.2112969466103208,,,,0.0633065613134455,,,,,-0.0162909369684482,-0.2952202436738519,0.3135313531353135,0.3086033887152492,,,,-0.1997780269058296,,,,,-0.3609310792316519,,-0.7324008350730689,,-0.7348103467231885,0.4116216216216216,,0.6929646761256345,,,-0.3390344174297442,,,-0.4088347917242986,,0.3115264797507788,,,,,0.4009127368030876,,,0.400320256204964,,,,,,,-0.2591079888907041,0.6929646761256345,0.0014904784510351,0.0472203157172271,0.6920415224913494,,-0.0601302241407711,-0.0943585051325308,1.0227272727272727,,,,,,,,-0.0433870851109986,-0.1016050802540127,-0.1258895459556981,,,,,,2.1633,0.0799704155688069
1994-09-30,0.006708032869361,-0.0336370011722074,,-0.0230361667818475,0.0379669008355206,-0.0860842877460887,,-0.1223731549325687,,,-0.0709631038826814,,,,-0.3785369220151829,,-0.3527398826609774,,0.3407927087085206,0.0,,0.157536252712542,1.3153961902676663,,-0.0788182516798139,,,,-0.1181406473621267,,0.0230480571359399,-0.4357220021606049,,,,-8.97050505050505,,,,,,,1.567090395480226,,0.2172489732754002,,,,0.1768609313824061,,,,,0.006708032869361,-0.3655107778819119,0.3135313531353135,0.3086033887152492,,,,-2.1143497757847536,,,,,-0.3285750882651211,,-0.6564851015372936,-0.1197904805283534,,0.3035135135135135,,0.6929646761256345,,,0.4187805494158509,,,-0.3755556063987553,,0.3115264797507788,,,,,0.3065803281435376,,,0.2935681878836402,,,-0.085712119364016,,-0.2217683917382223,,-0.2591079888907041,0.6929646761256345,-0.222081289204241,-0.1175017158544955,0.6920415224913494,,-0.2293697070351724,-0.0371715323249363,0.6730769230769231,,,,,,,0.5222786238014664,0.0072311808518331,-0.0416020801040052,-0.0557281748020447,0.6274509803921569,,,,,2.5094,-0.0689806328205945
1994-06-30,0.0182075177882657,-0.0336370011722074,,-0.1151808339092375,0.0699390278549063,-0.0935698779848791,,-0.3347550175215036,,,-0.0709631038826814,,,,-0.4015412928456406,,-0.2908285386221924,,0.3971686737554222,0.1282051282051282,,0.2027079380781455,1.282553670151623,,-0.0578000512318635,,,,-0.0632462211069068,,0.0375741435661542,-0.31568839274997,,,,-8.647272727272727,,,,,,,1.4964689265536724,,0.2053449199452413,,,,0.1957866597272329,,,,,0.0182075177882657,-0.3889409559512652,0.297029702970297,0.2921533146899161,,,,-0.2458901345291479,,,,,0.5773926587977436,,1.4691554374644145,-0.48417217034844,-0.0660315304997443,-0.5343243243243243,,0.6929646761256345,,,0.2924780549415851,,,0.5562615827164551,,0.0,,,,,-0.4480789411328627,,-0.8681468562740363,-0.5070723245262877,,,-0.0124538976853698,,-0.2403341842654908,,-0.2591079888907041,0.6929646761256345,-0.222081289204241,-0.1175017158544955,0.6920415224913494,,-0.172956546070372,0.0028593486403797,0.6730769230769231,,,,,,,0.0710659898477157,0.0650806276664979,-0.0616030801540077,0.0244562493735591,0.6274509803921569,,,,,2.3363,0.0
1994-03-31,-0.0258738410675355,-0.0336370011722074,,0.0691085003455425,-0.0139878055709812,-0.1010554682236694,,-0.5896132526282255,,,-0.077696724623782,,,,-0.3555325511847251,,-0.3372620466512812,,0.2280407786147172,-0.0641025641025641,,0.0615464213106347,1.2551849033882534,,-0.1182273775197209,,,,-0.2749818652341835,,0.0375741435661542,-0.099627895810827,,,,-8.243232323232323,,,,,,,1.6377118644067796,,0.2053449199452413,,,,0.1106208821755124,,,,,-0.0258738410675355,-0.3420805998125585,0.264026402640264,0.2592531666392498,,,,-2.1143497757847536,,,,,0.189120767199373,,0.558166635035111,-0.48417217034844,-0.4350129463471618,-0.0748648648648648,,0.3464823380628172,,,-0.4653369119040101,,,0.1569113588099363,,0.0,,,,,0.0,,0.2498211251229764,-0.0533760341606618,,,-0.5985196711145396,,-0.2774657693200278,,-0.3734683875183793,0.3464823380628172,-0.4456530568595171,-0.3371310912834591,0.3460207612456747,,-0.3986091899295738,-0.0829211105710119,0.6730769230769231,,,,,,,-0.8313592780597857,-0.072311808518331,-0.1216060803040152,-0.0958203868898466,-1.7858220211161389,,,,,2.2498,0.0
1993-12-31,-0.0335401643468053,-0.0336370011722074,,-0.0230361667818475,-0.0379669008355206,-0.0935698779848791,,-0.5471368801104386,,,-0.0709631038826814,,,,-0.3555325511847251,,-0.3372620466512812,,0.1841928058004604,-0.0641025641025641,,0.0220211966157316,1.2497111500355793,,-0.1313637527996899,,,,-0.2357715607661693,,-0.0060041157244885,-0.123634617692954,,,,-8.162424242424242,,,,,,,1.7789548022598871,,0.2112969466103208,,,,0.0822322896582723,,,,,-0.0335401643468053,-0.3420805998125585,0.2475247524752475,0.2428030926139167,,,,-2.1143497757847536,,,,,-0.943338916629208,,-2.098884038717024,,-1.149914439551533,0.9521621621621622,,0.6929646761256345,,,-0.0864294284812125,,,-1.0078601275840768,,0.6230529595015576,,,,,1.0848226995848254,,-3.663066809766568,0.9073925807312516,,,,,,,-0.4061427871262865,0.6929646761256345,,,0.6920415224913494,,-0.7370881557183765,-0.0829211105710119,0.6730769230769231,,,,,,,-1.2825719120135364,-0.1156988936293296,-0.0416020801040052,-0.1359125989776486,,,,,,2.9421,-0.117671051289895
1993-09-30,0.0143743561486308,0.1345480046888297,,-0.1151808339092375,0.0339703849580973,-0.0673703121491129,,-0.6320896251460125,,,-0.0507622416593796,,,,-0.4015412928456406,,-0.3217842106415849,,0.3658486931738102,0.3205128205128205,,0.1744756347246433,1.3318174503256883,,-0.0761909766238201,,,,-0.0240359166388927,,-0.0205302021547028,-0.339695114632097,,,,-9.293737373737374,,,,,,,0.4371468926553672,,0.2351050532706386,,,,0.1626666351237861,,,,,0.0143743561486308,-0.3889409559512652,0.297029702970297,0.2921533146899161,,,,-2.1143497757847536,,,,,-0.2315071153655284,,-0.4287379009299677,-0.1425643361421088,,0.2764864864864865,,0.3464823380628172,,,0.9871417745500474,,,-0.2757180504221256,,0.0,,,,,0.3065803281435376,,-0.8681468562740363,0.2935681878836402,,,,,-0.2774657693200278,,-0.3571311877144257,0.3464823380628172,-0.3711291343077584,-0.2822237474262182,0.3460207612456747,,-0.3421960289647733,0.0257341377634174,0.6730769230769231,,,,,,,-1.056965595036661,0.072311808518331,-0.1216060803040152,0.0946176205272125,,,,,,3.3747,-0.1025572643494236
1993-06-30,0.0162909369684482,0.1429572549818816,,-0.0230361667818475,0.0379669008355206,-0.0673703121491129,,-0.2498022724859297,,,-0.0507622416593796,,,,,,1.318866406386217,,0.4159606621043895,3.878205128205128,,0.2140008594195463,1.3099224369149929,,-0.0683091514558388,,,,-0.1102985864685239,,0.047258201186297,-0.6757892209818749,,,,-8.97050505050505,,,,,,,0.3665254237288136,,0.2232009999404797,,,,-0.3341337339279166,,,,,0.0162909369684482,,0.264026402640264,0.2592531666392498,,,,1.248878923766816,,,,,0.5450366678312127,,1.3932397039286393,-0.4386244591209292,-0.0890928689902079,-0.5343243243243243,,0.6929646761256345,,,0.2293268077044521,,,0.5229823973909119,,-0.3115264797507788,,,,,-0.4480789411328627,,-0.8681468562740363,-0.4803843074459568,,,-0.2322285627213085,,-0.2588999767927593,,-0.2591079888907041,0.6929646761256345,-0.0730334441007235,-0.0076870281400137,0.6920415224913494,,-0.1165433851055715,-0.020015440482658,0.6730769230769231,,,,,,,-0.380146644106035,0.0433870851109986,-0.0816040802040102,-0.0056129096922922,-1.7858220211161389,,,,,3.1151,-0.1111039774004044
1993-03-31,0.0009582904099087,0.1513665052749335,,0.0691085003455425,0.0059947738161348,-0.0673703121491129,,-0.3347550175215036,,,-0.0574958624004802,,,,-0.3555325511847251,,1.1486102102795583,,0.2906807397779413,3.2371794871794872,,0.118011028017639,1.3099224369149929,,-0.0998364521277643,,,,-0.251455682553375,,0.0569422588064399,-0.411715280278478,,,,-8.80888888888889,,,,,,,0.3665254237288136,,0.2470091066007975,,,,-0.3199394376692965,,,,,0.0009582904099087,-0.3420805998125585,0.3135313531353135,0.3086033887152492,,,,-2.1143497757847536,,,,,-0.1667951334324666,,-0.2769064338584172,-0.3475290366659075,-0.3888902693662346,-0.0478378378378378,,0.3464823380628172,,-0.0722527233115468,0.4187805494158509,,,-0.1426013091199527,,-0.3115264797507788,,,,,-0.0707493064946625,,0.2498211251229764,0.0,,,-0.5985196711145396,,-0.2960315618472963,,-0.3734683875183793,0.3464823380628172,-0.3711291343077584,-0.2822237474262182,0.3460207612456747,,-0.3421960289647733,-0.0829211105710119,0.6730769230769231,,,,,,,-0.8313592780597857,-0.0650806276664979,-0.1416070803540177,-0.0857973338678961,-2.3891402714932126,,,,,3.1151,-0.1388719463259606
1992-12-31,-0.0009582904099087,-0.0336370011722074,,-0.5759041695461875,-0.009991289693558,-0.0561419267909274,,-0.5896132526282255,,,-0.0473954312888293,,,,-0.2175063262019783,,1.133132374269862,,0.2656247553126517,3.269230769230769,,0.1293039493590399,1.2935011768569709,,-0.1077182772957457,,,,-0.3141921697021977,,0.0859944316668684,-0.31568839274997,,,,-8.566464646464647,,,,,,,1.9201977401129944,,0.2589131599309565,,,,-0.3341337339279166,,,,,-0.0009582904099087,-0.2014995313964386,0.3465346534653465,0.3415035367659154,,,,-2.1143497757847536,,,,,-0.7815589617965535,,0.3304194344277851,,-0.4119516078566982,0.735945945945946,,0.6929646761256345,,-0.0722527233115468,0.355629302178718,,,-0.7749058303052742,,0.0,,,,,0.8725747801008378,,0.2498211251229764,0.7472644782492661,,,-1.6241347746155863,,,,-0.471491586342101,0.6929646761256345,-1.5635118951358982,-1.1058339052848318,0.6920415224913494,,-1.18839344343678,-0.0142967432018986,0.6730769230769231,,,,,,,-2.1849971799210377,-0.0867741702219972,0.0384019200960048,-0.0557281748020447,0.6274509803921569,,,,,3.9458,-0.1008667443864362
1992-09-30,0.0929541697611461,0.1513665052749335,,0.6219765031098825,0.1218937342614082,0.0037427951193951,,-0.0798967824147817,,,-0.0069937068422256,,,,-0.3325281803542673,,-0.1824836865543187,,0.240568770847362,0.1282051282051282,,0.078485803322736,1.3920287372051017,,0.0236454755039441,,,,-0.008351794851687,,0.1005205180970826,-0.291681670867843,,,,-9.697777777777778,,,,,,,-0.2690677966101695,,0.252961133265877,,,,0.2241752522444731,,,,,0.0929541697611461,-0.3186504217432052,0.4785478547854785,0.4731041289685803,,,,-1.3135807174887892,,,,,-0.910982925662677,,-0.2009907003226418,0.130721931222956,-0.5733809772899433,1.0872972972972974,,0.3464823380628172,,,1.1134442690243131,,,-0.9745809422585336,,0.0,,,,,0.9433240865955004,,0.2498211251229764,1.094208700293568,,,-0.2322285627213085,,-0.2588999767927593,,-0.2427707890867505,0.3464823380628172,0.0760144010027939,0.0472203157172271,0.3460207612456747,,-0.0037170631759707,0.0028593486403797,1.0227272727272727,,,,,,,-0.380146644106035,0.0867741702219972,-0.1016050802540127,0.0445023554174601,-2.9924585218702866,,,,,3.8233,0.0095990374807103
1992-06-30,0.1581179176349392,0.1429572549818816,,0.5298318359824925,0.2497822423389513,0.0112283853581854,,0.0475323351385791,,,-0.0103605172127759,,,,-0.2405106970324361,,-0.0586609984767487,,0.378376685406455,0.2243589743589743,,0.2252937807609472,1.3975024905577755,,0.0867000768477953,,,,0.0308585096163271,,0.1779929790582254,-0.243668227103589,,,,-9.536161616161616,,,,,,,-0.2690677966101695,,0.3124813999166716,,,,0.3377296223134337,,,,,0.1581179176349392,-0.2249297094657919,0.6600660066006601,0.6540549432472446,,,,-0.2458901345291479,,,,,0.9333085594295832,,2.304228506357943,0.4723297654292872,0.187643192895355,-0.7775675675675676,,0.6929646761256345,,,-0.1495806757183454,,,0.9223326212974308,,0.0,,,,,-0.7310761671115128,,0.2498211251229764,-0.7472644782492661,,,-0.1589703410426623,,-0.2217683917382223,,-0.2100963894788433,0.6929646761256345,-0.0730334441007235,-0.0076870281400137,0.6920415224913494,,-0.0601302241407711,-0.0028593486403797,0.6730769230769231,,,,,,,-0.380146644106035,0.072311808518331,-0.0416020801040052,0.0044101433296582,0.6274509803921569,,,,,3.956,-0.0850859453993932
1992-03-31,0.0910375889413286,-0.0672740023444148,,0.5298318359824925,0.1258902501388314,-0.0037427951193951,,-0.1648495274503557,,,-0.0137273275833262,,,,-0.1945019553715206,,-0.13605017852523,,0.3094727281269085,0.0,,0.1744756347246433,1.34823871038371,,0.0,,,,-0.2122453780853608,,0.1586248638179397,-0.0756211739287,,,,-9.051313131313131,,,,,,,1.6377118644067796,,0.3005773465865127,,,,0.2147123880720597,,,,,0.0910375889413286,-0.1780693533270853,0.594059405940594,0.5882546471459121,,,,-0.2458901345291479,,,,,0.9656645503961142,,2.380144239893718,-0.2336597585971305,0.5335632702523089,-0.8586486486486486,,0.3464823380628172,,-0.0722527233115468,-0.7179419008525418,,,1.0221701772740603,,0.0,,,,,-0.6603268606168502,,,-0.8273285294902589,,,-0.1589703410426623,,-0.3145973543745649,,-0.3734683875183793,0.3464823380628172,-0.3711291343077584,-0.2822237474262182,0.3460207612456747,,-0.2857828679999729,-0.1057958996940496,,,,,,,,0.2966723068245911,-0.0867741702219972,-0.1616080804040202,-0.1158664929337476,0.6274509803921569,,,,,4.4214,-0.1320622427285475
1991-12-31,-0.0507893917251623,-0.0672740023444148,,0.0691085003455425,-0.1778449565453333,0.0037427951193951,,-0.1223731549325687,,,-0.0069937068422256,,,,-0.1024844720496894,,-0.4146512266997624,,-0.0663670388524359,-0.0641025641025641,,-0.1417261628345808,1.3427649570310365,,-0.0840728017918015,,,,-0.3141921697021977,,0.0714683452366541,-0.4837354459248589,,,,-8.97050505050505,,,,,,,-0.6221751412429378,,0.0505922266531754,,,,-0.0597106729279284,,,,,-0.0507893917251623,-0.0843486410496719,0.429042904290429,0.423753906892581,,,,-0.2458901345291479,,,,,0.3832567129985583,,0.1785879673562345,-0.3019813254383967,-0.4580742848376254,0.3305405405405405,,0.3464823380628172,,-0.0722527233115468,-0.9705468898010736,,,0.4231448414142821,,0.0,,,,,0.2358310216488751,,1.926773097218496,0.3469442220443021,,,-0.3054867843999547,,,,-0.3898055873223329,0.3464823380628172,-0.6692248245147934,-0.5018531228551819,0.3460207612456747,,-0.3986091899295738,-0.1172332942555685,0.3234265734265734,,,,,,,-0.380146644106035,-0.1156988936293296,-0.1416070803540177,-0.145935651999599,1.8340874811463048,,,,,4.804,-0.0344920899250624
1991-09-30,-0.0814546848422414,-0.0672740023444148,,0.0691085003455425,-0.2337961788292584,-0.0037427951193951,,-0.0374204098969948,,,-0.0036268964716753,,,,-0.148493213710605,,-0.4765625707385474,,-0.1415349922483048,-0.3846153846153846,,-0.2207766122243869,1.3427649570310365,,-0.1103455523517395,,,,-0.0632462211069068,,-0.1222128071662026,-0.387708558396351,,,,-9.212929292929292,,,,,,,-0.5515536723163842,,0.0148800666626986,,,,-0.1070249937899953,,,,,-0.0814546848422414,-0.1312089971883786,0.3135313531353135,0.3086033887152492,,,,-0.8208004484304933,,,,,-0.069727160532874,,0.8618295691782122,,-0.2505222384234531,0.4386486486486486,,-0.3464823380628172,,-0.5079825708061002,0.6713855383643828,,,-0.2091596797710392,,0.3115264797507788,,,,,0.4009127368030876,,-0.8681468562740363,0.4270082732852949,,,0.1340625456719225,,-0.3888605244836389,,-0.3407939879104721,-0.3464823380628172,0.2250622461063113,0.0472203157172271,-0.3460207612456747,,0.1091092587536301,-0.1458267806593658,0.3234265734265734,,,,,,,0.2966723068245911,-0.0867741702219972,-0.2616130806540327,-0.1359125989776486,0.6274509803921569,,,,,3.1206,-0.1052361725309236
1991-06-30,-0.1082868163196856,-0.0672740023444148,,-0.0230361667818475,-0.2657683058486442,-0.0261995658357661,,-0.5046605075926516,,,-0.0137273275833262,,,,,,-0.584907422806421,,-0.0663670388524359,-0.3525641025641026,,-0.2207766122243869,1.3044486835623186,,-0.1366183029116776,,,,-0.102456525574921,,-0.0834765766856312,-0.31568839274997,,,,-8.88969696969697,,,,,,,-0.5515536723163842,,-0.0089280399976191,,,,-0.111756425876202,,,,,-0.1082868163196856,,0.2475247524752475,0.2428030926139167,,,,-0.8208004484304933,,,,,0.0273408123667185,,-0.2769064338584172,-0.4386244591209292,-0.596442315780407,-0.1289189189189189,,0.3464823380628172,,-0.0722527233115468,0.5450830438901169,,,0.0570738028333066,,0.0,,,,,-0.1650817151542125,,0.2498211251229764,-0.1067520683213237,,,0.1340625456719225,,-0.3888605244836389,,-0.3081195883025649,0.3464823380628172,0.3741100912098288,0.2668496911461908,0.3460207612456747,,0.221935580683231,-0.1286706888170874,0.3234265734265734,,,,,,,0.2966723068245911,-0.0506182659628317,-0.2616130806540327,-0.1058434399117971,-2.3891402714932126,,,,,3.0969,0.087216248506571
1991-03-31,-0.1102033971395031,-0.0672740023444148,,0.1612531674729325,-0.2657683058486442,-0.0299423609551613,,-0.4621841350748646,,,-0.0238277586949771,,,,-0.3325281803542673,,-0.5539517507870286,,-0.1164790077830151,-0.3525641025641026,,-0.2433624549071886,1.3044486835623186,,-0.1497546781916466,,,,-0.251455682553375,,-0.0447403462050599,-0.291681670867843,,,,-8.728080808080808,,,,,,,-0.4809322033898305,,0.0148800666626986,,,,-0.1212192900486154,,,,,-0.1102033971395031,-0.3186504217432052,0.297029702970297,0.2921533146899161,,,,0.4335515695067264,,,,,0.0596968033332494,,-0.8083165686088442,-0.1881120473696196,-0.3888902693662346,-0.3721621621621621,,0.0,,-0.5079825708061002,-0.6547906536154089,,,0.0570738028333066,,0.3115264797507788,,,,,-0.3301634303084251,,,-0.373632239124633,,,0.1340625456719225,,-0.4074263170109074,,-0.3734683875183793,0.0,0.0014904784510351,-0.0625943719972546,0.0,,0.0526960977888297,-0.174420267063163,0.3234265734265734,,,,,,,0.2966723068245911,-0.1301612553329958,-0.2816140807040352,-0.1760048110654505,1.2307692307692308,,,,,3.3955,0.0487841670186448
1990-12-31,-0.114036558779138,-0.0672740023444148,,0.1612531674729325,-0.2777578534809138,-0.0261995658357661,,-0.4621841350748646,,,-0.033928189806628,,,,-0.0564757303887738,,-0.4146512266997624,,-0.2104389495278513,-0.0961538461538461,,-0.2603018369192899,1.3208699436203404,,-0.1681456035836031,,,,-0.3063501088085949,,-0.1028446919259169,-0.267674948985716,,,,-8.647272727272727,,,,,,,-0.5515536723163842,,0.0446401999880959,,,,-0.1779964750830957,,,,,-0.114036558779138,-0.0374882849109653,0.396039603960396,0.3908537588419148,,,,0.4335515695067264,,,,,-0.2962190972985902,,-0.5805693680015183,-0.2336597585971305,-0.6886876697422613,0.3305405405405405,,0.6929646761256345,,-0.0722527233115468,-0.9705468898010736,,,-0.2757180504221256,,0.0,,,,,0.2594141238137626,,0.8088051158214828,0.3469442220443021,,,-0.3787450060786009,,,,-0.4878287861460545,0.6929646761256345,-0.8182726696183108,-0.5567604667124227,0.6920415224913494,,-0.5114355118591747,-0.2087324507477196,0.6730769230769231,,,,,,,-1.056965595036661,-0.2458601489623255,-0.2216110805540277,-0.2662122882630049,1.8340874811463048,,,,,3.369,-0.0401306025526863
1990-09-30,-0.1255360436980427,-0.058864752051363,,0.2533978346003225,-0.3017369487454532,-0.0261995658357661,,-0.1223731549325687,,,-0.0271945690655274,,,,-0.148493213710605,,-0.6932522748742949,,-0.2167029456441737,-0.7692307692307693,,-0.2885341402727921,1.2935011768569709,,-0.1681456035836031,,,,-0.1416668300429353,,-0.1900012105072025,-0.387708558396351,,,,-8.404848484848484,,,,,,,-0.6221751412429378,,0.0089280399976191,,,,-0.1212192900486154,,,,,-0.1255360436980427,-0.1312089971883786,0.297029702970297,0.2921533146899161,,,,-0.2458901345291479,,,,,0.4156127039650892,,1.089576769785538,-0.3930767478934183,-0.1813382229520623,0.0602702702702702,,0.0,,-0.0722527233115468,,,,0.4564240267398254,,0.0,,,,,0.09433240865955,,,,,,-0.1589703410426623,,-0.4074263170109074,,-0.4388171867341937,0.0,-0.222081289204241,-0.2273164035689773,0.0,,-0.172956546070372,-0.1687015697824035,0.3234265734265734,,,,,,,-0.1545403271291596,-0.1518547978884951,-0.2816140807040352,-0.1659817580435,0.6274509803921569,,,,,3.4848,-0.111111111111111
1990-06-30,-0.1581179176349392,-0.0840925029305186,,0.1612531674729325,-0.3616846869068015,-0.0336851560745564,,-0.3347550175215036,,,-0.0305613794360777,,,,-0.3095238095238095,,-0.7396857829033836,,-0.2354949339931409,-0.7051282051282052,,-0.3449987469797964,1.2551849033882534,,-0.1917910790875473,,,,-0.1181406473621267,,-0.2093693257474882,-0.387708558396351,,,,-7.92,,,,,,,-0.6221751412429378,,-0.0386881733230164,,,,-0.1779964750830957,,,,,-0.1581179176349392,-0.2952202436738519,0.2145214521452145,0.2099029445632505,,,,-0.2458901345291479,,,,,0.189120767199373,,0.558166635035111,0.0851742199954452,-0.3427675923853074,-0.0748648648648648,,0.0,,,,,,0.1569113588099363,,0.3115264797507788,,,,,-0.1179155108244375,,,-0.0800640512409927,,,0.2073207673505687,,-0.4259921095381759,,-0.3571311877144257,0.0,0.2250622461063113,0.102127659574468,0.0,,0.1655224197184306,-0.1458267806593658,0.3234265734265734,,,,,,,0.0710659898477157,-0.0795429893701641,-0.3016150807540377,-0.1158664929337476,0.6274509803921569,,,,,3.2968,0.2857316185391895
1990-03-31,-0.1983661148511056,-0.0840925029305186,,0.2533978346003225,-0.4216324250681498,-0.0561419267909274,,-0.5046605075926516,,,-0.044028620918279,,,,-0.3555325511847251,,-0.832552798961561,,-0.2793429068073977,-0.7051282051282052,,-0.3958168930161003,1.2223423832722098,,-0.2469638552634171,,,,-0.3141921697021977,,-0.1851591816971311,-0.4357220021606049,,,,-7.596767676767676,,,,,,,-0.4809322033898305,,-0.0386881733230164,,,,-0.220579363858956,,,,,-0.1983661148511056,-0.3420805998125585,0.1815181518151815,0.1770027965125843,,,,-0.8208004484304933,,,,,0.7068166226638671,,1.7728183716075157,-0.4386244591209292,0.1415205159144279,-0.1559459459459459,,0.0,,,-0.2127319229554783,,,0.689378324018628,,0.0,,,,,-0.141498612989325,,0.2498211251229764,-0.1334400854016546,,,-0.0124538976853698,,-0.4631236945927129,,-0.4388171867341937,0.0,0.0014904784510351,-0.0625943719972546,0.0,,-0.0037170631759707,-0.2030137534669602,-0.0262237762237762,,,,,,,-0.1545403271291596,-0.1735483404439945,-0.3416170808540427,-0.1960509171093515,0.6274509803921569,,,,,2.8811,-0.0789455897262588
1989-12-31,-0.3056946407608826,-0.0840925029305186,,0.2533978346003225,-0.6134651871844644,-0.0860842877460887,,-0.2498022724859297,,,-0.0574958624004802,,,,-0.3095238095238095,,-1.0956760111263972,,-0.5048467669950044,,,-0.587796555819915,1.19497361650884,,-0.3073911815512745,,,,-0.4318230831062403,,-0.2335794697978453,,,,,-7.515959595959596,,,,,,,-0.4809322033898305,,-0.2351050532706386,,,,-0.3672537585313635,,,,,-0.3056946407608826,-0.2952202436738519,-0.363036303630363,-0.3658496463234084,,,,-0.8208004484304933,,,,,,,,,,,,,,,,,,,,,,,,,,,,,,,,,,,0.3943800032674399,,,-17.3035003431709,,,-17.60462328419371,1.4382523661109998,,,,,,,,,-0.3543278617398221,-8.602030101505076,,,,,,,2.5697,0.0937474917730155
1989-09-30,,,,,,,,,,,,,,,,,,,,,,,,,,,,,,,,,,,,,,,,,,,,,,,,,,,,,,,,,,,,,-0.6053811659192825,,,,,,,,,,,,,,,,,,,,,,,,,,,,,,,,,,,0.6067636007188368,,,4.714344543582704,,,5.017054262691269,,,,,,,,,,-0.2603225106659917,,,,,,,,3.1926,-0.1190643632472099
1989-06-30,,,,,,,,,,,,,,,,,,,,,,,,,,,,,,,,,,,,,,,,,,,,,,,,,,,,,,,,,,,,,-0.6053811659192825,,,,,,,,,,,,,,,,,,,,,,,,,,,,,,,,,,,0.6884495997386048,,,4.988881262868909,,,5.299120067515271,,,,,,,,,,-0.2241666064068262,,,,,,,,3.1147,-0.0999775259254502
1989-03-31,,,,,,,,,,,,,,,,,,,,,,,,,,,,,,,,,,,,,,,,,,,,,,,,,,,,,,,,,,,,,-0.6053811659192825,,,,,,,,,,,,,,,,,,,,,,,,,,,,,,,,,,,0.557752001306976,,,4.549622512010981,,,4.847814779796868,,,,,,,,,,-0.2820160532214911,,,,,,,,3.0369,-0.102571701406039
1988-12-31,-0.2098655997700103,0.0,,0.0691085003455425,-0.4735871314746517,-0.0299423609551613,,-0.2073258999681427,,,-0.0103605172127759,,,,-0.3555325511847251,,-1.080198175116701,,-0.3419828679706219,,,-0.4522814997231046,1.1621310963927964,,-0.2312002049274543,,,,-0.4318230831062403,,-0.0737925190654884,,,,,-6.95030303030303,,,,,,,-0.6221751412429378,,-0.11011249330397,,,,-0.2063850676003359,,,,,-0.2098655997700103,-0.3420805998125585,-0.1485148514851485,-0.1519986839940779,,,,-0.6053811659192825,,,,,,,,,,,,,,,,,,,,,,,,,,,,,,,,,,,0.4270544028753472,,,-15.930816746739875,,,-16.194294260073697,1.3067223286535328,,,,,,,,,-0.3398655000361559,-8.142007100355018,,,,,,,3.8156,-0.1199979452406636
1988-09-30,,,,,,,,,,,,,,,,,,,,,,,,,,,,,,,,,,,,,,,,,,,,,,,,,,,,,,,,,,,,,-0.6053811659192825,,,,,,,,,,,,,,,,,,,,,,,,,,,,,,,,,,,0.5087404018951152,,,4.384900480439259,,,4.6785752969024665,,,,,,,,,,-0.3037095957769903,,,,,,,,4.179,-0.1428810720268007
1988-06-30,,,,,,,,,,,,,,,,,,,,,,,,,,,,,,,,,,,,,,,,,,,,,,,,,,,,,,,,,,,,,-0.6053811659192825,,,,,,,,,,,,,,,,,,,,,,,,,,,,,,,,,,,0.7537983989544192,,,5.208510638297873,,,5.524772711374473,,,,,,,,,,-0.1952418829994938,,,,,,,,4.5412,-0.0115828415396811
1988-03-31,,,,,,,,,,,,,,,,,,,,,,,,,,,,,,,,,,,,,,,,,,,,,,,,,,,,,,,,,,,,,-0.6053811659192825,,,,,,,,,,,,,,,,,,,,,,,,,,,,,,,,,,,0.4760660022872079,,,4.275085792724777,,,4.565748974972865,,,,,,,,,,-0.3181719574806566,,,,,,,,4.4378,-0.1034521609806661
1987-12-31,-0.2462806353465417,0.0084092502930518,,-0.1151808339092375,-0.5575139649005394,-0.0224567707163709,,-0.3347550175215036,,,0.0064735346399756,,,,-0.3785369220151829,,-1.1266316831457897,,-0.4484708019481028,,,-0.5539177917957124,1.0745510427500138,,-0.302136631439287,,,,-0.4631913266806516,,-0.1706330952669168,,,,,-5.89979797979798,,,,,,,-0.6221751412429378,,-0.0624962799833343,,,,-0.2915508451520564,,,,,-0.2462806353465417,-0.3655107778819119,-0.033003300330033,-0.0368481658167461,,,,-0.6053811659192825,,,,,,,,,,,,,,,,,,,,,,,,,,,,,,,,,,,0.4597288024832544,,,-14.99739190116678,,,-15.23527052367209,1.220941869442141,,,,,,,,,-0.3254031383324897,-7.841992099604981,,,,,,,3.3441,0.1897670524206811
1987-09-30,,,,,,,,,,,,,,,,,,,,,,,,,,,,,,,,,,,,,,,,,,,,,,,,,,,,,,,,,,,,,-0.6053811659192825,,,,,,,,,,,,,,,,,,,,,,,,,,,,,,,,,,,0.5904264009148832,,,4.659437199725463,,,4.960641101726468,,,,,,,,,,-0.2675536915178249,,,,,,,,4.8354,-0.1249948297969144
1987-06-30,,,,,,,,,,,,,,,,,,,,,,,,,,,,,,,,,,,,,,,,,,,,,,,,,,,,,,,,,,,,,-0.6053811659192825,,,,,,,,,,,,,,,,,,,,,,,,,,,,,,,,,,,0.6884495997386048,,,4.988881262868909,,,5.299120067515271,,,,,,,,,,-0.2241666064068262,,,,,,,,3.9287,0.1538676916028202
1987-03-31,,,,,,,,,,,,,,,,,,,,,,,,,,,,,,,,,,,,,,,,,,,,,,,,,,,,,,,,,,,,,-0.5,,,,,,,,,,,,,,,,,,,,,,,,,,,,,,,,,,,0.3126940042476719,,,3.726012354152368,,,4.001617365324861,,,,,,,,,,-0.3904837659989876,,,,,,,,5.4656,-0.1291349531615925
1986-12-31,-0.2711961860041685,0.0252277508791555,,-0.0230361667818475,-0.585489576042502,-0.0449135414327419,,-0.4197077625570776,,,-0.000260086101125,,,,-0.2405106970324361,,-1.1266316831457897,,-0.4985827708786821,-0.7692307692307693,,-0.5652107131371132,0.9869709891072308,,-0.3441730323351877,,,,-0.5651381182974886,,-0.219053383367631,,,,,-4.93010101010101,,,,,,,-0.6221751412429378,,-0.0446401999880959,,,,-0.3246708697555032,,,,,-0.2711961860041685,-0.2249297094657919,-0.0165016501650165,-0.020398091791413,,,,-0.5,,,,,,,,,,,,,,,,,,,,,,,,,,,,,,,,,,,0.3290312040516255,,,-15.326835964310227,,,-15.573749489460893,1.2095044748806223,,,,,,,,,-0.3832525851471545,-7.801990099504975,,,,,,,4.897,-0.0280171533591995
1986-09-30,,,,,,,,,,,,,,,,,,,,,,,,,,,,,,,,,,,,,,,,,,,,,,,,,,,,,,,,,,,,,-0.5,,,,,,,,,,,,,,,,,,,,,,,,,,,,,,,,,,,0.4924032020911615,,,4.329993136582018,,,4.622162135937666,,,,,,,,,,-0.3109407766288234,,,,,,,,4.5494,-0.0645140018463975
1986-06-30,,,,,,,,,,,,,,,,,,,,,,,,,,,,,,,,,,,,,,,,,,,,,,,,,,,,,,,,,,,,,-0.5,,,,,,,,,,,,,,,,,,,,,,,,,,,,,,,,,,,0.5904264009148832,,,4.659437199725463,,,4.960641101726468,,,,,,,,,,-0.2675536915178249,,,,,,,,6.0355,-0.1445779140087814
1986-03-31,,,,,,,,,,,,,,,,,,,,,,,,,,,,,,,,,,,,,,,,,,,,,,,,,,,,,,,,,,,,,-0.5,,,,,,,,,,,,,,,,,,,,,,,,,,,,,,,,,,,0.4107172030713936,,,4.055456417295813,,,4.340096331113664,,,,,,,,,,-0.347096680887989,,,,,,,,6.5691,-0.0701618182094959
1985-12-31,-0.2596967010852639,0.0336370011722074,,-0.5759041695461875,-0.6334477665715805,0.0224567707163709,,-0.7170423701815865,,,0.0502420694571296,,,,-0.3325281803542673,,-1.2349765352136637,,-0.5111107631113269,-0.7692307692307693,,-0.5990894771613159,0.9431809622858394,,-0.3494275824471753,,,,-0.5494539965102829,,-0.1900012105072025,,,,,-4.041212121212121,,,,,,,,,0.0029760133325397,,,,-0.3483280301865367,,,,,-0.2596967010852639,-0.3186504217432052,0.1155115511551155,0.1112025004112518,,,,-0.5,,,,,,,,,,,,,,,,,,,,,,,,,,,,,,,,,,,0.3126940042476719,,,-14.8875772134523,,,-15.12244420174249,1.158036199353787,,,,,,,,,-0.3904837659989876,-7.621981099054953,,,,,,,6.5941,-0.0736870839083423
1985-09-30,,,,,,,,,,,,,,,,,,,,,,,,,,,,,,,,,,,,,,,,,,,,,,,,,,,,,,,,,,,,,-0.5448430493273543,,,,,,,,,,,,,,,,,,,,,,,,,,,,,,,,,,,0.639438000326744,,,4.824159231297186,,,5.12988058462087,,,,,,,,,,-0.2458601489623255,,,,,,,,5.5459,0.1013902161957483
