,totalAssets,intangibleAssets,earningAssets,otherCurrentAssets,totalLiab,totalStockholderEquity,deferredLongTermLiab,otherCurrentLiab,commonStock,capitalStock,retainedEarnings,otherLiab,goodWill,otherAssets,cash,cashAndEquivalents,totalCurrentLiabilities,currentDeferredRevenue,netDebt,shortTermDebt,shortLongTermDebt,shortLongTermDebtTotal,otherStockholderEquity,propertyPlantEquipment,totalCurrentAssets,longTermInvestments,netTangibleAssets,shortTermInvestments,netReceivables,longTermDebt,inventory,accountsPayable,totalPermanentEquity,noncontrollingInterestInConsolidatedEntity,temporaryEquityRedeemableNoncontrollingInterests,accumulatedOtherComprehensiveIncome,additionalPaidInCapital,commonStockTotalEquity,preferredStockTotalEquity,retainedEarningsTotalEquity,treasuryStock,accumulatedAmortization,nonCurrrentAssetsOther,deferredLongTermAssetCharges,nonCurrentAssetsTotal,capitalLeaseObligations,longTermDebtTotal,nonCurrentLiabilitiesOther,nonCurrentLiabilitiesTotal,negativeGoodwill,warrants,preferredStockRedeemable,capitalSurpluse,liabilitiesAndStockholdersEquity,cashAndShortTermInvestments,propertyPlantAndEquipmentGross,propertyPlantAndEquipmentNet,accumulatedDepreciation,netWorkingCapital,netInvestedCapital,commonStockSharesOutstanding,investments,changeToLiabilities,totalCashflowsFromInvestingActivities,netBorrowings,totalCashFromFinancingActivities,changeToOperatingActivities,changeInCash,beginPeriodCashFlow,endPeriodCashFlow,totalCashFromOperatingActivities,issuanceOfCapitalStock,depreciation,otherCashflowsFromInvestingActivities,dividendsPaid,changeToInventory,changeToAccountReceivables,salePurchaseOfStock,otherCashflowsFromFinancingActivities,changeToNetincome,capitalExpenditures,changeReceivables,cashFlowsOtherOperating,exchangeRateChanges,cashAndCashEquivalentsChanges,changeInWorkingCapital,stockBasedCompensation,otherNonCashItems,freeCashFlow,researchDevelopment,effectOfAccountingCharges,incomeBeforeTax,minorityInterest,sellingGeneralAdministrative,sellingAndMarketingExpenses,grossProfit,reconciledDepreciation,ebit,ebitda,depreciationAndAmortization,nonOperatingIncomeNetOther,operatingIncome,otherOperatingExpenses,interestExpense,taxProvision,interestIncome,netInterestIncome,extraordinaryItems,nonRecurring,otherItems,incomeTaxExpense,totalRevenue,totalOperatingExpenses,costOfRevenue,totalOtherIncomeExpenseNet,discontinuedOperations,netIncomeFromContinuingOps,netIncomeApplicableToCommonShares,preferredStockAndOtherAdjustments,adjusted_close,10%DDret
2023-09-30,1.3837413884937677,0.8911874107361437,,0.397088746542398,1.153611087383877,1.5386080705868754,,1.1296503212252276,0.0165380464614496,0.4667651403249631,2.165789440862093,,0.7574014750356844,,1.5104949603910955,,1.2363047119614938,1.1610287040347649,-1.4869070067467116,-0.2191822697914148,-0.0521663512626863,-0.1181626956238966,-0.0347589520227314,,1.4502558003799624,0.5796822845392474,,-0.2512137683778346,0.6906115498332287,0.7227014313243086,2.5175737022461973,1.0698747579253765,,,,0.769078403529173,,,,,,,2.939959267234557,,1.3597827367060336,,,-0.0001375515818431,0.9145380048110467,,,,,1.3968223547766212,1.6458962685774512,,1.5166559066397738,,-0.0378888507807104,1.077354001489478,0.0445066858438605,-1.1379196521198591,,,,-0.0528084840078403,,2.6816544522007497,0.8053184076491753,1.6412307890137616,1.9443932330907128,0.0,1.4248261712071126,,-0.2511302234917895,3.681537368348186,,-0.6852380358466065,-1.1178583541953624,,0.5911825384071978,,,,,0.6744553717923136,1.0396021091208256,1.8805436275642988,1.8992467452020143,,,0.2226634276107596,-2.498974183621132,2.193644472576315,1.3409965464528448,1.0453750035035554,1.539092034972836,0.5112863290515001,0.7511263491093427,1.502433187210275,,0.5075453682135925,2.1708470862089047,1.6118997691487271,-0.7114834966610465,0.3032954110859627,-0.2799030666479115,,,,-1.3829177631410277,1.6021816763935075,1.513553816304527,2.630273971670276,-1.968441389189707,,2.590059970159931,2.958731058325127,,2.53,0.1596459596787412
2023-06-30,1.3172615527357094,0.8318608551957836,,0.6924973568914401,1.177185130198849,1.4182745190138366,,1.394006166134805,0.0165380464614496,0.4667651403249631,1.2416759537171067,,0.7308702944220464,,0.8917254441763415,,1.2507719106551036,0.985805744864214,-0.923375773182988,-0.074016288323655,0.0475349285630873,-0.0182209221092881,,,1.2729497230053008,0.7462150009774746,,-0.1558343217829946,0.7972592167374952,0.8286252590399559,2.8679481009746746,1.1019941517072958,,,,0.7621884383501064,,,,,,,2.9881703456447086,,1.3328509434672378,1.7023486956841165,,0.9999312242090784,0.980936908586425,,,,,1.3297541037424374,0.9716316059375314,,1.5415042787086282,,-0.6784352398114769,0.4442335448919469,-0.0050055419635532,-1.146242308106961,,,,-0.1769980266683473,,-0.0508284763695671,0.8103502011864337,0.9335602382729228,0.4444478092337509,0.0,1.4709905391542233,,-0.252779974911348,1.3401422230045823,,-0.1882717181573406,-1.608971168919518,,0.6045387415702895,,,,,-1.0224922877770233,1.4609276641362203,0.8985372421622013,0.2304223910710602,,,0.0611702237848297,-2.2489314412720125,2.197239885625825,1.2561797408904405,0.925308788009217,1.5826642032611151,0.3945428522141603,0.6582836740453866,1.5439341949344494,,0.3184510181868896,1.9659523390837603,1.4996316729349688,-0.4386243658933449,0.4135371398940318,-0.0439796803193601,,,,-1.006251184407272,1.4150136405398894,1.4441612186293995,2.319349278001585,-2.1569429519407364,,2.092752343541043,1.6280463124983766,,3.18,-0.1006093522320836
2023-03-31,1.3485213793986015,0.8518565093513162,,0.7268390458762635,1.2632791405766428,1.4165323387601876,,1.091939235608566,,0.4667651403249631,0.5514934237411492,,0.7818908877462266,,0.9030684032702364,,1.3299536148093314,,,,-0.0212759974705128,,,,1.3308655345642793,0.8374459673740687,,-0.0985845496669725,0.2306210115761279,0.817134838550528,3.144568419491882,1.3755528620844533,,,,,,,,,,,-0.1894212379037972,,1.3544881381933749,1.30373338884234,,1.155445667125172,1.1119605303315605,,,,,,,,,,-0.761779745146759,0.4146021577660465,0.0419760871453206,-1.0081664370920314,,,,0.1044466263144102,,-1.4319037492890565,1.1307230056509234,0.939313977054551,-0.884015379823333,4.913588614029143,1.2186538242334437,,-0.2061744973088185,-1.5930496430950998,,0.0366829783643793,-0.8797309899517483,,0.4579287268492752,,,,,-3.5462277799220114,0.7753387432531818,-2.2263810855605097,-1.1906792142109526,,,0.6240787106391935,-2.781073687809882,2.169582862168057,1.1785727038842628,1.127044859094608,1.3444965796853667,0.7065869807966005,0.9377945614325572,1.5923520372793196,,0.765793336978527,2.017852800991249,1.3494730942490667,-0.0201323801179493,-0.0682600452671592,-0.0295571940607845,,,,-0.4285466961388783,1.5959889014871935,1.3671504347476175,2.4716947007463133,-2.8211723510650124,,3.07689457046091,2.7583253634841585,,2.82,0.0141907536037046
2022-12-31,1.384373118176823,0.8466833217624536,,0.3973223634742676,1.492730699118964,1.345823049532087,,5.06359361065442,0.015147555113584,0.0,0.5514934237411492,,0.8060616430383666,,1.2199119454985734,,1.5872233898387005,,-1.2273489302935154,-0.3589200361401879,-0.1481394849411286,-0.084795765670332,,,1.4647539743336606,0.5637530681842865,,0.0,0.7851010313177667,0.8934401551987668,3.113984002678677,1.6187541157581289,,,,1.0370490083688535,,,,,,,3.196619354824976,,1.355521891614128,1.2255286620638506,,0.0,1.2655163118080863,,,,,1.3974596759204805,1.3534207397518367,,1.5947734945814864,,-1.213247426350005,0.0,0.043395114452913,-1.0232073816470346,,,,-4.651124042077425,,-1.244510830060776,1.408308372132302,1.3056528214401713,3.23818060443744,0.7793968146391054,1.368972985295794,,-6.352323410874265,-2.8473053796229086,,,-0.5212796594858734,,1.3646094415745385,,,,,2.640456420463356,1.241539209453648,3.6000664844205126,3.0566399160536264,,,0.7922260325857288,-2.71268592921867,2.580566230750488,1.614559651482509,1.3589659669261387,1.4863750906240538,0.8635556925422153,1.1287974480530034,1.872868108007536,,0.9329843873959024,2.290442303414997,1.5683958818658958,-1.219210578629225,0.4442959432404808,0.0,,,,-2.0838062485560247,1.835424400682473,1.654233690089597,2.733823410391345,-3.086923763107998,,4.09527553726625,3.955381124091142,,2.75,-0.0992721077899954
2022-09-30,1.4434571693406324,0.8382446053697137,,0.6923700356635711,1.32402441781514,1.5368224984303755,,4.046550595782188,0.0151480538130125,0.0,1.897418138838408,8.304399186289668,0.8673145030993417,0.7312142824096186,1.5453945937704725,,1.2957426736203237,,-1.546357168251871,-0.2477183966719282,-0.0717657481515136,-0.1976255490079102,-0.9805412361781022,7.261556593699511,1.670159325102334,0.5659252340508721,1.0404147989740296,0.9866368255661552,0.7661140569860643,0.5760033444932647,2.9926928383625984,1.3476925017159116,,,,4.077034977609697,,,,,,,2.740046175130632,,1.3625992114519505,0.4090442363634137,,1.9603033012379645,1.5855233225160714,,,,,1.457066682020681,1.829488652451408,,1.5858743085591516,,0.4867428775403282,1.0277003380983452,0.0442209628034403,0.2431398769205384,0.972891785836038,-0.0946610534686447,-0.0049948463537033,0.1410617480089916,,1.810091139447339,0.9884320223976906,1.6230603770896483,1.340858961935137,0.0,1.2138265131653938,,-0.1258671759413004,-0.0534454268350878,-2.0203022783085847,0.0993375054107393,-0.6153565510476332,0.5711931025738557,1.180136645686646,,,,,0.3182911696983592,0.5199257070914824,2.1144496574443385,1.018057793997331,,,0.2226645490913417,-2.498974183621132,2.193744037860763,1.3409815827822564,1.0453872406806146,1.3399241916551152,0.4641348388145945,0.8524055100322592,2.2245443171344097,,0.5075518833593687,2.1906761663396725,2.3117018966291503,-0.7114834966610465,0.3032954110859627,0.8338333722087593,,,,-1.3829238613587085,1.602186329283419,1.558957811371517,2.630265680345111,-3.541230425055962,,2.590059970159931,2.20010532008095,,2.6853,-0.0141110065851364
2022-06-30,1.3653105382837512,0.7238934950743274,,0.6140067401219097,1.2639585023735804,1.4458828727224824,,3.606576078559222,0.0151480538130125,0.0,1.1293170111129127,7.981364431289336,0.8493871908038302,0.672614008522312,1.126792092202316,,1.2390227107073626,,-1.161127256714973,-0.0828239550838623,0.0415166354966811,-0.1193494876201798,0.2490385218568526,7.105798464441176,1.4879215071384149,0.4754183229431399,0.8802466390243734,1.1949663148388567,0.7505116965839232,0.6221323626716957,3.0189481004215115,1.3358690049721087,,,,0.8519422036334999,,,,,,,2.891719951756286,,1.3217109146098212,0.5958256294179076,,2.035863136176066,1.500358411928185,,,,,1.3782283724876532,1.3901804959238917,,1.5485594612353304,,0.0779892553214141,0.5506060066828796,0.0450854716069447,-0.1597568912261484,-1.4726618923323864,-0.2674887660562727,0.1168988135585743,0.5141392024817807,,0.3799393024897205,0.8951065797118916,1.1429463942869242,0.0406186272369563,0.0,1.1371751396329648,0.1210231975309596,-0.1127990825091221,-3.1032866095466067,-2.161560645011789,-0.5957022222548293,0.5762261465531987,0.8524153670597185,1.074461338860021,,,,,-2.656846808215642,0.6719020729715917,1.1920397962387337,-0.386443064451982,,,0.4973222463639883,-2.238245853992136,2.139718808238359,1.0648875769226192,0.8104284753321165,1.2675728751764297,0.4583002864579859,0.9087542597686872,2.5365998728376984,,0.5013373650240367,1.734816994301044,0.073840884532263,0.5927330825130135,1.0543001759784634,1.6338362210949338,,,,0.4174265188527137,1.3143001766543,1.0181988234647732,2.2390935496148816,-1.2900982338164138,,2.4684117413903666,2.068903891883978,,2.3817,0.1115923454280284
2022-03-31,1.2324388196565377,0.5733168635183784,,0.6120747280953486,1.1884550713241526,1.2753808481514055,,3.233599068477905,0.0151480538130125,0.0,0.3987343443807047,7.294232353909641,0.7234138288527002,0.6197226759555884,0.9817824648826624,,1.2013604515343572,,-1.101087244664143,-0.4749101368026967,-0.2277620348019895,-0.288122811674026,-1.0230235740123157,6.55991669856223,1.2815001858464712,0.0728435823359471,0.6452118455499259,0.9849944865436762,0.5692101357577068,0.5489506554768936,2.6897412927845687,1.4053740067159988,,,,4.072747273133991,,,,,,,3.388925380777539,,1.215727513319079,0.2345512079331233,,1.8539938101788167,1.25099748404101,,,,,1.2441806017821848,1.204963981281733,,1.417785851118588,,-0.4776773348547361,-0.5008337122934667,0.0440668181240985,-0.2325550628723641,-2.102029744331328,0.6696213711663108,0.1383897391710937,-0.5900199915598336,,-1.93671758373572,1.33074356130407,1.0362309229708138,-0.5192683735244474,8.052863436123348,0.9396201413427562,0.1210231975309596,-0.1751354554444612,-4.263045658949986,1.834557895794527,-0.0057372178161889,-3.294205822053209,-1.3305515405096997,0.1862193763015276,,,,,-2.21409813801085,0.7935130822831358,-2.4802779597148064,-0.6883967901554935,,,0.5074125809882233,-2.704137459394768,1.804056577340814,0.762307193954677,0.8831288348395265,1.081180821943235,0.4954208089919864,0.7945124065694686,1.7927160846019736,,0.5408753027791688,1.7935265898986543,-0.1916871965253024,-0.0519389490579512,0.0757347066821458,1.1835341501327403,,,,-0.4725026491801019,1.3641699615112146,1.1367180646066295,2.2514482382822187,-1.589699396423663,,2.842862713126085,2.4874185009126952,,3.0649,-0.0959543924720104
2021-12-31,1.3936461616337894,0.7488697181319033,,0.4498861731449156,1.490870668629218,1.361790712283531,,0.4008467127379271,0.0125660521892765,-0.8665681930083703,5.361098496048082,8.408978315347968,0.9133016664573264,-1.0492576813130778,1.4186532050911955,,1.4994714429801062,1.2483684920356328,-1.4702612833161015,-0.5216113978492478,-0.2598773508997147,-0.2821085484378366,-0.9108303397076764,7.058886711877387,1.509258974985468,0.1807278203763639,0.620827398436846,1.6137141364209258,0.6448250885560428,0.5951912311358044,2.568991804284338,1.6861212405836823,,,,1.0746986137236685,,,,,,,3.5370097801967746,,1.3523064151499504,0.3892201742586311,,-0.0001375515818431,1.6267183645100187,,,,,1.4068147953989054,1.7625138009098305,,1.537323726678134,,-0.759147813399329,-0.0075264777797549,0.0458074608758202,0.2009560438215763,4.523290477554736,-0.6821134995019953,-0.0873311464032548,-3.758598343331149,,-0.6047745957598901,1.4622597438404468,1.5343737678597436,3.2320907055497283,,1.1270375014248262,-0.0243345889960628,4.77184730174544,-5.232157836401138,2.397137200118942,0.0895064672090856,-0.7700199424701499,0.8196272346899962,2.366119198757753,,,,,3.982488844354268,0.845144160652182,1.1806280187380442,2.6900028640687026,,,0.7087504945895943,-3.208497179004958,2.38613735584238,1.4857360510533233,1.3247373412386834,1.258024653113257,0.7993001760993083,0.9476483849803332,1.2347260694833473,,0.8516691632088657,2.2065911584794105,0.7376119698840832,0.4198584902187438,-0.1874844334595896,0.5468080901245141,,,,0.1788357848414032,1.759848174544954,1.6553783916439648,2.5835968818553217,-1.9985658477939063,,3.0186484317851514,2.6711099461356267,,2.6568,-0.064297599239363
2021-09-30,1.3437230398959512,0.6601055238544944,,0.5559400836210745,1.1788262588624558,1.4576851915490825,,0.281644505349132,0.011503998418008,-1.2230822255046776,1.581652799064423,8.587236213156526,0.8701667820472069,0.7424785778644029,1.5738415903684957,,1.0927615858625908,0.8800726177266804,-1.5884177133163055,-0.3248486807569136,-0.1247054234436177,-0.2453240921796555,-0.9264860756330116,6.484208152308375,1.4856435364732656,0.0257799885599264,0.9072540421245264,1.7573624352820814,0.4927319869338344,0.5311014586001126,2.146914380396124,1.1769297851269749,,,,3.816154676189596,,,,,,,3.2388379329156023,,1.2934729332706791,0.0238525466214431,,,1.6583478837329586,,,,,1.356449802421052,1.9512402289418955,,1.3996470923085926,,0.5804140595235125,0.5549294475090786,0.046024538233731,-0.7482589151815753,0.965529906448738,-0.5662061440422715,0.1823302715331987,0.5820014894734772,,2.264952437061732,0.9385291240273478,1.684757364170452,1.4369682153867451,0.0,0.9959534936737718,-0.3307059815440784,-0.1737981256999816,1.1051900920775422,-1.3356715972723394,0.1085816159585629,0.5802086443106323,0.0489835594438104,1.019608439869447,,,,,0.7708294136262852,1.545691385263578,1.136957061694922,1.1823644296805915,,,0.3417497123579545,-3.646606257479911,1.6467572564247592,0.9182184389830824,0.9212364683043708,1.1343012122946865,0.5448436705671593,0.7043038021889232,1.116883701871494,,0.4953651480625698,1.8118214165076525,1.0527555327121163,-0.9753602167558773,-0.5337251224567846,0.4397968031936014,,,,-1.747097224804295,1.3700920933209966,1.2423136251996725,2.2018799326737923,-1.88780030134003,,2.991096316394959,2.619402036975377,,2.5185,0.0217318622534269
2021-06-30,1.1898469280856545,0.5496783313791709,,0.5165452603999128,1.0710703497890164,1.2746071110571553,,0.1952187915714323,0.011503998418008,-1.2230822255046776,0.8419252917625636,8.371441524605222,0.7641541207847931,0.6217394109584347,1.0263393838263268,,0.971372877867488,0.6373437184724557,-1.1382889467591726,-0.4427293511994352,-0.2056594540713826,-0.2863065799744884,-0.9795282683549617,6.042922296841102,1.1840696560940132,0.2422725199296218,0.6133247225569631,0.8743377503743232,0.4977797422388749,0.5295954326136342,2.167361721227025,1.1234238013185374,,,,3.810910970837141,,0.5395749668781239,,,,,3.250211526721795,,1.1927748189683378,-0.0238525466214431,,6.87757909215956e-05,1.588640566976548,,,,,1.2012117279376004,1.2413650337258415,1.4104735484848632,1.2939311582623636,,0.0,-0.5043267361317068,0.0451795542999609,0.8843854797821766,-0.3650123160070156,0.3575163962744634,-2.360674370424393,-1.0826521012310002,,-2.092372176368212,1.4097067293340002,1.0858835916216287,-0.0687676041339431,1.0,0.895645731220791,-0.3368940524903118,-0.066925166551703,-1.6697182331870812,-4.07188994349394,0.0438728421237977,-2.363869405557682,-0.0489835594438104,0.957964425270562,,,,,-1.9283053644194323,1.204143450132755,-0.9157465330655749,-0.4659332704473801,,,0.5266538233357335,25.678919473414258,1.7195643706773331,0.7370614411715194,0.6563342174438591,1.039625883668302,0.5685314113613704,0.7070568243995602,1.0267086727424233,,0.4598011389858495,1.3515555331568323,0.6290206538213253,0.9062339402596064,0.4102707182997187,0.9990687703316994,,,,0.8502576824241038,1.0619524648216234,0.6969860939169792,1.8064138167667043,-0.9845467449799192,,2.3601367616113635,1.989654073124252,,3.139,-0.0930489890353082
2021-03-31,1.319037749239336,0.6892206638758971,,0.3818627630078003,1.2943193621653883,1.347879356500004,,0.1203329725889054,0.0105528906019637,,0.2307334360961666,9.801998411793594,0.9248067335381062,0.6321865818227036,1.4955619722665765,,1.133300406375842,0.5719941039303629,-1.34429675761814,0.8368451877760453,0.673117852085276,0.2285091055039003,0.2609042787754042,6.32412485055332,1.423190400557361,0.6238496571598208,0.5956994168239664,1.7629481562912392,0.4620424077430011,0.6927482478154605,2.1999178266718578,1.303023081829581,,,,0.8925706628553743,,0.4949694645881399,,,,,2.8832253499690865,,1.28227968740664,0.4567965589080585,,,2.112005863590978,,,,,1.331546021421428,1.8651812262120724,1.485159173763416,1.3612986466827528,,0.2312078930902013,0.1674937883491178,0.0492385785608402,-0.2771965863116137,-0.4465936872981738,-0.1368261164661688,-0.4506345381053696,-0.2060072523736583,,0.0694649268274072,1.3872682541216677,1.6246600213226727,0.2518199812577538,,0.843539838139747,-0.1777368677531887,0.4533703428647666,-5.923998234440376,3.2347877927793234,-0.4552504346932936,0.2394238437034327,-1.323365031063776,0.6370405482675515,,,,,-0.5591485362906111,1.4719469478827767,-1.2051214229397298,0.0050437911469838,,,0.2643481131946063,33.677551718242434,1.97172175064884,0.4417023895961679,0.8245615280835844,0.9904054713426532,0.4838993812816546,0.6246158555532744,0.9798663316167116,,0.4873651695395369,1.493299143161858,0.5192014054562295,0.1620191281171542,-0.7133783101440083,0.4527948463649102,,,,-0.1771029519962482,1.164827860769766,1.0293403221108377,1.8002908266757809,-2.314628088325569,,2.20199406421093,1.7436981517034225,,2.5002,0.2554938115685779
2020-12-31,1.2007326090581467,0.5455377633980284,,0.177956064448763,1.3048922015553832,1.1567384193360493,,0.1550249018826766,0.0083593758330755,,4.394197507133115,9.134738956534,0.7723960768905008,-1.0492484179122104,1.4726928845642733,,1.2170151137033476,1.0868569014915144,-1.3481794024037774,0.9453249650917848,0.7476275158012253,0.1662645420740025,-0.0347617881964999,5.773620817968142,1.3288720356456458,0.5659252340508721,0.3350388435127647,1.3765365090831196,0.6775046042795907,0.483689529396163,1.6068440338418637,1.1702422450720678,,,,0.6530511956933903,,0.3920969759004816,,,,,2.92604879578206,,1.1563714245606571,-0.5172325728249595,,0.0,1.8150481877767228,,,,,1.2121937584407767,1.794605620726109,1.3389555202875718,1.229420887129725,,-0.3746298960213325,-1.2276594763100488,0.048243457753854,-1.5790204194362545,3.1936269815535083,-0.0953144265284272,-2.333882761531008,-3.3866820570051,0.924140729435136,-1.9821853406580388,1.8332828800615315,1.5990017540378942,2.1010001410992967,,0.986977088795167,-0.1790982433613601,3.2517044780859417,-1.7760649871856364,-7.024040023025878,0.0895064672090856,-1.400692638634017,-1.9250276826845865,0.7059431455854549,,,,,0.4480388585591843,-0.1321316829338219,-3.563319380521573,2.0317470351601146,,,2.3386729899632903,28.318174046845616,1.0395168836836626,0.8424342491213095,1.119720287898277,1.1259001216991038,1.90909139640357,1.8830811789607684,1.108814061480682,,1.5547774904697629,1.5692672803981536,0.5492120709253698,2.211481287871537,4.098877303677854,3.2584135621226338,,,,2.6520696021396244,1.3771812142338755,1.103553297503875,1.8778515672979053,5.665275378294226,,5.551026195455673,5.673693830274092,,2.7793,-0.0807392259334999
2020-09-30,1.2275010679176808,0.6339699197486345,,0.1491102137861707,1.1998923332538645,1.2540839721493997,,0.0446547290891579,0.0083585837810419,,0.6682243110647105,9.242978777150892,0.8484472694408096,0.119635849545654,2.006565433513443,,1.0491493243051324,0.7290048516871867,-1.5297887143488806,2.696502058145531,1.7217739959604583,0.8928603174867361,-0.904246701177229,5.966105560341672,1.5351632577932852,0.4035268733120461,0.4647543606194323,1.0924129634022195,0.684462881380211,-0.2623182118563011,1.5319949804874118,0.8831863775160901,,,,3.561438150243008,,0.3920598298711858,,,,,1.1238990674790537,,1.1196671962923304,-0.2918193601654075,,0.0,1.9568998872667904,,,,,1.2391991458355829,2.352728046413428,1.3900736533300957,1.275530164825001,,0.8972838372980004,-0.3309010024319355,0.0463041204334776,-2.5956960202278694,0.8122532280691759,-0.6728466530010871,0.3131652504554471,0.1675606814813389,-0.924140729435136,2.0963339490660724,1.348052931072239,2.109013683900069,1.663658877808009,,0.9338310726091416,-0.1790982433613601,-0.1194594383182712,1.494186026138702,1.644066494758306,0.1071142968239877,-0.9005588429802983,2.0248239719369425,0.4547437860949995,,,,,1.6584850620970764,0.4437630106079304,1.6411121256290346,1.636830456257413,,,0.083278344327111,33.28421525047017,0.5058939759824522,0.6621206581974558,0.7335662341718177,1.0757262319871468,0.4780485174612164,0.6355238618094992,1.0610366667858764,,0.3615806627348998,1.3653181217550716,4.49807746147801,0.0,0.0,-1.3779278982520302,,,,-0.4007550854294995,1.0501382234202992,0.942479973440731,1.6399362909082644,-0.3121867246521732,,1.9004256882389523,1.4125198655870177,,2.0019,0.0
2020-06-30,1.1459981678592497,0.6063342746883728,,0.3250039060447307,1.1334420884903422,1.159227530337113,,0.2295400401841169,0.0083585837810419,,0.1764317036791393,8.749742274882212,0.7967040319044528,-0.0182784962745912,1.5134214672007789,,0.9948279810016626,0.7233734096533107,-1.1165068854232083,2.551025117497383,1.6149418377394538,0.8768773195144596,-0.9232250855766512,5.872669431450378,1.3797106514568471,0.4551085720905648,0.3009285684476176,-0.4527782797524249,1.0291999712295232,-0.2180176207829355,1.6538173329138517,0.7657453605003466,,,,3.558333393065805,,,,,,,0.9810138553813368,,1.064821873162554,-0.1853610155349418,,,1.827027712109504,,,,,1.1569748608504886,1.6255380203814995,,1.2531462454531317,,0.5693263159453118,-0.8851305270511629,0.048650471916886,0.0714926176588414,0.2459860805632951,0.3804021120981962,5.044219902632109,1.328565742807864,-0.924140729435136,1.7501113495703715,0.9418760117560028,1.5541645322339086,-0.0803151173253962,,0.898637866180326,-0.1777368677531887,-0.1840575173403614,0.1961196667011892,-3.140967350006824,0.0865718289399352,0.0246223482369522,-0.1455804911035036,0.1025509826867046,,,,,-0.6695618721821356,0.1520760879049649,0.4365356116673959,-0.171361018127603,,,-0.4112448734173249,34.1748589502479,0.4449793818167185,0.1530606657813161,0.3136189499706631,1.0424379023069068,-0.1416805009952119,0.0931013694340786,1.029398552872694,,-0.1561168538231124,0.9744105673124356,1.0154193739650286,-0.3463602830195625,-0.5978858086230808,-0.20472808271741,,,,-0.8788858426710555,0.6082058533403314,0.6875584898050751,1.142066167497277,-0.9185771632563866,,1.024194302029189,0.4226036729787872,,2.3385,0.015168564612684
2020-03-31,1.0351152614558508,0.5935748459807222,,0.4142362293416228,0.9580002434727368,1.0764658613433382,,0.4197956822077155,0.0083585837810419,,-0.1046873131432,8.548704511345692,0.7327010403014004,-0.1410805299197255,1.0187609787979297,,0.7840644314423392,0.3654518068033746,-1.0932318735227515,-0.5735749257240053,-0.5504671697611445,-0.1832666379836515,-0.9513116293204268,5.858734270819399,1.0951414816055156,0.4874231596324695,0.1718047697121677,-0.4527782797524249,0.865588570189012,-0.2500920697831085,1.6484422421258182,0.8989299145751689,,,,3.555925838214228,,0.3920598298711858,,,,,0.9602848750587474,,1.0159668994432245,0.0300780682865734,,,1.7690675013453376,,,,,1.04511052608998,1.0775857253184575,1.3615571593227846,1.2498078846316896,,0.3571445477934588,-1.8982581015085909,0.0482561079092921,0.0,-2.0085847827254013,-0.1070745719680171,0.2320596499637554,0.4586347127259344,-0.924140729435136,0.6257186948908949,0.7924285343550292,1.0897070100211197,-0.1784000937112309,,0.7159922489456286,-0.3307059815440784,-0.1624828931510842,-3.8765017065258687,6.002527724614842,0.0430364702170898,0.0148213177799504,-0.0775698406660749,0.6565447144866386,,,,,-0.7163389357212606,0.1420290939007516,-0.3816456700161785,-0.4792467991642066,,,-0.2681637639618546,37.15874508462985,0.3988308724750871,0.3275833161874608,0.5168545186217922,0.8700602183864332,0.1332588339647777,0.2986770782194901,0.865203146139778,,0.1901969608880563,0.9842721723552096,0.8587071451626485,0.3056905780402147,-0.604021237184399,-0.029097811165141,,,,0.0212334471059173,0.7175783453516329,0.7727720471355878,1.093335285730465,-2.662607341879364,,0.9758056979708108,0.2950719175575187,,2.0373,-0.078270303781773
2019-12-31,0.8632292271111422,0.3117904007835361,,0.3361147273244463,0.8600171558295286,0.8655016306940536,0.0,0.0446150133018986,0.0074118469188127,,3.4687096710293184,7.233625111452425,0.4765403670939361,-0.1449513346061861,0.8664578638260892,,0.7732075850835837,0.7572768968329093,-1.0045286408151557,-0.672050502575452,-0.5954105041595298,-0.2921000755168627,-1.0596755752498517,5.141342036876458,0.9048388896278752,-0.0444533744596737,0.0,-0.4861809798038252,0.8495815811593908,-0.2725028520367119,1.1455834084467895,0.7864276251692346,0.0,0.0,0.0,0.0458505575658392,0.0,0.3476593186317604,0.0,0.0,0.1876997790737018,0.0,1.2742397572571766,0.0,0.8518168259469534,-0.4703531177461477,0.0,-0.0002751031636863,1.284610986541086,0.0,0.0,0.0,0.0,0.871703122638267,0.9049634383191985,1.1710266813354089,1.077946703558714,0.0,,,0.0489056704973971,-1.8424013968092792,2.6768896187509927,-0.2449049575748979,-1.6126090095441707,-3.700213765166393,-0.924140729435136,-1.5931429822280432,1.149612289818126,0.9188154634908462,2.5140816432477333,,0.844351989057335,-0.3307059815440784,3.754517777928277,-0.5122698408307143,-0.1406217140001083,-0.1115162542277132,-1.6984977715712188,1.3889844047166222,1.3321435938857926,0.0,0.0,0.0,0.0,1.705091578132727,0.0,3.746591819055544,2.2649977545681046,0.0,0.0,0.5782101548303009,27.08898957086681,0.4354874913660126,0.361216206335414,0.9634213872850416,0.991194880687876,0.8696433638643221,0.9585102723181632,0.9805964419377852,0.0,0.9025493492701934,1.0967489222211404,0.4004568434421398,-0.7892373049822928,-0.5941620880055638,-0.1981008612539016,0.0,0.0,0.0,-1.4902463943182662,1.07808901938475,0.7396566206170736,1.3194154631630777,-3.5551950503217897,0.0,3.398936907266992,3.136278045013708,0.0,4.1278,-0.1073004054364178
2019-09-30,0.8737688526071399,0.3158695142312648,,0.1912418593641842,0.7070753294134883,0.9694228918858468,0.0,0.0069417522445314,0.007410644173132,,1.2293752278965142,6.8703594184915895,0.493191987524444,-0.1429544232811961,1.2304855459045962,,0.6071144468644284,0.4927298954567009,-1.2119899729295345,0.1551559748662409,0.0121154097942131,-0.0198222167143671,-1.0401981660758706,4.858928896370728,0.980785487025952,-0.0257799885599264,0.2235048088107176,-0.4865081213587739,0.5355280968259947,-0.1945091129214101,1.1456435001647174,0.5459375072276299,0.0,0.0,0.0,3.284933651041261,0.0,0.3476029116983852,0.0,0.0,0.1876997790737018,0.0,1.0394078150199308,0.0,0.8392238314903865,-0.9131977910680644,0.0,-6.87757909215956e-05,1.159448831151272,0.0,0.0,0.0,0.0,0.8823360347162149,1.3081710150058856,1.0960211478266364,1.0102906533981704,0.0,,,0.0433488340597987,-1.577416052017054,-0.1039271794297098,-0.0944012992269178,-1.1350064181643609,-0.0007842369839379,0.0,0.3835435916942719,1.055463879533295,1.3272522781876044,0.4898724648715996,,0.8320984839849538,-0.2450940200029393,-0.1021370484129062,0.791802813683129,-0.1406212884967247,-0.1007167853972399,-0.0520918082650838,-0.3842838426102024,0.9415260213775262,0.0,0.0,0.0,0.0,-0.0844810186683446,-0.1321316829338219,-0.8155899752137812,0.1597235737766156,0.0,0.0,0.2310808870333255,26.91188664729013,0.3078945793459464,0.1040179155946953,0.475800031040768,0.9796469112714732,0.3319583869853646,0.4911308206497711,0.969580742356677,0.0,0.2231012392629244,0.8510319616173924,0.8201921714053159,0.2208200499186429,0.6979308580209024,1.163036414106972,0.0,0.0,0.0,-0.0959255109723273,0.6461293433489034,0.6309561557389761,0.9663683809697978,-0.7548641525310503,0.0,2.098137895920676,1.623042900222211,0.0,3.9869,-0.0779323635787639
2019-06-30,0.8200022097705253,0.2337776312652782,,0.4734254152000912,0.7216744383265948,0.8735665315242456,0.0,-0.0069417522445314,0.0054814694366408,,0.7354142562521597,6.58922577900278,0.4471465216610183,-0.2005118234988485,1.1389579123040112,,0.6489778547363301,0.4691921667331405,-1.0501483514217105,0.8391072025620574,0.4692787985184044,0.2043950717017956,-1.0600525736480233,4.806943466966838,0.8902823385570829,-0.4528929629066475,0.0681087787220689,-0.4868021066750454,0.3358585398072912,-0.211474216765388,1.2076493660696204,0.5534271781269705,0.0,0.0,0.0,3.286505427382428,0.0,-79.26426097974716,0.0,0.0,0.1876997790737018,0.0,1.0483084361234574,0.0,0.7987961550395195,-0.8816118835920158,0.0,-6.87757909215956e-05,1.061354763278146,0.0,0.0,0.0,0.0,0.8280935015042664,1.206748312344018,-0.558461867013535,0.9978368234493452,0.0,,,0.0470003427679973,-0.821357905718891,-0.6418142818975489,0.3351541763896496,0.1629978488489209,0.4057876997890677,0.0,0.660441352868447,0.8980913846208608,1.219595762578736,0.3440809510625043,,0.6236464151373532,-0.2450940200029393,-0.1811188976242727,-0.4260618409116198,-0.140621383460139,0.0880391480745104,-0.0561684956763408,0.203123283039601,0.1936813842687226,0.0,0.0,0.0,0.0,-0.8268037299112472,0.6806028196402528,0.0810978609071587,0.2667132200007934,0.0,0.0,0.2884984498769363,27.63621986664387,0.515139718924384,0.1087505165016978,0.5566562030325771,0.782899743969768,0.340228007870816,0.4614158722944074,0.7821857599478276,0.0,0.3495931047518288,0.8022851855846149,0.675590863481995,0.4300336472268647,-0.5820300538006857,-0.0991091889043005,0.0,0.0,0.0,0.1928820128988789,0.6668990684331721,0.6253198821200732,0.8839369474427062,-0.4807614054294743,0.0,2.107415386003525,1.644821014898305,0.0,4.0646,-0.004255871285844
2019-03-31,0.7936185447999412,0.2271548504733237,,0.4758059717358418,0.7464485695359643,0.8151065348886211,0.0,-0.0595178896639495,0.0054183399560372,,0.1945267786199504,6.519617981549208,0.4404361275251646,-0.2510015267566845,0.97414296441033,,0.6810518439096092,0.4420282609963546,-0.8952176846823561,0.8822700428103318,0.4944528390821055,0.24390135775047,-1.052881336636228,4.811264889730817,0.8264739528804609,-0.3925646762386776,-0.0587722476364434,-0.4870960919913168,0.3912078004490001,-0.1920771598469487,1.160930606444326,0.6294067592656237,0.0,0.0,0.0,3.283044324507909,0.0,0.2541668902307318,0.0,0.0,0.1876997790737018,0.0,1.0382691180939798,0.0,0.7857958733503828,-0.7643730135268219,0.0,-6.87757909215956e-05,1.059757108960184,0.0,0.0,0.0,0.0,0.8014763138221436,1.0241427519294115,1.0833621738517594,0.9988720801521692,0.0,,,0.0469024854623429,-0.3086973378579755,-0.994062197470718,0.6263648846443375,1.1786822839548832,0.3623127978736623,0.2962324659216415,0.6534265426533492,0.7423233326682114,1.0396471234569902,0.0,,0.5343069645503249,5.925309983678963,-0.159152973020169,-2.192354232696592,-0.1406206342607885,0.0890222518946758,-0.0881717521388084,0.5718574870039305,-0.1656456864291498,0.0,0.0,0.0,0.0,-0.8681945798384918,-0.0174014933373222,-2.091454689670638,0.0141131757195964,0.0,0.0,0.4385966633347596,29.31460506069413,0.3882548267048367,0.0699027871536888,0.6184793082878473,0.6985768397718766,0.4441049437841641,0.5354896596672991,0.701871062839149,0.0,0.5070592142406773,0.8112105131916492,0.703773664009655,0.8251875630425339,-0.6375156686160852,-0.0679886685552408,0.0,0.0,0.0,0.7383696171610594,0.7217359240539416,0.5879643231543108,0.9288943550013198,-0.2641098782916694,0.0,2.214697039517145,1.7781165652429565,0.0,3.7022,-0.0142877885871932
2018-12-31,0.7536219685713834,0.226341082383104,,0.5900563322666438,0.7531596332886694,0.7508104202358328,0.0,0.1051343081731712,0.0028179451239656,,0.3693645234936086,1.0337985579222553,0.4332442656343582,-0.854077830526004,0.8153853435804568,,0.76363617029571,0.7155269566956217,-1.0246802952547185,0.031678814636044,-0.5010090193228836,-0.4617440140655258,-1.0498964480962265,0.1229317230432976,0.7789958380562847,-2.671242873196197,-0.846018327740519,-0.4875072293509145,0.5787281325603507,-0.5394693820370982,0.9820885834434844,0.6947709391909396,0.0,0.0,0.0,-0.1862815462261383,0.0,0.1322123487159168,0.0,0.0,0.1876997790737018,0.0,1.080652362876586,0.0,0.7487260564425258,-4.227531534305091,0.0,-6.87757909215956e-05,0.7466778502766988,0.0,0.0,0.0,0.0,0.7611257265438105,0.8482333826439707,0.981096490917956,0.9066269903487292,0.0,,,0.0458074608758202,0.074903746655909,0.5211135070873003,0.6545518415294056,-0.5198544746442072,-4.003430320900533,0.0763230015527547,-0.3995108275508252,0.8269700203869458,0.8615270985375513,2.231650103029109,,0.6985922717428473,-0.4198938080615094,2.457916271618964,-0.4652794146453062,-0.4817793319847021,6.911073123849072,-4.794571390413616,0.20082309226998,0.6632032954635615,0.0,0.0,0.0,0.0,1.4933039240338162,-0.0872567717487503,1.5696199025159698,2.192046912284124,0.0,0.0,0.8908789411266151,6.421931291460079,0.2048279157282287,0.2610956467621507,1.050234404248821,0.8536386212577858,0.9968727817349556,1.0428096067614132,0.8495608527346046,0.0,1.17519268775004,1.0046385343441295,0.3969484654354598,,,,0.0,0.0,0.0,1.745467906968254,1.0959250973796788,0.6584617551917399,1.2185376736616802,-2.5476661278961927,0.0,0.7189028541977501,0.0816006016374203,0.0,3.3829,0.119916612215688
2018-09-30,0.776141807874107,0.2101906475555909,,0.2593026482103986,0.7158765921865866,0.811604055706685,0.0,0.8053304459748213,0.0028180037944866,,0.9686937136878774,0.619087101639851,0.4628689016530855,-0.8450345572568004,0.9046534971110712,,0.80198473031109,0.4788176561855298,-0.8439653433304541,1.7381646371558697,-0.216799487507304,0.2230135005831925,-1.0188206197431078,0.0416467154569391,0.8267969216722098,-2.6538215235571387,-0.8242553567626755,-0.4879404708696304,0.4860764345944596,-0.4924090438254956,0.96714700454196,0.5137843130201244,0.0,0.0,0.0,2.958463260315133,0.0,0.1322151002736424,0.0,0.0,0.1876997790737018,0.0,0.7865032574893901,0.0,0.7621711231240823,-4.227531534305091,0.0,-6.87757909215956e-05,0.3826122616844935,0.0,0.0,0.0,0.0,0.7838448897063258,0.9470680353206548,0.9486179917002228,0.8773309255196305,0.0,,,0.0436952176795638,0.0722642455792778,0.0,0.7033269478392407,0.4263457564832282,-0.5553610794045993,0.0737245130509115,0.7659953215773936,0.6454980999171128,0.9583203194103096,1.057303619063846,,0.5663541547931152,-0.4046422716408443,1.1222486516945045,-1.25281422570949,0.2182747158548862,24.02096799043308,-0.34372022249522,-0.1302897834326528,0.2395024077203169,0.0,0.0,0.0,0.0,0.3180250567834554,-0.1958540568166236,1.5764369557717746,1.0414902986056636,0.0,0.0,0.2041593718325658,5.439372035604377,0.2654106256124692,-0.0221659573093279,0.4696122758582016,0.7288245314119992,0.2650510925655934,0.3862382550714068,0.7306809599296469,0.0,0.2939270787503666,0.6523861335619802,0.5257796142187544,,,,0.0,0.0,0.0,-0.8271770222186579,0.5470993393466117,0.515286037293474,0.7025755716556401,-0.3895946527863103,0.0,0.5798576712339804,-0.0706413120520649,0.0,3.9143,-0.092654670278098
2018-06-30,0.7075050685396455,0.0641607342404206,,0.5810025080720395,0.7901601054416822,0.6560393684850447,0.0,0.756728535000481,0.0028180037944866,,0.0,0.6816522892757033,0.3519830833038059,-0.8720425326968952,0.7168447006467834,,0.8960657096764326,0.993813401495318,-0.6990109870156697,1.7036799619642495,-0.2063816045974642,0.1837314275824983,-1.0383323324388185,0.0124296714621183,0.8382799147821436,-2.670300109549565,-0.8727503332859892,-0.4883715019724344,0.840121388446387,-0.5027285546570995,0.8492864537262539,0.4350843369902636,0.0,0.0,0.0,2.9565350411665,0.0,-79.26426097974716,0.0,0.0,0.1876997790737018,,0.4611741870201761,,0.6657884647451059,,,,0.3866671633432411,,,,,0.7146006442691895,0.7389753586519592,,0.8143826606456582,,,,0.0400604002800707,0.0763404015971343,0.0498766482421675,0.7155921534623504,0.3703278215294493,0.5119387725351663,0.0757046935689002,1.3092103977468674,0.3399921248955307,0.7508094366192589,0.3312096336210339,,0.3586486948592272,-0.5633579978496452,-0.1624555691431978,-0.2814161230145817,-0.768325979016789,21.189247485381834,0.03023525563592,-0.2004738582562021,0.1004746067949655,,,,,-0.5437992609779236,0.0044376301060793,0.3605464602750258,0.2859266850057791,0.0,0.0,0.1478303928073372,6.21510449307574,0.1704225785467655,0.1657872676167464,0.5457456069067106,0.5327820497949564,0.1959475760516268,0.289711106854804,0.5439571666580649,,0.3812545415086378,0.7067876459677014,0.3709864681860282,,,,0.0,0.0,0.0,-0.1822640768931991,0.596486663832918,0.6333027939254302,0.7076486343118443,-0.2706418153553522,0.0,0.4990918231524776,-0.1768530583581875,,3.9143,-0.0063133628480862
2018-03-31,0.5845780846317208,0.0,,0.6930335077500807,0.5905912067819993,0.5762026343045867,0.0,0.4574795341416852,0.0028180037944866,,0.0362783738038413,0.8839255757260243,0.2512286825194602,-0.8714441703978814,0.4053539603916748,,0.6599497048412225,0.4295318971353926,-0.4729574941926793,1.3642482423588895,-0.1848916482283786,0.0802584310758224,-1.08909524829262,0.2214745506864715,0.5720098019053793,-2.578901415672901,-0.8592214755653899,-0.4888014278672825,0.6110848941420484,-0.465444425423894,0.7902817722997403,0.4206751076891054,0.0,0.0,0.0,2.9538622299387898,0.0,0.1322151002736424,0.0,0.0,-0.1388263746193499,,0.4406782368176458,,0.5942804496563051,,,,0.3053690907187062,,,,,0.5905856294665633,0.3938761036601089,0.8416200264355812,0.7808172502429385,,,,-0.0006908120564049,0.0716072617035897,-0.6298874821182673,0.2324597709206836,1.2205171905790464,0.731452147315073,0.0,-1.2332587210747006,0.6150082965673956,0.4014704656370521,-0.4285724744557028,,0.2815385272996694,-0.3361267106535376,0.3804776230335271,-1.4810993691018035,0.4617100008207951,-0.0175931564235563,2.305660953012064,-0.4450940628460336,-0.2410363162835859,,,,,-1.5350095892737945,-0.3052740485895566,-2.138292212633721,-0.4342502323200071,0.0,0.0,0.3772752265847734,5.872584499700804,0.1410591167416534,0.115667813314606,0.5558827779723544,0.4600017357334321,0.3435214671836897,0.4037551275352244,0.4746363939103922,,0.4156718849287565,0.7054928932485541,0.5947718677201156,,,,0.0,0.0,0.0,0.7127611683813085,0.6109631337453985,0.6013206219457402,0.7302240702180703,0.3996959888403495,0.0,0.6320050569893755,-0.0184797569798167,,5.9602,-0.1031011873117135
2017-12-31,0.648944791795058,0.0124609614662648,,27.40250521986641,2.812844320889744,0.5108123143071567,1.11050488277389,10.199979640057212,-1.1734104201397477e-06,,1.2284331944983489,0.475653628535116,0.2636300030948126,0.1620875146028113,0.68583496628767,,0.9659725241986192,-2.9785367270872527,-0.901416528251557,-0.1526478616186916,-0.0121154097942131,-0.4267339152024132,-1.0978504741732271,0.268590587550671,0.7454084017302168,-0.8191925335418613,-0.5376581059506642,-0.4891650412847761,0.8049195763372087,-0.4542640127699848,0.6751672996127304,0.4973620706068516,,,,2.9567273192645205,,0.0,,,-0.8879565312580857,,1.2260584020766243,,0.6197469264592009,,,,0.3985604178912236,,,,,0.6555220485333211,0.7029920174754593,0.8834463421964915,0.8185451775673928,,,,0.0416922816838021,0.3520363154987618,-0.1191725351906868,-0.9058803860198672,-3.380964003875895,-2.161951370209641,-0.000493227548987,0.9812130522707272,-2.400873955015108,-2.4689439904390724,2.2698534031553,,0.4600763706827767,1.4233646088752407,2.3680563739848832,0.2335706830594843,-0.7526639826571593,0.1984108933772551,-1.0329841897965997,6.00232450023245,0.4707712298907096,,,,,1.635622875208926,0.8974982237014323,0.9266957356996584,2.303577526929825,0.0,0.0,1.051774021975412,0.8352496153188579,1.3766559996338528,0.1655322050498987,1.0630036324845555,0.6286018202489125,0.8620410566151839,0.8839639550436837,0.6351389794930367,,1.1953586151523956,0.8370224578648292,0.6432366015043924,,,,0.0,0.0,0.0,2.954134651248292,0.9861833653189545,0.6941843381814954,0.8922279655210874,0.2962617215200497,0.0,7.793417944644417,0.0972127961536917,,5.3652,0.0407949584148245
2017-09-30,0.5938090799307397,-0.0028626805788723,,0.4109095242318004,0.6508188301606301,0.5376955261360935,,1.5914443137228451,0.0,,-0.0482682065929131,0.6152165428832782,0.2359929632180528,0.1894368719577944,0.4505869010065687,,0.693048034582873,0.5461973502463155,-0.624455626042503,0.3482980724742111,0.3339199311626342,-0.2213878916579229,-1.1190361391696857,0.3141807035436057,0.6088068264077728,-0.8315593978756218,-0.4460333734414891,-0.4936742897448798,0.784742083733771,-0.4218442933677265,0.6905853604851815,0.267809087184897,,,,3.002934853743654,,5.503115451234831e-05,,,-0.9471767211352824,,-0.056242443664045,,0.5937274496522371,,,,0.4913503355252192,,,,,0.5998983286173721,0.4434116391815242,0.857281817174861,0.7949444066044983,,,,0.0101466341456187,0.065117262626794,0.2291759338431878,0.475849833566457,-1.804112918522396,-1.0997874856661145,,-0.2243629538053613,0.4290435231801718,0.4522367907440742,0.826563340272934,,0.3507494585660549,0.8282578259759749,1.1796136018364676,0.8722165054109401,-0.2611655197573286,-0.0668217133885534,0.244577742366867,2.367134947804404,0.0209034853504818,,,,,0.3739661081601264,-0.1318574473654687,0.2264884251140039,0.8640602641842012,0.0,0.0,0.2714115717276872,0.75606941357497,0.0202643010875065,0.0311591233329535,0.5028035791018958,0.5253263676656286,0.2720877415512133,0.3541914031537011,0.5368558831141507,,0.3699423869710272,0.670058154628088,0.7754182512840664,,,,0.0,0.0,0.0,5.139965567481055,0.580174739633357,0.511765487926782,0.736787728887181,0.1833516715279141,0.0,0.5087345039491366,-0.6822285351299144,,5.4274,-0.0542109613794959
2017-06-30,0.6096899295312774,0.1160907322069176,,0.6472609422888803,0.6635688065599881,0.5517052105731368,,1.644376001999632,0.0,,-0.0483091087439628,0.0943162546991277,0.2455981829681917,0.1400949967014405,0.4992592931621581,,0.8258860626571438,0.7132402191935252,-0.5054295662430246,1.6270320135655514,1.922471287509744,0.2066538988979372,-1.1100729650283752,0.2556891993923992,0.6534135339465585,-0.5215334042907517,-0.4571889640932072,-0.4926243421867675,0.767309143362148,-0.4378500028795775,0.7729441778715985,0.2519027507355606,,,,3.0015399635416515,,,,,-0.884334136098561,,-0.0195390108255791,,0.5993673295508986,,,,-0.0016586419550302,,,,,0.6159197401551687,0.4974506404821577,,0.8058150856843871,,,,-0.042372351466984,0.0941352555919432,-0.9720039705618556,0.436821189110487,0.2066869479680224,0.3304809713678303,,0.7247653654161925,0.2569839221110812,0.5032986666700614,0.1146395179196106,,0.2862404536646529,-0.0777067009073259,-0.1437009887867285,-0.1422431998665059,0.5989112788533884,20.007468654394987,-0.3575727346814696,0.6827082540890073,0.04495492504648,,,,,-1.203579185894911,-0.116375603006619,1.3061643157949758,0.0656162488614319,0.0,0.0,0.0512234386751067,0.4726021542143956,-0.0009956528444796,-0.0507445276326282,0.3856783651607962,0.4644396417627939,0.1486577296483097,0.2359881112755187,0.4788633484008173,,0.1915747590971926,0.5733396609554705,0.8079338986499761,,,,0.0,0.0,0.0,-0.0991230097761492,0.4589392616597512,0.4616386121363398,0.6035329287906519,-0.2060382734378316,0.0,-3.8223806961178894,-0.1893522815021571,,4.5215,0.1438967681934433
2017-03-31,0.5609061660937943,0.0902945038825965,,0.5115785644283662,0.56774527986711,0.5302307715596786,,1.5850633105698553,0.0,,0.0433867274537438,0.0244476217290945,0.1972232723656126,0.1450702766733238,0.3208698254374998,,0.7152000939042777,0.251893237524013,-0.334956898772848,1.5128541612934814,2.023317108202748,0.2568365424227783,-1.1294659980327448,0.331016138229571,0.5575567699933095,-0.4796106030656501,-0.4552632794283329,-0.491372141572724,0.7909576924851255,-0.3683747929737194,0.729398374333487,0.3183801872312522,,,,2.998779898843703,,5.503115451234831e-05,,,-0.95225603566666,,-0.028924120571575,,0.5675301440264897,,,,-0.0520572728156382,,,,,0.5667041899765454,0.2999891555425998,0.8708867266925423,0.8072162270649215,,,,0.0102152152623856,0.3487824578266962,-2.1571161816147875,0.4985111126111539,0.0,-0.2383825610212055,,-0.3539331347878665,0.3312236229047833,0.3065525179872446,-0.0318302043011325,,0.222372620540294,-0.2155150408799437,0.3971287703300592,-0.5456471758813571,0.907317698228972,-0.6012340153921777,-0.5455049731262781,0.0589975064452051,-0.1518343449582697,,,,,-1.0651115208004125,-0.0286700821460179,-0.1611865854032776,-0.0261618915194925,0.0,0.0,0.1570358792522759,0.3898957086681484,0.0954692792738688,0.0,0.4741584758109075,0.4041580848639632,0.2727081597290166,0.3320215602509426,0.421447216572542,,0.3346169563277287,0.670915633023656,0.9391612696118332,,,,0.0,0.0,0.0,0.1408499869094135,0.5668255984766305,0.4975372423306635,0.7493840943287573,-0.3576507961872039,0.0,1.8447277174280825,-0.0794245650823787,,4.7019,-0.0451314377682403
2016-12-31,0.6056231013431697,0.1172455270959917,,0.8111747582811699,0.7782126871318314,0.4833137411835608,1.132012809868343,2.138696089525815,-1.1734104201397477e-06,,1.4191692791463593,0.0118777021984754,0.2110692322483549,0.1125249851377954,0.3963967608608552,,0.9704384855344724,0.6576023108999404,-0.3731233774633724,1.636879571250696,1.189519352721334,0.3263409971332003,-1.1269581255588592,0.3276604158669942,0.6997611207062997,-0.4977119852871965,-0.5839909731588067,-0.189764206029363,1.0642473462724598,-0.3589833264795206,0.6831039416031821,0.4087977639907116,,,,-0.7407562281313608,,0.0,,,-0.9241964054694186,,-0.0457688692501207,,0.5775585588590658,,,,0.0073302704291502,,,,,0.6118169163331371,0.4189664718514697,0.908841356161476,0.8414518386931581,,,,0.0383102666007067,0.0005795777301861,-0.4788864929126997,-2.515103484437958,3.146301799291576,-1.7758874242305405,-0.000493227548987,0.3837945867642268,-1.896571330750194,-2.0482657360565724,1.9476877685545573,,0.3495098597971047,0.9368275307276398,2.898967002691576,-0.2479928574721787,-1.473473397090473,20.319435375597017,-0.6913516823049894,-2.0303875575842105,0.6830321201595361,,,,,1.308715656264859,-0.01745135434975,-0.3400992460183974,1.8698965834531456,0.0,0.0,1.1797349563958188,0.8298213369806805,0.1459184557631831,0.0890814516800971,0.8024759063971362,0.5241967188581547,0.6347874123325181,0.6677846752666438,0.5357415042030386,,1.195792958204139,0.7220655211414988,0.6453416283084005,,,,0.0,0.0,0.0,0.5307029450076909,0.7812678779449165,0.5812930814403898,0.7753202807016599,3.6272513620319113,0.0,10.540214809825954,0.613520170212364,,3.9921,0.1291234933389723
2016-09-30,0.5375401399903257,0.0245344842024701,,0.3148999737413727,0.4814303191714484,0.5438627745468009,,1.5720747351537014,0.0,,0.7100831689299191,0.0832034163294226,0.1604708600035577,0.115371350322328,0.3272896365596841,,0.6089536157070468,0.2273281523559464,-0.4093801665946858,0.9522839368743256,1.6534924666797794,0.0728053349348046,-1.122003429251454,0.2605684670119066,0.4858123914314562,0.0777526771944305,,-0.1988523310507925,0.5696873269657992,-0.3707626808433913,0.662924745890959,0.2164321706094036,,,,2.8252322124343463,,5.503115451234831e-05,,,-0.932699082459248,,-0.0513003622785605,,0.5613868804162208,,,,-0.0697683043934788,,,,,0.5431313503852748,0.3413500763808138,0.8466278619043746,0.7853343885369125,,,,0.1056779655486801,,,0.3665964020050065,,-0.4008050326818647,5.193686090833975,0.725529394409135,0.0647843095153674,0.2837223640380008,0.8201093785773996,,0.2507751054371366,0.3605015431501922,0.9269845892228707,0.4775322566010201,0.159563192737574,22.284924029551807,-0.9451755533660432,,0.2000502383770307,,,,,0.7055913179546162,-0.1687047355496553,0.4467215673236701,0.7925259825370813,0.0,0.0,0.0734769778662034,0.5578731407078134,-0.0444863222318195,0.0181890217670394,0.3941140365640284,0.4309657269213261,0.2110016007856194,0.2836559196838983,0.4469805834853103,,0.221975670268836,0.6005515386858827,0.9297974087120042,,,,0.0,0.0,0.0,-2.129396523935629,0.4827393474736678,0.4579072797937745,0.6548992236153055,-0.5320952724628283,0.0,0.0,0.1364457070259828,,4.8476,-0.0817732709308371
2016-06-30,0.5022340199515742,0.0356206985839499,,0.5661946988454882,0.5079712744969035,0.4711418710815568,,1.6577484966926257,0.0,,0.1485989821050337,0.0714270732905263,0.1599012893734802,0.1037815389610626,0.1455730955296373,,0.6098669362506608,0.4683439456066203,-0.3173531523815481,0.2502621810474023,1.318672987111025,-0.0938899105029501,-1.1224064353630825,0.2751673303381142,0.4073108203779934,-0.0299722686824365,,-0.2106603728517111,0.517306104276337,-0.3186831866561635,0.6992465045087616,0.1594010541176068,,,,2.823243979212694,,,,,-0.9506279481718848,,-0.662748807658705,,0.5415629356509123,,,,0.0700359846769019,,,,,0.5075127346832199,0.1386739295261092,,0.7796849770929933,,,,0.0176743349062954,,,0.0944012992269178,,0.0849053243112078,-7.314564551478427,-0.2572111806004906,0.1169394799359864,0.0867767349354655,0.0005763773154927,,0.3025347657585774,0.1388139015013807,-0.1419470968088103,1.1237990074699138,0.3188579254470742,0.0351422932730754,-1.0288318853393152,,0.456135913424691,,,,,-1.1565507118118712,0.0371713847649676,0.4999579814828397,-0.2086774413886363,0.0,0.0,0.0713398097035348,0.7045648828859634,0.0896391787289714,0.0096073566845947,0.4322922554849533,0.4798190033845458,0.2383320409843409,0.3164575593644068,0.4935116670530908,,0.2721621484275228,0.548996620053021,0.703577194841281,,,,0.0,0.0,0.0,-0.086674514750971,0.4710424253679747,0.4665351717163167,0.5563694145660473,-1.1606406099296152,0.0,0.0,-0.0518278701493136,,4.6739,-0.047813777917584
2016-03-31,0.5539135804514708,0.0834172829776721,,0.6616459048687477,0.5339386111684613,0.53564563039151,,1.6563013290540165,0.0,,0.1474911390900573,-0.0166446961199839,0.2412845647037871,0.0592128162696648,0.1780094026637727,,0.6103474988507441,0.1819813778965492,-0.3301168269354738,0.1137100015141717,1.398029240818505,-0.0543600370296064,-1.0825049731155545,0.1482706055493882,0.4354817608818899,-0.1023777975686223,,-0.2712545042423102,0.4552932092644829,-0.3013716968352956,0.8387355385544473,0.3185223108292628,,,,2.821745666700392,,5.503115451234831e-05,,,-0.8222200107477659,,0.1044725449411403,,0.6011553938712705,,,,0.208566186565621,,,,,0.5596497127220564,0.1675101118635257,0.8735730825136889,0.8096393579418362,,,,0.0124638667156663,,,-0.5025777475490678,,-0.5808664149929557,-7.314564551478427,-3.8490866709821088,0.9892278251887882,0.1464149582626969,-1.4292836282219892,,0.27404394163912,-0.1972602315885551,0.8959878222386398,-2.25424380378605,0.5224911937803322,11.452660616420768,-1.491261960551988,,0.0,,,,,-1.9588620371647616,-0.2029841815938072,-6.256283045105017,-1.6310431341401852,0.0,0.0,0.3820916118581375,0.542357667977432,0.0345657479175182,0.0937120275603605,0.6313118506135841,0.4529279824866313,0.5157183867949057,0.5514165635182543,0.4678988846317145,,0.6120768490063687,0.5737667620988088,1.3176205303264197,,,,0.0,0.0,0.0,0.1365202523562408,0.6026409970059136,0.4973019864250072,0.576548350413616,-0.7945658028756539,0.0,0.0,0.0,,4.0966,0.0863646850726755
2015-12-31,0.6967835653337586,0.0890498202730067,,0.6660986435901812,0.8868810763609454,0.5647757669371831,0.9887320602538252,3.5084746798184816,-1.1734104201397477e-06,,1.1442444620688492,-0.0490706328571879,0.2371460309876046,-0.0497260748073301,1.0673251981407392,,1.0421559538409828,0.4995502598639441,-1.1217538637575706,-0.18196022326122,-0.0292116228412608,-0.1491973858348768,-1.0537550625082064,0.02379765031651,0.9429185631865664,2.609209259219034,-0.4114448668498306,-0.2645867846443186,0.6371647289563295,-0.3353214270823354,0.6127512793878209,0.4955372072041845,,,,2.9185436080818707,,0.0,,,-0.8213124216308739,,0.1688031252276135,,0.61447943009615,,,,0.2921314468765141,,,,,0.703784244675587,1.1534162368968373,0.9077918487970104,0.8405051682333602,,,,0.0472264881834127,0.3565485988652628,3.9447415223305953,-2.571497497444468,-0.6610738699104985,-1.3954633795765312,0.000493227548987,2.0433825231379807,0.5160972191969114,1.1438665992979904,2.964291561729611,,0.3045979140544853,1.1986448124627749,1.062727167118787,-0.2423752050184344,-1.0181283194305537,0.3131699228923795,-2.4610890476815204,3.103968555851401,1.399913996135563,,,,,2.5602123498415965,0.2464380539246849,1.0088274854128043,2.740103774766234,0.0,0.0,1.3940125129537424,0.3409984612754317,0.3655152220178599,0.2400104745694118,1.1212277662316623,0.4817663027574294,1.1171468166629777,1.0771845820022483,0.4953664034476773,,1.4347436856702036,0.7276349062564884,0.3583563073619804,,,,0.0,0.0,0.0,2.8653039470353123,1.0159840173725936,0.4671781782101323,0.8740177587709114,-2.5303669338462567,0.0,10.375707734893869,0.252820145889565,,3.5034,-0.1300425582928729
2015-09-30,0.6660874458889603,0.0827532071240663,,0.6945590263151888,0.8007563386072198,0.5634482952711127,,3.8795298240420415,0.0,,0.264379398815415,-0.0339228005034135,0.2574630968892338,0.0182784962745912,0.6071418149705874,,0.9328054228457874,0.3222675162281383,-0.7727560111304214,-0.2569463623742056,,-0.261941300345569,-1.026715151970203,-0.012429671462118,0.6969357890570728,,,0.2920368346451997,0.1938646384179068,-0.3813528324653464,0.7325429852707037,0.3164966225575534,,,,2.6578941860446204,,5.503115451234831e-05,,,-0.8404036383177756,,0.2495988885506486,,0.6598952765410033,,,,0.2885830752652715,,,,,0.6728164328387553,0.708827293777053,0.8682906131834643,0.8048744960275427,,,,-0.031868102336965,,,,,-0.329610095257775,,1.3678584077826543,0.1972001400579844,0.6028425416614991,1.134311555233719,,0.1173657813746723,0.6746080243809995,1.0908208871519136,-0.0061864839286202,0.1010204715941011,-5.518249781736278,0.7414507187375172,,0.5932568594984503,,,,,1.1033764620817956,0.1735412537551575,-1.262790692159377,0.9998045776805063,0.0,0.0,0.6330284995114078,0.0610360745426568,0.1337604282511484,-0.2118454456878272,0.5242675876638128,0.3050475398482348,0.4697966644202937,0.483972055644704,0.3270477947436467,,0.5575730009133562,0.4532713046547793,0.4313691620589969,,,,0.0,0.0,0.0,1.1494687656582856,0.5118012978622747,0.3068796986818929,0.5100939933923957,0.810432542739784,0.0,0.0,-0.3765405423275738,,3.8177,-0.0571381434227893
2015-06-30,0.4702804130727488,-0.087572343221918,,0.7320954268433283,0.4226027169799451,0.4685725733306854,,1.9697337831570807,-1.1734104201397477e-06,,0.1546325079291479,-0.0340362674124305,0.1097833817028739,0.1197775795789255,0.2822662661673902,,0.548719643615749,0.1956903918625834,-0.5281689553125668,-0.2086360232745263,,-0.3463246495319486,,0.1891060604262221,0.3962605208763217,,,0.3559874825978906,0.0971269468086457,-0.373467391957626,0.6070539042446752,0.1689046370765509,,,,-0.907805109047927,,,,,-0.643420974066039,,0.1048684583594037,,0.5024720533707697,,,,-0.1333626639566212,,,,,0.4752763053485264,0.3564391842094305,,0.6801861803664278,,,,0.003354893923679,,,,,-0.5951490278259833,,-0.0649845983150198,0.2054690158977315,0.2381966595501906,0.5963292219305578,,0.1316539382195372,0.730455364670756,0.6527273354988613,0.954679403694205,0.010695770131369,-5.825256964263443,-0.7104549360381819,,0.4930658151706396,,,,,0.2634505907902271,-0.0972289742343218,-0.1357394007046368,0.4389746724790588,0.0,0.0,0.2062898111117417,0.3659172508121046,0.0438640392040198,-0.2299167985906943,0.3707163766763584,0.3185333948974589,0.2532739244045052,0.2991609488387159,0.3398926128133387,,0.2169078175901056,0.4499760563906131,-0.0594915132336018,,,,0.0,0.0,0.0,-0.2033191898048248,0.4192841211223673,0.2872231993700273,0.5195175450710239,-0.9292966983280194,0.0,0.0,0.0453405309926771,,4.7217,-0.0885144597328117
2015-03-31,0.479849894604224,-0.0493237754106469,,0.6659818351242465,0.4422026858410551,0.4715366026688936,,2.388224707191931,-1.1734104201397477e-06,,-0.0174316530558492,-0.1189572544835287,0.1203757903330964,0.0945309215868384,0.2910041996403392,,0.6032127586950122,0.1948934298816547,-0.5328369087805779,-0.256171678530796,,-0.3389568921633299,,0.1278270626432516,0.4446262095165572,,,0.6401364480617767,0.0980229980462268,-0.3645506025428691,0.6918625929426448,0.1688057528527611,,,,-0.8560599653458039,,0.0,,,-0.1209123659017176,,0.1364642514235167,,0.4982963864633457,,,,-0.2578217982209574,,,,,0.4849304866848899,0.3993878737135547,0.7087608207957263,0.6609763710362234,,,,-0.0118536627419737,,,,,-1.8539237947663945,,-1.4560996740327026,0.531366477503357,0.2476464218771925,0.383382429676643,,0.0,-0.2680827035681964,2.3715620957514454,-2.471028658664566,-0.0145440812634138,-0.6294799087327498,5.369951533455862,,0.0125507213723329,,,,,-0.9105337326945376,-0.0049861012427857,-0.3186853018312295,0.3754011145777358,0.0,0.0,0.6377607737411126,0.7983843392032827,0.0009956528444796,-0.1540101786968343,0.5515428365257341,0.1942720260753293,0.5876298052966765,0.5651637814391657,0.2215378870814338,,0.6118807741430105,0.4199220679837187,-0.0861551860843694,,,,0.0,0.0,0.0,1.386892707353389,0.51442464150774,0.281894416272108,0.4701380974246779,-0.8073075540793312,0.0,0.0,0.0975415081552219,,4.4354,0.0173666154028156
2014-12-31,0.4372836895363993,-0.1562730081874866,,0.8072032704393876,0.4221151759484919,0.4228391802188969,1.0338038192385246,1.340597888410907,-0.0009311011683808,,0.5358011209023564,-0.0471583003174129,0.0335475448817909,0.1948283565306509,0.6119597105618285,,0.606195307990905,0.633077617214089,-0.8220215920318106,-0.3354236192680024,-0.1858992143059133,-0.3824743655420058,-1.102124588042286,0.3385903099262277,0.526310239587508,-2.640814272577854,-0.482357258463394,0.2856962566021569,0.1540174155789941,-0.3184829409787021,0.4178783733722654,0.2146161168921286,,,,-0.8656253151715693,,-0.043612189951036,,,-0.0712537069840574,,0.1161930088367574,,0.4122393179873945,,,,-0.3791761073254564,,,,,0.4419875266954714,0.7134218589157497,0.6473301671048639,0.6055650541229468,,,,0.0416922816838021,-0.371433117596894,1.1990737823309592,-1.8714142450707216,-0.793701229670299,-0.857675772800049,0.000493227548987,2.0900590723172017,-2.098496403064276,-1.833673560494848,2.226858051445336,,0.0561381511455602,1.7802925410539832,1.6275757602623917,-0.6016576440255131,-1.298801550498257,-0.6324145470019001,0.8793602913130556,0.502810532099235,0.584709916874315,,,,,1.6029100997580354,-0.0299166074567144,0.5587805686413864,2.2149363466039964,0.0,0.0,1.221566182109063,0.6277568815182082,0.2941601014968188,-0.4006386766673865,0.7764408688276105,0.2472579344258911,1.025301332980775,0.9537723725049104,0.2720051619065101,,1.128655932206143,0.4033690967441211,-0.1293082355665328,,,,0.0,0.0,0.0,1.1132860074205044,0.6766221681684574,0.1666348114874827,0.5303269763965922,-0.3354571232690012,0.0,9.959042410922883,0.6503595287516737,,4.7092,-0.02258653717646
2014-09-30,0.3363033545727597,-0.2029234196714494,,,0.1354615343713009,0.4268740696863479,,-0.619281651435962,-0.003090176341438,,0.3545211366909536,0.0793344714805002,0.0,0.2698418946108892,0.1477277904883077,,0.226997450058617,-0.4772534371702343,-0.413605459028507,-0.293781454712347,,-0.3458476004936927,,0.3746327410366065,0.2362479093274921,,,0.0799065352121313,0.4003436577532637,-0.2700887481591272,0.3463635600083024,0.5763256180404868,,,,-1.0427687962342098,,-0.1448695142537569,,,0.0645701888820333,,-0.1034319346728669,,0.3786423318129191,,,,-0.3265049662210731,,,,,0.3401134113696614,0.17508158149768,0.576392662032238,0.5415784230446401,,,,-0.0079973245370607,,,,,-0.5022718846281387,,-0.341781961461213,0.119034494110793,0.0670917397457372,0.2842135844013396,,-0.1107089935027926,1.0112081435013651,1.127597970672423,0.2777346174442663,,-0.0484215314409807,0.4111979133655825,,0.5269700232000262,,,,,0.0732754220453877,-0.2642633658676439,-1.846662957139232,0.0805335147183474,0.0,0.0,0.3977639291664668,0.3525388955376987,-0.3510782557729051,-0.5205520914280273,0.2879292136146788,0.0897795113839931,0.3094028365466094,0.30485650925252,0.1220123222614228,,0.3316674567613565,0.2104580110893107,-0.2264903063515675,,,,0.0,0.0,0.0,0.2288411698217075,0.2768613765864625,0.06211171783348,0.2680754323046797,0.0585469343166155,0.0,0.0,0.1467028438783293,,4.8848,-0.0717660195842637
2014-06-30,0.3055529409116932,-0.251114780649967,,,0.1165580526979812,0.3901535557534368,,-0.668793999552522,-0.0141642371815068,,0.2989822517679634,0.0588689155736469,-0.0420391749758801,-1.0492762081148126,0.2091503228422727,,0.2199787619967534,-0.3539416833938119,-0.4613576298246717,-0.3115394727444608,,-0.3339213745372955,-0.0347589520227314,0.4511154628810712,0.2541893995951939,,,-0.0824485135107191,0.3979366181542713,-0.2092586852030576,0.3354506772714313,0.5169141784925707,,,,-1.086497497011288,,,,,0.1069163863622793,,-0.1068203828471932,,0.330952227842409,,,,-0.3991356976386964,,,,,0.309090824756616,0.2241121884669859,,0.4793469328188052,,,,0.0347153974214725,,,,,-0.593762801808105,,-0.6663687859268068,0.2646126483630017,0.148810558204624,0.1701028560627439,,-0.1689843839051635,0.5628514630920244,0.8837440889689221,-0.0900626281121982,,-0.0029346382691503,-0.3149910514642467,,0.4246409589658775,,,,,-0.2826689796022786,-0.2468120115178938,-0.1905388641757359,-0.0092890557659259,0.0,0.0,0.0984407617974344,0.2609847837237135,-0.4597703579619328,-0.3931568413731888,0.1935965400231891,0.034776373020085,0.0789160271120113,0.0951288377318243,0.0696237044861532,,0.1073292705360752,0.2562373221738228,-0.1243965063571809,,,,0.0,0.0,0.0,-0.0268774249149705,0.2273413339545789,0.1333989939434229,0.2941470436552691,0.0695826270726093,0.0,0.0,0.2181627549466197,,5.1992,-0.0432563300716231
2014-03-31,0.3099851218315343,-0.2601403419752165,,,0.2046841668707395,0.3462041552213847,,-0.6141753359311983,-0.0172327054301723,,-0.0984656007407141,0.1593397122798542,-0.0342025629085066,0.3207067656038557,0.3285726408823232,,0.3098064373635614,-0.3622735586489755,-0.5777982393118253,-0.4629091286339197,,-0.373701963782967,,0.3678800492512974,0.2859865311072824,,,-0.0489607124467139,0.3249523663716809,-0.2085971493438119,0.3189537999912781,0.6796686213757634,,,,-1.0680659904434675,,-0.8081325040138349,,,0.1416197281213303,,-0.0951094303850479,,0.3257040901576494,,,,-0.3021542660389204,,,,,0.3135622350597738,0.3603212591872062,0.4828026512900923,0.4571589120420836,,,,0.0348938982855218,,,,,-1.3299711313618718,,-2.158484277794316,0.7508856342814295,0.3152757888776505,-0.1671044960092859,,-0.1947737376040123,0.2759724940246439,1.8324542646788216,-1.023511545268951,0.0458237071953761,0.0293463826915034,-0.0483414681051022,,0.1731333794024277,,,,,-0.9903676071656994,-0.0398888099422858,-1.4010168588188776,-0.2930072860049894,0.0,0.0,0.3515589291829369,0.2524149427252521,-0.2150057003606873,-0.4147861470418694,0.3532296280090884,0.0104351308590402,0.3184323968808348,0.2978000627221433,0.0464394995538212,,0.3376241614709753,0.2657035526014677,-0.3310399709506301,,,,0.0,0.0,0.0,0.5746101123074703,0.3234678238688638,0.1678584579766345,0.284197453457871,-0.706793271409874,0.0,0.0,0.3304424624118298,,5.4342,-0.0434438568726599
2013-12-31,0.3873612153574617,-0.255572527402072,,0.816781564646039,0.2655325651828644,0.4371761622529256,,0.4391629913033016,-0.0179924886772128,,0.7144331035231609,0.1323698733750182,0.005116221884347,0.2952877157216259,0.794626910717582,,0.3627584812776358,-0.9269935732261348,-0.9602128783167182,-0.3715600227744,0.8365943976842187,-0.3368101714911784,-1.1037468794378409,0.3323233527514206,0.5121196026570699,-2.7723533969053875,-0.3863501754261633,-0.1833539998850979,0.4156995162169093,-0.2237996449962077,0.2433289398822596,0.7898256466776493,,,,-0.8074174909526473,,-0.8437651765605804,,,0.1391397806659634,,-0.068477416664027,,0.3500824737298285,,,,-0.196811983830154,,,,,0.3916231870080845,0.8608501263217414,0.5092624938949357,0.4810260636343591,,,,0.0341133296773525,0.2175772902844919,-0.0363122331506498,-1.3263974393700275,-0.6093433181248079,-0.4192206376158429,6.312858857689583,3.209848477413707,-1.0853636865453429,-0.3828139348714567,2.5508872616619898,,-0.2167160606406018,1.134072292138829,0.5923567444893899,-0.6475881357856864,-2.126303662784072,-2.410805338107012,-0.6264802165026901,3.087008156882634,0.7555665773375572,,,,,1.4106030872197672,0.393901998180073,3.125418823893915,2.5130158509566574,0.0,0.0,1.1795480429654648,15.791844759787995,0.3082651834602805,-0.6600543113225674,0.6621385410785692,-0.0104351308590402,0.9659392556867386,0.8541504684528423,0.026713711931837,,1.0849113819948792,0.2813599045655871,-0.2268411441522355,,,,0.0,0.0,0.0,0.6988104790674944,0.5458870399584221,0.0987421675732513,0.3658516520223201,0.8006227066656046,0.0,9.183584900796273,1.0092034637554874,,5.3101,-0.1395982698346863
2013-09-30,0.2570576002085489,-0.2741582127700869,,-0.6623103075916671,0.0712034215765968,0.3395020342437371,,-0.6173038052304503,-0.0185046529903433,,-0.2460299235001383,0.8822519189267203,-0.0068883702050947,0.0835352647572094,0.0410817797201347,,0.0149261391217325,-0.4631443120642293,-0.3089678195442989,-0.4815348856257687,,-0.3085768192437341,,0.2184644487045575,0.0732408756839679,,,0.1746106997459116,0.1247595857087585,-0.1334592817287951,0.1840989145135171,0.2269203707530478,,,,-1.0409061264371742,,-0.8677848997263576,,,,,-0.1194361104183429,,0.3294964552349065,,,,0.2229149142685835,,,,,0.2601662501517141,0.0680345286080108,0.4440284101939752,0.4221839991547684,,,,0.0325159050947041,,,,,-1.8518868579471823,,0.1479435553501858,-0.0578720193343806,-0.0073342475736019,1.7222220743193957,,-0.1946668756411717,0.569287056876107,2.3461847945400858,0.4971869739596235,,,-0.9427027432994688,,0.3603185119326712,,,,,0.337338826433371,-0.1631452326639492,5.096294173662029,1.7357305333716384,0.0,0.0,0.3600702191475405,0.2296973841682338,-0.4664135749964886,-0.6293685841136831,0.280685514197174,0.0105359923597075,0.2690415756810414,0.2550853757461931,0.0465355667013308,,0.3863344937438097,0.1785081901951311,-0.1290240569479918,,,,0.0,0.0,0.0,1.1449276262255217,0.2589370044663039,0.0367143428641226,0.2309324451705472,0.5777076782338573,0.0,0.0,0.2342290263087673,,5.5413,-0.062572158606984
2013-06-30,0.1327799091653027,-0.2691108693899463,,-0.8151495129286807,0.0280263371629215,0.1619000676413597,,-0.6158017919808638,-1.3163359162492394,,0.3207172513167557,0.8396568564045626,-0.4111978931315665,0.0942512595146509,-0.0055715423532829,,-0.0106787058704938,-0.4500118276403079,-0.2685016288845873,-0.4829159786438995,,-0.3064380493888869,,0.1605313662908402,0.0477551727317383,,,0.0349245714066853,0.1110596650714271,-0.1281480300831479,0.2237140961058575,0.1762939854361192,,,,0.5859675037173621,,,,,0.1795394383297175,,-0.1660885026683045,,0.171293464503101,,,,0.0975254413224245,,,,,0.1347885730592006,0.0,,0.3276378091336839,,,,-1.3788486550367622,,,,,0.4733866038373673,,0.3579922935728696,-0.1515017766407131,-0.0595560457824459,-0.1278695736671441,,-0.2539040237091075,0.0472613918518575,-0.1796753651321589,0.7437524530724862,,0.0,0.355214767008588,,0.050461790350647,,,,,-0.5038661511342546,-0.2069232015756079,-1.060754344096791,-0.2053998220678003,0.0,0.0,0.0908146938389877,6.34110531714823,-0.3449937106121962,-0.571768654851035,0.1535330864335716,-0.0453748995102063,0.0665076635559467,0.0693728078959494,-0.0067176554015257,,0.0924375087620281,0.156229787601254,-0.2787651386510988,,,,0.0,0.0,0.0,0.5258243708632709,0.152640294252836,0.0814532268555575,0.1564496287011548,0.1131288741638281,0.0,0.0,-0.302181731452685,,5.3221,-0.0639735393179115
2013-03-31,0.1003425326171162,-0.31300940190155,,-0.8104082572963882,0.0321969843830788,0.1084572249292637,,-0.6173688634724368,-1.316672303681433,,-0.0005141198627448,0.8595696070656561,-0.4281628600235033,0.1663384892608709,-0.0955793829794953,,0.0173159526102798,-0.3679080798541415,-0.1930194308526233,-0.51718352523076,,-0.3092200403636491,,0.2452164842866369,-0.0141910762690427,,,-0.1048941818872499,0.0443092944575852,-0.0696076844139279,0.2647802659249523,0.1879005661508266,,,,0.5598518651595604,,-61.74986276605844,,,,,-0.1897157951091267,,0.1494929018908639,,,,0.0016586419550302,,,,,0.1020640921934305,-0.1160753358604833,0.3088254324507758,0.3002290044212274,,,,-1.378232570613907,,,,,-1.6584117003454455,,-2.66963222382636,0.4514815399147334,-0.1605415010212441,-0.4485520017464365,,-0.2783397925453095,-0.2203417362180057,2.385673141409176,-1.443312706842184,0.06996667469863,0.0863810774524405,-0.2392479770269812,,-0.1681135018135918,,,,,-1.4220696509277817,-0.0791294267230096,-1.2870727559577555,-0.4826192988821426,0.0,0.0,0.2521804227054161,9.621281415626605,-0.4685099773745874,-0.6368558607426402,0.1959522852822899,-0.0684385626627985,0.1739326341283658,0.1579962319666353,-0.0286850097987353,,0.2173291303502963,0.125240728746106,-0.2624231138959836,,,,0.0,0.0,0.0,0.482051364352463,0.1825191591702293,-0.0015360569374161,0.1658228182565616,0.1200694301214491,0.0,0.0,-0.0620982310476986,,6.0708,-0.0903070229087668
2012-12-31,0.1785004455890662,-0.30660730709078,,0.4176470365469181,0.2474853530521809,0.1125475854159909,,-0.2709552848924935,-1.3326081852505274,,1.0837908993997838,0.905017255355358,-0.410885136776468,0.1492205581639545,0.5189848275254633,,0.2756512682738654,0.6963817563810392,-0.7010520744990972,-0.5287456234342018,,-0.2706063660710002,,0.2370383171776339,0.2806979926537174,,,0.0244250958255615,-0.0707157487327806,-0.0335484022110134,0.1500167061945202,0.0217379436525935,,,,0.6899433418741854,,-62.4972312450386,,,0.1801166331628286,,-0.1879350764238295,,0.1506861514620586,,,,0.0740396567205122,,,,,0.1809137834981392,0.5798396589304909,0.3157930888615486,0.3065139288738152,,,,0.1445287387048306,,,,,-0.2150593082704034,,2.17792592043657,-0.0523716615151104,0.5289636182527411,1.691467752155092,,-0.2436182035791633,1.270952421469512,0.6650741782323013,0.1393743106888704,,4.673470136387314,-0.2352336405133256,,0.3568982965226764,,,,,1.4455462123497138,-0.1870785186293207,0.9436127516075212,1.7028410005449537,0.0,0.0,0.9528919575689114,41.7590827491879,-0.3487854885282562,-0.6463237832240248,0.5377857666056516,-0.0356666438659752,0.5540264421509267,0.4929997709165309,0.0025291277701043,,0.7991105514975879,0.2447159369107116,1.048605121530214,,,,0.0,0.0,0.0,1.429803832432016,0.4440841351349313,0.100814472111331,0.2989778153649996,0.0511470549307721,0.0,0.0,2.975740015254882,,5.9787,-0.0040346630179278
2012-09-30,0.1098828883882609,-0.3660453980231269,,-0.8097576341411316,0.1014664454034377,0.0807726101836482,,-0.6252976475917594,-1.3329114531736124,,0.3588165962220352,0.8995016565828957,-0.4297292972774825,0.1519752156798996,0.0055715423532829,,0.0951693477714106,-0.442658766599903,-0.277932583298671,-0.6308557780374615,,-0.3063235576197055,0.2946446356605089,0.1892848938338891,0.0541873644905524,,,0.1805688758362104,0.132928410461719,-0.0282338038409519,0.155932622443903,0.3735785295824786,,,,-0.6941389373721273,,-62.51145404692232,,,,,-0.1897464100356141,,0.1382234409103919,,,,0.0472294914653169,,,,,0.1116888899763733,0.0293962363542102,0.2815797616309918,0.275653024684674,,,,-0.0077821018478409,,,,,-0.5742402546274975,,-0.2095271372104709,-0.0111041919624682,-0.0471883908245695,0.5263260006069932,,-0.299807648466887,0.0243345889960628,0.4667647777496264,0.3883246422585112,-1.4676456253222443,7.142997586260024,-0.6076900438723472,,0.2654576200671774,,,,,0.3898828949929956,-0.0812235892449796,-0.5201045236282641,0.4431021543451261,0.0,0.0,0.2909320627401465,0.034108394597367,-0.0450449941056665,-0.751266725727821,0.2427917653052784,-0.0887009657368572,0.3088770831142456,0.2709548199611153,-0.0479842592857765,,0.2821402493062083,0.1303528380306018,1.0384132834208089,,,,0.0,0.0,0.0,0.3733221758479306,0.2116790418131686,0.0105184398794251,0.1655492045261332,0.1685936694315203,0.0,0.0,0.3993340748244862,,5.41,0.1165607976558043
2012-06-30,0.0973696040945394,-0.3615148230627674,,-0.8101080595389358,0.1021478966619386,0.062936749473541,,-0.6249855949775794,,,0.2158764175438313,0.918269360082872,-0.4259034609057654,0.16852131704127,0.0476167726926442,,0.100053966773807,-0.395742701548968,-0.2008319958675316,0.3027514703293987,,-0.0051937729834938,0.1317663951954875,0.1239134954251458,0.0306016911688153,,,-0.2326098028560393,0.0449776432630281,-0.041139330970267,0.1801201058128039,0.2503686968455845,,,,0.4553648391704242,,,,,0.1637242999024739,,-0.1858479112413629,,0.1297038027464797,,,,0.0302518639448749,,,,,0.0990648501798896,0.0275944359545253,,0.2372027947093974,,,,0.0035541305607651,,,,,-0.6437664205541825,,-0.9405803978623252,0.1970847182791229,0.0,0.1719298257290574,,-0.3471261256126752,,1.0847343355083798,-0.1350462451191618,0.044162250712619,-0.1853664262708818,-0.2639919970708358,,-0.0812909894517926,,,,,-0.177304437908433,,0.7155812242115832,0.1745385755479408,0.0,0.0,0.053861908657985,0.022995383826295,-0.4926628559602561,-0.76293294745201,0.0851120145386621,-0.1333624382323434,-0.0326931252088319,-0.0329456667945124,-0.0905227922030554,,0.030906610581887,0.0874747800093966,-0.3170240008139437,,,,0.0,0.0,0.0,0.2551793719838946,0.0775629243837095,0.0392776848965587,0.0668108840032937,0.6214179694065841,0.0,0.0,0.0462662142153772,,5.113,0.1501033099704249
2012-03-31,0.0585206029692756,-0.5269819797880626,,,0.0033606531056745,0.0764423166323884,,-0.6252878132063429,,,-0.0343003971360423,0.306756750720464,-0.5580747096448189,0.0859904365231107,0.2602705045432122,,0.1202492326371279,-0.409282179966332,-0.4126485285675648,0.349212338992109,,-0.0879646964205685,0.0832444253213537,0.0908483521114421,0.1726010904227329,,,1.115926262664157,0.002239513156829,-0.0909285500832428,0.1213319813320298,0.2864087602060221,,,,0.7159614332857942,,,,,0.1840375773739625,,-0.3880372082680065,,0.0273858510381173,,,,-0.5899362964129539,,,,,0.0598719952309264,0.4210506285045381,0.1481460081638748,0.1552938952262449,,,,0.150010555189254,,,,,0.3883432684946736,,-0.7101844932986826,0.3526673159733832,0.2380591727168892,-0.4569227840754801,,-0.4165835518066796,-0.2994562232655997,-0.1527112092741114,-0.4430490566333823,,0.1056909972634498,0.9847956591570096,,-0.3510328685335925,,,,,-1.5854850342352431,,0.1516542777978709,-0.4261757997714598,0.0,0.0,0.2778559729794354,0.014575141049752,-0.6016204655744783,-0.8011406397989427,0.1556925048085481,-0.1989197240260791,0.1192737926639015,0.0862528360604005,-0.1529638762937361,,0.1829915199046762,0.0731235263714492,-0.6004904186196638,,,,0.0,0.0,0.0,0.6416010662672633,0.1230184461115188,0.0015538478100291,0.0706000196034695,0.6134484096649583,0.0,0.0,0.4645711276569115,,5.7733,-0.0898490369599167
2011-12-31,0.0630838642008013,-0.5216798294022152,,-0.8145654705990069,0.0866582674244902,0.0369973579897509,,-0.6303264227499693,-1.4465287358897947,,1.3003100126264755,0.3104548033344644,-0.5594444054482511,0.0544984863002168,0.4196901289692246,,0.2174207935320862,-0.4396875474328224,-0.5202235026010585,0.5464286997765301,,-0.0133444208293391,,0.0641378520304984,0.1941208288733935,,,-0.2885697972875171,0.0767637431938112,-0.0957043258225865,0.0854464545722024,0.446481642729532,,,,0.7205815943617895,,-67.83993088086993,,,,,0.0561223618164636,,0.0259388285532024,,,,-0.5501632643422121,,,,,0.0644756460420436,0.4332007467699802,0.151311536872958,0.1581492468130891,,,,0.0006908120564049,,,,,-1.0286789835113748,,1.0289156692959236,0.1111570436680787,0.415959664322906,1.2980542939444442,,-0.3915294084121737,1.7690921326413007,1.0222840266156277,-0.7065028242549856,,0.0917808118676771,0.9240897639604202,,0.0193284807774803,,,,,1.0005054425077122,,1.9065033980135613,1.3876937310625823,0.0,0.0,0.6717509810510031,0.1368610018806633,-0.4180773950993477,-0.8453868533951379,0.318517722502989,-0.1752724089896253,0.5791795932045407,0.4886008325526836,-0.1304406133362706,,0.5195115192891134,0.1155041331215477,1.9010637928372955,,,,0.0,0.0,0.0,1.365542847253871,0.2496111729030051,0.0099141164036537,0.1395743253024629,1.17323839864224,0.0,0.0,0.7797350940206059,,4.9208,0.1033699356304429
2011-09-30,0.049083583208473,-0.5164749055916196,,-0.8145654705990069,0.07269419094731,0.0229828651352076,,-0.6072262078976045,,,0.6686964282700995,0.06860216237884,-0.5601629779267482,0.0891553700634738,0.1723542775377639,,0.207976648158807,-0.4742918177724695,-0.1900151558642431,1.2427578088622415,,0.3066666997137971,0.0829274970835979,0.0162076143659473,0.1327517609644812,,,0.2278010430398846,0.2145767749264346,0.0020378762746662,0.0140759180215657,0.361247756770634,,,,0.4192016503344729,,,,,0.1674700953366638,,-0.1502641524619046,,0.0287376481845174,,,,-0.5857946814229567,,,,,0.0503514480888505,0.2196773060123751,0.1223699540798503,0.1320435305335427,,,,-0.0120196782942572,,,,,-0.1726860483256765,,0.3379051581243841,0.0274292600219684,0.1398028769917549,0.2949910415257892,,-0.4383420722671834,-0.1917219080916762,0.4796962511423725,0.8207142916887826,,-0.2689595973676295,-0.1026915515908773,,0.1893847964511803,,,,,0.3336382396553983,,0.7029739753385553,0.2137972780663425,0.0,0.0,0.0435009233865973,-0.0965549666609676,-0.6713908386513893,-0.9394423652121866,0.0353244389467484,-0.2194564703819529,-0.0530466280305954,-0.0666895941027737,-0.1725244284220037,,0.0649978864681614,-0.0006770337663779,-0.2912339140868393,,,,0.0,0.0,0.0,0.7146597468191787,0.0276142619644819,-0.0953640855515578,0.0145635591083828,0.7703461344585525,0.0,0.0,-0.2453447815789038,,4.1748,0.3176908003818519
2011-06-30,0.0012555735377207,-0.5272844828495532,,-0.8113637505477347,-0.0563832394361186,0.0186705973423055,,-0.6242623894038677,,,0.3592239669730721,0.2644079944154409,-0.5641484970714645,0.2786377716365316,0.0896919082588648,,0.0106787058704938,-0.4366487676250859,-0.1436195718004096,0.3321437042801065,,0.2429329482028105,0.075432836996117,0.0985647252112921,0.0219429313615969,,,0.0683891631036165,-0.002239513156829,0.4590409040841333,0.0326187482262575,0.1138147077924977,,,,0.517774231161545,,,,,0.1876241466472941,,-0.1644465914652362,,0.0034568985411479,,,,-0.4497521098069444,,,,,0.0021001110858922,0.1094447517984425,,0.0667987260441412,,,,-0.0182876881745927,,,,,0.0007842369839379,,0.271260947149976,-0.0410816464030385,0.0440621053767751,0.1143889335555425,,-0.4588239484782856,,-0.1712533841353125,0.6200545725328379,-0.010695770131369,0.0474971203861983,0.0487017342446727,,0.3025087550418371,,,,,-0.0105236818815517,,0.362347254951553,-0.027210744469537,0.0,0.0,-0.0015822221879473,-0.0329116088220208,-0.861635205910337,-0.9620375078006635,-0.0447017332097379,-0.2387882580098546,-0.0773087653725191,-0.0913042437123602,-0.1909372983613557,,-0.0595620831755972,-0.03509152310742,-0.2943458453787645,,,,0.0,0.0,0.0,0.1811531075600027,-0.03474421176477,-0.1300734103033607,-0.0197244483941073,0.6561535580109906,0.0,0.0,0.4275201843809847,,4.5614,-0.0972822588062172
2011-03-31,-0.0008261124748254,-0.5135685647770681,,-0.7560666227742129,-0.0340755742078875,0.0028341556075661,,-0.6218597733974782,,,-0.0454180786773968,0.2311269046322304,-0.5606734789131551,0.239884612009701,0.0184647837348719,,0.0150845968813368,-0.4464673392301275,0.0698482246093928,1.1944048195009132,,0.6509694223121666,0.0735013175745875,-0.0821161469332773,0.033611874535952,,,0.6725941953108759,0.0053528519666208,0.5578858518759297,0.0850490555696805,0.0257155166071655,,,,0.5984037209228139,,,,,0.1700216945644169,,0.2011972842387651,,-0.0034568985411479,,,,-0.3476397328573116,,,,,0.0,0.1012869594401449,-0.0011170741889514,0.020656487632856,,,,-0.0183609802255162,,,,,-0.2517331407139773,,-0.6711557639009854,0.1055895188553499,-0.0342785213487069,-0.281060148234129,,-0.4656930354496751,,0.7461785357543936,-1.1150086179699668,0.3190722325939486,0.1076718780951263,0.1111255956624068,,-0.1299907883851549,,,,,-0.8251261893813836,,-0.2037143413315258,-0.3105044126204092,0.0,0.0,0.1867782919439394,0.0049153701487433,-0.5489808528273088,-0.9599881650968982,0.0726983738392142,-0.2452716352727495,0.0790928317288782,0.0428015064698685,-0.1971124946032769,,0.1029886322239775,0.0006770337663779,-0.2451759276151449,,,,0.0,0.0,0.0,0.6761779605158396,0.0483931820454811,-0.0831181472678652,0.0074480666866571,0.5994718539204753,0.0,0.0,0.4751399741658815,,3.8274,0.0758501630449674
2010-12-31,0.0132779506239764,-0.5106363580245724,,-0.7545259191085333,-0.0033606531056745,0.0079749578709635,,-0.5181009553230531,,,1.4500236242020412,0.2767406020570791,-0.560164335171308,0.2170690409412598,0.1665587380262673,,0.0154566030738315,-0.0592287654008374,-0.0411424995447784,0.8432745208548338,,0.6907799596363509,0.4442367633837373,-0.1509355688182319,0.0969940468487306,,,0.679481851292093,0.0423799731556482,0.7349047041140028,-0.0090279302641388,-0.1497902267232252,,,,-0.5769653927645858,,,,,0.1769281292916426,,-0.1105655097767118,,-0.0068257344547489,,,,-0.1829511572237373,,,,,0.0142288986386033,0.2661421202263699,-0.0197428422595107,0.0038557818727532,,,,-0.0167758011390187,,,,,-1.0686418410391323,,-1.02174668159418,0.3323112467971534,0.1334366730318455,0.5430772159245199,,-0.2492448421292602,,1.8708522289690472,-0.8965278680110749,,3.5352413373146594,1.2502990472921625,,0.0648012155465909,,,,,1.03930058883682,-0.1742642384353614,-2.108051339484362,0.5337893547516115,0.0,0.0,0.3644780116621506,0.1309625577021713,-0.7205484321452259,-0.8534645148454916,0.169877698575312,-0.0409773380811114,0.3517613779028801,0.3170021658269834,-0.0025291277701043,,0.2597442805781892,0.0328684245845853,0.6652060645822223,,,,0.0,0.0,0.0,0.6122483118316701,0.1473486290260921,-0.1457171385801561,0.1134802966653176,-0.0005984136161836,0.0,0.0,0.7872520196188169,,4.1448,-0.0950657894736842
2010-09-30,0.0169616254056827,-0.5086877906994343,,-0.7447350334938806,0.0161271813182012,0.0021490374155511,,-0.6315057925087731,,,2.95097501190381,-0.0039211811393539,-0.5599497725095839,0.1867743852804801,0.3975997453381871,,0.0149961163328049,-0.4512074517394238,-0.1271892694564405,0.0594549913998992,,0.9853373336616138,0.1855700296699228,-0.1987792741887506,0.1246231730184332,,,-0.5001762281494853,0.0108927326670465,1.0780694587551776,-0.0760639264819902,0.1617773319100257,,,,-0.5799671160720916,,,,,,,-0.1638666912557528,,-0.0116096316754059,,,,-0.0755135615785321,,,,,0.0179451777504665,0.3839546846394078,-0.0306378777983162,-0.0059716940004517,,,,-0.0269993704516686,,,,,0.8200173121702469,,0.9611736058855332,0.1062725361147696,0.3926875603241941,0.0066682728913641,,-0.447564972073407,,-0.1779921031368906,0.0306921678400481,,0.099528256898234,0.9864340284875992,,0.0639227883385568,,,,,-0.0957739098251216,,0.0291513418112318,-0.0609818897019616,0.0,0.0,0.0505714846300317,-0.0521029235766797,-0.612403939020662,-0.9812957518479284,-0.0222583957822969,-0.2281614902995465,0.0226053586586633,-0.0028657993471492,-0.1808156636997376,,-0.0390868414713933,-0.0447415604865379,-0.1293994533947065,,,,0.0,0.0,0.0,0.501382714399727,-0.0162960571802635,-0.1679444796932624,-0.0074480666866571,0.1895435899499258,0.0,0.0,0.3710062790604315,,3.2585,0.1510460251046023
2010-06-30,-0.0099602617427063,-0.4936207901236878,,-0.7447350334938806,-0.052994050840662,-0.0021490374155511,,-0.6283466853164927,,,2.927213980245178,0.0039211811393539,-0.5538590490312564,0.1411789072369375,0.1713863294527792,,-0.0821218215756912,-0.4362332606286653,0.0256579009456383,0.0313376125428505,,0.8799871491894009,0.0503823180053881,-0.3088174890131027,0.0141910762690427,,,-0.4785318355409876,-0.0109772425974929,0.981136048391404,-0.0674229075148859,-0.0097010367749026,,,,,,,,,,,-0.1726362329167461,,-0.0088988359542813,,,,-0.0387754961015312,,,,,-0.0092149959321715,0.1359045866394633,,-0.0257293974967683,,,,-0.0264076999206314,,,,,-0.1021193974585134,,0.1552173924774769,0.0642578624147608,0.1342175563043042,0.0952729738939678,,-0.4758221247007865,,0.3252800338190091,-0.3907978225840591,,0.7872020425082353,0.0444472804445097,,-0.1842570418367964,,,,,0.0127406148531523,-0.4289293594106428,1.4035775281985392,0.1264958680170757,0.0,0.0,-0.0911616051657249,-0.0133569840998461,-0.5858338365847845,-0.9952432531700026,-0.0542234984145762,-0.2548319607160019,-0.0793203183940727,-0.0960512160997236,-0.2062183792918928,,-0.1090185547623187,-0.0597357936010734,-0.0710095182295321,,,,0.0,0.0,0.0,0.3400645293575746,-0.0495086069363114,-0.1550760605987982,-0.0441635899456421,0.1516523897412379,0.0,0.0,0.0530548727067496,,2.6235,0.4297193571599904
2010-03-31,-0.0227522266068617,-0.4928237156529925,,-0.7449476249018818,-0.0373820037375008,-0.0322856663373623,,-0.6687183504339328,,,2.796673022701978,0.0200334822197732,-0.5532836953591412,0.1450054328672518,0.1273782181488997,,-0.115450578148708,-0.4426399293167174,0.1108838062740428,-0.5188972902897545,,1.0075670237626078,0.0420772496253095,-0.3292157466853623,-0.0208530421180927,,,-0.419536940062587,-0.0411460578926026,1.359247299367706,-0.1079241584951603,0.0097010367749026,,,,,,,,,,,-0.1464711711327311,,-0.0137542054151896,,,,0.1867448100226071,,,,,-0.0221201829102491,0.094062676711503,-0.0655764375996317,-0.0374867682073233,,,,-0.0456617404885945,,,,,0.4438273725737864,,0.7359406699108616,-0.1103533966891007,0.0861747549303626,-0.0652401217181102,,-0.4214635814430639,,-0.1704470681290032,-0.1639047264035537,0.4082862238976115,1.741707812740732,-0.019421264536797,,-0.5016631004066974,,,,,-0.3461832222754681,-0.5384989342208594,0.4156275086814996,0.0624803963596094,0.0,0.0,0.0015822221879473,-0.2145452214053684,-0.5361037427053721,-1.021358939347822,0.0137100372522772,-0.2035257325565531,0.0238939643011992,0.0028657993471492,-0.1573509426966774,,-0.0069029520723447,-0.0489063570211342,-0.3075338383058744,,,,0.0,0.0,0.0,0.5943276828078341,-0.000428705533458,-0.1539605686703004,-0.0257445646357675,-0.366178105805957,0.0,0.0,0.1384633186215821,,2.3806,0.5756013745704466
2009-12-31,-0.023809906144551,-0.49056732532168,,-0.7448308164359471,-0.0159998470723393,-0.0464855968581041,,-0.3884005415020569,,,2.675727379643128,0.0262921508720178,-0.5551071239199985,0.1842300069642256,-0.051469056544749,,-0.0926909488995582,0.0251948662607232,0.1947281960122338,-0.5428589827435674,,0.8255463129436391,0.174234438713908,-0.2788822187745511,-0.0462193548045067,,,-0.4213052727920395,0.1589369125696357,1.4062319634214178,-0.1272555507719034,-0.247299060854901,,,,-0.5699491843898492,,,,,0.0787333558903728,,-0.125456847805988,,-0.0062352947668656,,,,0.206194321916731,,,,,-0.0231872240053209,-0.1042595936531269,-0.053235150270042,-0.0263547528005034,,,,-0.0455433555339085,,,,,-0.5964916284956518,,0.0578087157787046,-0.1301267406183278,-0.1134891553186639,0.4084861243484141,,-0.4435925567080816,,1.0058741554642057,0.0061864839286202,,-0.8031811478837589,-0.0642462534528275,,-0.1360935458304445,,,,,0.4633182976096732,0.3847026413871334,0.7758269112830409,0.456664513364075,0.0,0.0,0.1054619778952552,-0.1947341425884766,-0.2064901028380405,-0.9123737652846244,0.0854745187402432,-0.2244121321147403,0.0830731201794327,0.050154323754521,-0.1772445276029784,,0.0724822377397679,0.0311217412652403,0.0808681656796429,,,,0.0,0.0,0.0,0.928312835995596,0.0723768354447243,-0.0704423538142739,0.0518075775750752,0.1875899740701485,0.0,0.0,0.275370922684198,,2.6086,-0.0843886945684074
2009-09-30,-0.0360018285411885,-0.4925076375602403,,-0.7421453898041066,-0.0195777836956871,-0.0622373454034461,,-0.6328973580452195,,,2.5613205782206867,-0.0322367099102762,-0.55718630456444,0.1859610586843206,-0.0692717782748357,,-0.1145192260241136,-0.4147616558406626,0.3335799480537854,-0.4275016568720719,,1.155678028833374,0.1649079223511211,-0.3511358189686719,-0.1000193324804024,,,-0.2423466849475866,-0.0125068547689402,1.4996323483783935,-0.1317006371895556,-0.0216461611139668,,,,-0.540654547944776,,,,,,,-0.006068443171152,,-0.0036718960222506,,,,0.2791801122687041,,,,,-0.0354870575196937,-0.1030270348476832,-0.0780640431092308,-0.0487507646782464,,,,-0.0586722517623235,,,,,-0.1196355863350094,,-0.2264813521957801,-0.0849881140058366,-0.1360995138251561,-0.0834219641022091,,-0.5096161518294768,,0.2137934417164713,0.954531012874672,-0.1391924918948934,3.2169211242599207,-0.060826240388649,,-0.3943203229851727,,,,,0.1700280499323302,-0.748688032110492,-1.1582535495045707,0.0037372474686285,0.0,0.0,-0.1483365543767361,-0.4393272354248589,-0.545360548456687,-1.0735950728713757,-0.0873167268914041,-0.2867284016870329,-0.1025242495200532,-0.1221048767696119,-0.2365986540203487,,-0.113866443709845,-0.100683016497893,0.2340790332313564,,,,0.0,0.0,0.0,0.6563546875756798,-0.0790633205231881,-0.2171638834583627,-0.0687863689952647,0.1932122121363778,0.0,0.0,0.0725046107053375,,2.0977,0.1386430678466076
2009-06-30,-0.0238976863510804,-0.4625917541407743,,-0.7421442217194473,0.0058903355415634,-0.0581558816505475,,-0.6468935797209802,,,2.50689137048985,-0.0885356691818268,-0.5552310462493771,0.0875064847090729,-0.02395858418005,,-0.0930578706055555,-0.4020854321508229,0.3882198331692388,0.2518317106760922,,1.4042863045210734,0.0486883706795731,-0.4182173839484757,-0.0909604999563176,,,-0.4994434752747184,-0.0353129400322704,1.3099277372475506,-0.0921642551141204,-0.0665566787168468,,,,,,,,,,,-0.0282618870161014,,0.0094181324994442,,,,0.3262401689895842,,,,,-0.0232757811574289,-0.0829340617752129,,-0.0336862663614195,,,,-0.0621646092263345,,,,,0.0052906946826463,,-0.0337106125986473,-0.0838648434667675,-0.0844845450140101,-0.0296325161997966,,-0.4699076712641057,,-0.0618728028293049,0.6918156662359825,-0.1308898182369547,,1.2360870224835727,,-0.3296762996758089,,,,,-0.0660295430769434,-0.2268676065467509,1.6183492715718089,0.0401816571189595,0.0,0.0,-0.1616679678833109,-0.0065609505898444,-0.3499719748345944,-1.100530360097332,-0.0747346033194014,-0.2492496128590683,-0.0226053586586633,-0.0459345687293558,-0.200901382901058,,-0.1229656203988247,-0.1062899906517392,1.3272299776867158,,,,0.0,0.0,0.0,0.2331099221980749,-0.0860972714556852,-0.1769335446924415,-0.1100704124198883,0.1978352726152401,0.0,0.0,0.0362159392260627,,1.6209,0.4735684244581041
2009-03-31,-0.0012230516907114,-0.4133730934992202,,-0.7372382661501868,0.0572501201659101,-0.05069470435092,,-0.6687183504339328,,,2.417988802715169,-0.1855547194911683,-0.5387847828218395,-0.048649019188475,-0.0254655272522564,,-0.0611671326157289,-0.4550652911102876,0.5069050330473935,1.370741938559803,,1.7175750090334538,0.060116732879554,-0.4959369407156436,-0.0715252584327803,,,-0.4990013920923553,-0.0343993191625798,1.1222618390724777,0.0090279302641388,-0.1100927056090479,,,,,,,,,,,0.006068443171152,,0.0330705656357013,,,,0.4693282542129444,,,,,-0.0004004525383191,-0.0845515930159527,-0.0240174780943407,0.0,,,,-0.068628429975331,,,,,0.3687265394875573,,0.4608500732403614,-0.1956646479369701,-0.0832001112996603,-0.1701328063851425,,-0.4426934913940499,,-0.0681109253845107,-0.336674037716821,0.092752363605013,,0.6303546853602625,,-0.5683413761978244,,,,,-0.7321939725959753,-0.6481931615621456,0.8971883322921435,-0.0299264650962625,0.0,0.0,-0.0334079719743374,0.0,-0.5753767160154024,-1.102570860632113,-0.0508100354166153,-0.2235635506891259,-0.0692270175972476,-0.0814587366908521,-0.1764362826685971,,0.0069029520723447,-0.0879610235395598,0.3250267162985208,,,,0.0,0.0,0.0,0.4817139296408073,-0.0520203920069886,-0.2031432630407261,-0.0570366399788189,-0.7712178561475677,0.0,0.0,-0.083943410528702,,1.1886,1.0095296920497665
2008-12-31,0.0008261124748254,-0.3877823251075064,,-0.7358365645589695,0.1067662622343414,-0.0750550301109427,,-0.479330782046144,,,2.18290231392456,-0.1986705255535827,-0.5323939312638836,-0.0415983668862547,-0.1383811221045627,,0.0145235735928668,-0.0251948662607232,0.6059748965440123,1.6185787317066835,,1.7257643508568463,0.1873403976979288,-0.4616378468890377,-0.1016748701774031,,,-0.5022064951644878,0.0306258892744366,1.0394527213122615,0.0229737440473611,-0.2673725582842393,,,,-0.5440790402925505,,,,,0.0,,-0.7505066430507968,,0.0464551558062759,,,,0.4171228368825368,,,,,0.0016668488485953,-0.2100073160477345,0.0011170741889514,0.0226717210116548,,,,-0.182988337117261,,,,,-0.5734971167987085,,0.5837856674034209,-0.3355343449774518,-0.2110405852768826,1.066953316099696,,-0.2881435027926593,,0.7565747887103508,-1.490677600793798,,-8.470777840546429,0.014582978157332,,0.7108168775444798,,,,,0.2228512018385454,,0.431979290886512,0.8828341619692459,0.0,0.0,0.4499286907923707,0.527953496324158,0.1118201115421012,,-0.0190153523231733,-0.077691779629539,0.4533593611425938,0.3980258816618119,-0.0374983841130326,,0.4053061713467749,-0.2754611925701286,-0.3635836853405933,,,,0.0,0.0,0.0,0.2110157705651707,0.000428705533458,-0.7484879711623298,0.0332968772324596,0.0462640889744078,0.0,0.0,0.3205310399059203,,1.0987,-0.0519282168766705
2008-09-30,-0.1069520415815727,-0.764111565844084,,1.9013620290068087,-0.0041157320732885,-0.1809365754275462,,0.7011464722890136,,,-0.130166667278059,-0.2239452795371277,-1.1502817595448298,-0.056586920025777,-0.2831406940662175,,-0.0379118332370077,,0.7344290416546001,1.997393206624944,,1.7401192016637352,0.3360009193687,-0.4494220829404826,-0.2147362441630307,,,-0.5022043156943987,-0.4467990799618753,1.2387250597564616,-0.0790526186858866,-0.4046845510069986,,,,-0.6620866804915942,,,,,,,4.490724885826797,,-0.0586805933103385,,,,0.038758566820574,,,,,-0.1070652532968171,-0.3703621762398731,-0.0820138642286091,-0.0523135590918956,,,,-0.0656688049256592,,,,,0.4144286368461585,,0.0714774515215572,-0.3584286722678078,-0.3709783280076528,-0.5852394007472939,,-0.9548553902598884,,-0.1307788002362155,0.6621531383407254,,1.424682254976046,0.2590029793863417,,-0.6326258099151801,,,,,-0.2144407243932322,3.6454815541677577,-0.1134097325280341,-0.4673418393563868,0.0,0.0,-0.3311791104033083,-0.2229440930073516,2.965905973994447,,-0.1554793524444287,-0.7069667779096075,-0.2674070178719351,-0.3435152503343105,-0.6368614084974765,,-0.262609951935575,-0.1107261159041165,0.2033560266917398,,,,0.0,0.0,0.0,0.2053566570814712,-0.1388011439655352,-0.1790145379100435,-0.1163520358288924,0.2842582760574665,0.0,0.0,-0.3857501458187219,,1.3541,-0.1473936952985825
2008-06-30,-0.1219859918642487,-0.7655085203445233,,-0.4742422203581317,-0.0652540827705792,-0.1706316604620578,,0.4611102935035276,,,-0.1497082366367353,-0.061684140285783,-0.72742143266664,0.1837560913758483,-0.3064740244451305,,-0.1117916811904899,,0.6841994843104904,1.535370753992625,,1.553146182332913,0.0564454177155723,-0.3787849059988872,-0.2500117855946102,,,-0.4612695365762458,-0.3792733759112259,1.6227778621431224,-0.1053955790911491,-0.4207796813209888,,,,0.3218202251443132,,,,,,,0.3034923557722203,,-0.0664704569215344,,,,0.0203903951787188,,,,,-0.1222322695822285,-0.3914164822262737,,-0.1035097688527867,,,,-0.0674445799554623,,,,,0.2216683206938496,,-0.0449649630108565,-0.3547356951342436,-0.3971574583385009,-0.4733038045894543,,-0.9235615024791975,,0.3692275718126443,0.4586202969117,,6.01143153562284,-0.045792648022652,,-0.4984597943799203,,,,,0.7763382816211188,-2.4282718761452453,-0.1473193296002252,-0.3913725806445168,0.0,0.0,-0.5396868711950604,-0.3920328261241237,0.9334079474855904,,-0.167248503478756,-0.6774300896495848,-0.2806803187830855,-0.3494643824606365,-0.608728717934187,,-0.5072994941075208,0.0017297794251151,-0.1132819648320188,,,,0.0,0.0,0.0,0.1719115726014133,-0.1539231145421558,0.1061088110605346,-0.1378909633495486,-1.1621747872240142,0.0,0.0,-0.4601986912917295,,1.5233,-0.0660929432013768
2008-03-31,-0.1085927633380835,-0.7688880051665835,,-0.2193014088389342,-0.0564915804763695,-0.1547804479628428,,0.4971413616411594,,,-0.2719891708345286,-0.139150904931579,-0.7009028971476827,0.0907353357154212,-0.3027100296914832,,-0.1386135849244588,,0.7026045427713747,1.1580373733234877,,1.6107989750760432,0.0279733867013315,-0.3913505488563134,-0.2346078583163055,,,-0.3475731862890587,-0.3970951011220983,1.6545254477254894,-0.0965959212370699,-0.431599736950236,,,,0.4848120646007819,,,,,,,0.3082103324657568,,-0.0538829442847425,,,,0.1813036218936235,,,,,-0.1087204971371205,-0.3739349193310622,-0.1374916379932508,-0.1023552942683664,,,,0.2621392519060363,,,,,0.379445619829211,,-0.2355988951950005,-0.3075152593090881,-0.3929346249500246,-0.4370258467954486,,0.1785004388464607,,-0.1850818629476376,-0.3835820186695196,,-7.343728208476703,0.2486741950126636,,-0.4754557917799341,,,,,-0.6408026245699525,-2.3265499918975854,0.0141999101541719,-0.3593923878271582,0.0,0.0,-0.4097134999066248,-0.0538553598905795,0.5565644086594287,,-0.150357120014131,0.3627493930753578,-0.3090742386124491,-0.1791041099084858,0.3820068466006592,,-0.4051211145256592,-0.0372338293364628,-0.2941002589182969,,,,0.0,0.0,0.0,0.1439850745207537,-0.142470669855911,0.013701359917381,-0.1353930671400242,-0.6097169023132557,0.0,0.0,-0.3333706440346564,,1.7928,-0.0542295542295542
2007-12-31,-0.0903674489706845,0.7410191307962517,,0.2683658170822777,-0.0133900686098545,-0.1532812464067876,,-0.119732696832901,,,-0.1000818776691863,-0.1778618014340925,-0.7052596796837927,0.0964006464179187,-0.2541120137041694,,-0.0929844862643561,-0.1450289677567295,0.62249150636806,0.7417668981297817,,1.50727589133565,0.0353824614448765,-0.4637091415671935,-0.1792675594924806,,,-0.3091266652674015,-0.2410006231374184,1.6509115431453436,-0.1358441312115708,-0.3760912676037274,,,,0.4858760715811542,,,,,-2.4054296120852654,,-0.3863376339995154,,-0.0488727837033578,,,,0.2215632064579257,,,,,-0.090333869895469,-0.3155997554432311,-0.1002408231777777,-0.0687545333940768,,,,-0.0847465474329633,,0.3076433867892497,,,-0.0828362375266192,,-1.42219504071391,0.0111041919624681,-0.3384092264610785,0.1214134217378109,,-1.9426769558588848,,0.4760060282400454,-0.6051938774566862,,-9.816673857508638,1.2693008437774391,-0.2084687883014243,-0.1366453934258762,,,,,-0.1834854606668216,,3.745013067758272,0.1383871316439062,0.0,0.0,-0.1957538007396761,0.1846469481962728,0.743307396748623,,-0.0137100372522773,-1.6393206562164158,0.9501048634344584,0.5351712305367742,-1.5248967536580096,,-0.2317993345497941,-0.4312323171501708,-0.1707351630694097,,,,0.0,0.0,0.0,0.4775023862706923,-0.0282488565249799,-0.991096760874802,-0.0553823997394058,-0.6686006023221455,0.0,0.0,-0.1073886995803726,,1.6856,-0.0291811846689895
2007-09-30,-0.1017732104633814,,,-0.1753522558869208,-0.0320719284820086,-0.1604785590666829,,0.9107677853021842,,,-0.1096720424443272,-0.0812329665923462,-0.6842415601030526,0.0770284667199154,-0.2872815431364411,,-0.1308702331764673,,0.6158578905663029,0.4010388710470661,,1.4143215003245262,0.1847665469137671,-0.4517085545897989,-0.2495535827062896,,,-0.4173795741326551,-0.3318196623300957,1.613261451270786,-0.1964957265947594,-0.4288687986275512,,,,-0.1069251319708297,,,,,,,0.3781614532178244,,-0.0394403601184657,,,,0.2807278694294237,,,,,-0.1018405841691351,-0.3749623314241951,-0.1118167809715046,-0.0791962107545495,,,,0.0325159050947041,,,,,0.097840898390428,,0.9825087348041308,-0.2198059701558908,0.0253947700596263,0.0256134749828284,,0.0580364662886127,,-0.1796364584773295,0.4248592636912402,,-3.981699029368392,0.1064450218985799,,-0.2511024406131624,,,,,0.6246472230489022,-16.544126410131756,0.7226216163059597,0.073236416035137,0.0,0.0,-0.4510062608490174,-0.1354077620106001,1.905084408057612,,-0.169936076436379,0.2490496562788154,-0.4306166654344769,-0.3055712661217767,0.2737117160069583,,-0.4452664636339074,-0.0515183627752933,-0.3215287581745207,,,,0.0,0.0,0.0,0.2114968540794132,-0.1659837878979622,0.0212025346127312,-0.1666690553776139,0.2002424336941652,0.0,0.0,-0.4053075653350524,,1.7098,0.0365754368384793
2007-06-30,-0.1016236717802336,,,-0.2717821889494434,-0.0608661011318261,-0.1441822235410459,,0.4716154987274085,,,-0.1693314910980045,-0.0795835451832205,,0.0587703036102281,-0.3625542055251364,,-0.2110850937015017,-0.5834848466735713,0.7491196553853008,0.3961220960753699,,1.5991525694947812,0.1891101734222411,-0.5156319792783999,-0.2887693376133126,,,-0.3807509446914427,-0.3639102535783544,1.6989113802714222,-0.166654746176444,-0.4614956947965321,,,,-0.0719405786407331,,,,,,,5.150686033698599,,-0.0254154076106557,,,,0.4642443711818955,,,,,-0.101689721914042,-0.4441109486885562,,-0.0867682185728037,,,,0.0325159050947041,,,,,-0.1553075482238884,,0.6653160556777343,-0.3782915062920671,-0.2386456252814582,-0.0297057827084142,,0.0658445174113758,,-0.0760990916662297,0.2201210963492214,,-20.064130224573194,-0.0608032557252094,,-0.3110169557384173,,,,,0.0233931787185562,17.025070134500083,-0.094796816884642,0.0333953559878006,0.0,0.0,-0.5305048361801051,-0.3101812275602667,0.4905498593680826,,-0.1917935810035572,0.2564192734241057,-0.5154711771232215,-0.3776074577344591,0.2807310255819922,,-0.5084688507262415,-0.0339853902885605,0.4515535736338376,,,,0.0,0.0,0.0,0.0519771964569335,-0.1772874369026518,0.052967170706299,-0.1601555478942707,0.4615617799928169,0.0,0.0,-0.49696437300311,,1.5968,0.0237360868982163
2007-03-31,-0.105110136411449,,,-0.2996177430991097,-0.1084874236138587,-0.1239779325863583,,0.3584185783404116,,,-0.2417388301177762,-0.2951616779874365,-0.5545984978194244,-0.0205660931188008,-0.3267177320968853,,-0.2449324589705716,,0.6938079360502137,0.2217883628646834,,1.5328584529670728,0.0213819526537376,-0.598548088743194,-0.2750272621965496,,,-0.3113069570785668,-0.3764535736619274,1.5490283273726777,-0.1653959340414472,-0.4724310314122147,,,,0.5637586770798853,,,,,,,-0.1813775908628172,,-0.034949800205144,,,,0.349671215124737,,,,,-0.1052070453616983,-0.3962828641082955,-0.1371935810196222,-0.1020864426701552,,,,0.0325159050947041,,,,,0.2482271062684584,,0.0466776061445601,-0.3955232832020303,-0.4198701466855452,-0.2510925650986896,,0.0206653440955203,,0.0404648572740556,0.0772868077981554,,-11.106426405875146,0.7422855614377991,,-0.5323031681710317,,,,,0.0545957010393142,-8.202100726724256,-0.0800828473211071,-0.1326923532448006,0.0,0.0,-0.4313183921867351,-0.1357069584544366,0.1111314516580027,,-0.1680044051390793,0.2137769795861587,-0.3074890594200722,-0.2056496542966671,0.2401156916321965,,-0.4264292623937268,-0.0585138259690064,-0.4420064589239103,,,,0.0,0.0,0.0,0.2684275116577976,-0.1637521195289481,0.0015360569374161,-0.163827695138104,-0.8802001020592797,0.0,0.0,-0.4397467595183613,,1.2265,0.2630420054200542
2006-12-31,-0.0891707013383694,0.703067012316314,,-0.6074975027604507,-0.0852239497742916,-0.1114308652371318,,0.414977499065834,,,-0.0631981547810762,-0.3506476883681638,-0.5306038094845253,-0.0464568353731998,-0.3444140759118899,,-0.1799051025449763,-0.496699557649875,0.6686052322009285,0.4495850692730485,,1.4254575871230686,0.3639134899516703,-0.5969922380964914,-0.2385493653869266,,,-0.253032360439082,-0.2032335463503229,1.288516510019047,-0.1633946985955656,-0.4438316403709244,,,,-0.63010122204197,,,,,-1.566869016579424,,-0.2906721295458309,,-0.0263656538222178,,,,0.2004735241007404,,,,,-0.0891265298093596,-0.409062667422474,-0.1210342989154953,-0.0875105420738702,,,,0.0325159050947041,,0.0765297142834956,,,0.1341000944458271,,-0.8864425518718961,-0.1998158034464288,-0.439711651106352,-0.1978075581968042,,1.1366784879744671,,0.2461136186675795,,,,-1.2269974515868036,-0.3144922023583111,-0.0403336787520502,,,,,-2.423963967275202,,6.05589553707268,-0.0037372474686285,0.0,0.0,-0.1986598402139558,-0.0535775346213027,0.3370450820704337,,-0.1160640608896733,1.2671242835660614,-0.6122620404320568,-0.2719485637009995,1.243393157868998,,-0.2265898021459374,-0.0870488517992547,-0.4694570662241432,,,,0.0,0.0,0.0,0.3830261771533151,-0.1086485000699843,-0.144521213802216,-0.1010186105963355,4.218606419384928,0.0,0.0,-0.2028096374958379,,1.1377,-0.0124039618624456
2006-09-30,-0.0903772746552974,,,0.0600009663134531,-0.0999397381132312,-0.1042237987255667,,0.5922986801355246,,,-0.2225382325978772,-0.1202095417110948,-0.4990714430227111,-0.0244295797185762,-0.3793762803128314,,-0.2513257030694067,,0.6367502880313213,-0.315338231903033,,1.2611338093028277,0.0290409907319371,-0.6120021298193529,-0.3038415451767069,,,-0.1094540339514267,-0.3512063803693237,1.335884374018207,-0.2136594371902227,-0.476713673245243,,,,0.5737429033680796,,,,,,,-0.2875940511863649,,-0.0049729437256358,,,,0.4229898073166603,,,,,-0.090343782547549,-0.4309807259685533,-0.1190810904061566,-0.0857487204228535,,,,0.0325159050947041,,,,,0.523296627864426,,1.043559476429304,-0.4446656855492332,-0.2157873349728877,0.4497853402123676,,,,,,,,0.0393669293079482,,-0.7266637536926267,,,,,2.358650920915753,,-1.6101921960758525,0.7146960551956557,0.0,0.0,-0.5126741465766795,-0.2019148572405539,2.1634161369278457,,-0.2071854287614689,-0.4490943013976271,-0.3712355658278328,-0.3850244106836022,-0.3912466488929036,,-0.4922214458065149,-0.0703763860396927,-0.4830685151140924,,,,0.0,0.0,0.0,-0.0197871766241574,-0.1948665115816506,-0.0019625322772945,-0.1822326862746277,-0.8588618381971483,0.0,0.0,-0.5248057127878887,,1.0363,0.5940534887195577
2006-06-30,-0.1337584795321829,,,-0.0271095467352597,-0.2280490134581079,-0.0989505441821024,,0.3376793764243139,-1.5216308785659705,,-0.2652256190164555,-0.1673917115916851,-0.6324380882331117,-0.1003462993833881,-0.3943646488896335,,-0.3142094113342615,,0.4457476822429939,-0.5305875812989922,,0.7174450259368912,0.1525351881648851,-0.6922599672114714,-0.334909805500679,,,0.0310387085976137,-0.3690900268038954,0.8852774943520539,-0.2235984771121772,-0.4990918420487492,,,,-0.1056654844937761,,,,,,,1.0562323189630662,,-0.0523805642203232,,,,-0.0044213922155874,,,,,-0.1341089559369197,-0.431134358731236,,-0.1283866967440686,,,,0.0325159050947041,,,,,0.707805552681358,,0.075026057781073,-0.4683702663479971,-0.4957674756325451,-0.8243140249705821,,-0.9616100268864698,,-0.1494973185320514,0.2904477011229582,,6.075203457003881,0.1954394636986943,,-0.5896235681204776,,,,,-0.3434469778750106,2.746682525958889,-0.0450558784480454,-0.7480212763507481,0.0,0.0,-0.5777154170882742,-0.2229440930073516,0.1594980542809472,,-0.237755612787496,-0.7133421313890871,-0.3583058995475591,-0.4233568839056347,-0.6429337157612717,,-0.538921892976423,-0.0971482946038408,-0.5503100879901204,,,,0.0,0.0,0.0,-0.2630966016884125,-0.2287432034939697,-0.0105849248127875,-0.2232045162572745,-0.5956769662588317,0.0,0.0,-0.524187016348227,,0.9414,-0.0519121236777868
2006-03-31,-0.1324055205460404,,,0.7563016672924299,-0.217813350557208,-0.1034340450948335,,0.4094450286588734,,,-0.2551484326038933,-0.1523269038054842,-0.6126467537834741,-0.0838000127540003,-0.4185237695423809,,-0.2819054361603614,,0.4561250267042891,-0.2775925214977126,,0.690326034943312,0.2277171167973653,-0.6966768639398657,-0.3587315319526206,,,0.0066170674752891,-0.5267591656355513,0.7665792195466555,-0.217405252114282,-0.4900755107321632,,,,-0.0962375717322797,,,,,,,1.1139476059215057,,-0.0421631734300508,,,,-0.0856900714292859,,,,,-0.1327440218650036,-0.4607556314484465,-0.1664862570603454,-0.1285088500158204,,,,0.0325159050947041,,,,,0.1127410511610299,,-0.0004010574623093,-0.4748525687970134,-0.5228731119894765,-0.2096148283680136,,0.0011733254872905,,0.0125682193036876,0.0918835014032369,,-6.622525280147905,-0.1757349533880668,,-0.553632191555002,,,,,0.1247460889211643,-1.9850145811051687,-0.0786354662380505,-0.0790130145040717,0.0,0.0,-0.4723492766133436,-0.2229440930073516,-0.1123290007737241,,-0.2444640585291259,0.1953794675472395,-0.3730263136510526,-0.2658009970200187,0.2225926874020361,,-0.4596054549195495,-0.1512003822114668,-0.5725251375284178,,,,0.0,0.0,0.0,0.0197871766241575,-0.235149044315034,-0.1264291801335898,-0.2293454182238561,-0.5276534781886318,0.0,0.0,-0.450956972260202,,0.9737,-0.0212397734424167
2005-12-31,-0.1192041076253982,0.4713872737200511,,-0.009792007793585,-0.1925974534754089,-0.0967185466009726,,0.3811651051193039,,,-0.3065786799646957,-0.1789528826262869,-0.602955419324985,-0.1301939959523147,-0.4259997397556473,,-0.2731406842795934,,0.5051299242842803,-0.2412483296697832,,0.8041330137148949,0.040322970708522,-0.7026749941212121,-0.3413933593033179,,,-0.2162468548186507,-0.3626427002900625,0.770787725497759,-0.2153338517446169,-0.4725362490635635,,,,0.5871912733749246,,,,,-0.4832474175507036,,0.5528450410695697,,-0.030515537065154,,,,0.0137228673441734,,,,,-0.1194257627918347,-0.4951308848602724,-0.1446934749420404,-0.1088514528724296,,,,0.0325159050947041,,-0.0304399595712907,,,-0.4176082026332815,,-0.0393566255369412,-0.4732931554573127,-0.531260872989917,0.3134080479211814,,1.8561202703322688,,0.6163550923876933,0.4554176296491843,,-4.764005904932393,-0.5157367508394776,,0.2869760286482848,,,,,-0.4087077629807086,,0.5039337926287133,0.1991606435668619,0.0,0.0,-0.4774280831429932,-0.2425200889040861,-0.1152717080696306,,-0.1895899664798923,1.9461683127278608,-1.1132582122941708,-0.5781658679285248,1.8901594907457344,,-0.9818662949499962,0.2436176254931858,-0.3746825398200903,,,,0.0,0.0,0.0,-0.441312876858736,-0.1679707625933913,0.6601733398957897,-0.1381457221582073,2.033269133643089,0.0,0.0,-0.4728984983623436,,0.8584,0.1073335706657173
2005-09-30,-0.1239531649215452,,,0.351293631206849,-0.2065198913915756,-0.0966812243486655,,0.3676076285491154,,,,-0.1337453137111515,,-0.0633243767446698,-0.4235410559884779,,-0.1904926337443118,,0.4960900756198069,1.209816590418906,,0.7855885715376112,0.0461578419633208,-0.6921399757637465,-0.3750946578644878,,,-0.2802851612130523,-0.4590289338436377,0.3564755143183329,-0.227095303301211,-0.4957884329126187,,,,0.567290778239091,,,,,,,6.267040281383995,,-0.0250243890067255,,,,-0.4113169152948918,,,,,-0.1242168541548289,-0.4999051972315744,-0.1587616123668914,-0.1215411114450178,,,,0.1770249375308097,,,,,0.4583350493936549,,-0.0451371335409229,-0.4695608666149172,-0.5285023210927889,-0.6292507109873756,,-0.8959899271913827,,0.1762479186778301,0.2390655456431799,,-0.1324504449645275,0.7831663612532053,,-0.6814780868803011,,,,,0.1014083758528187,,0.0560831055193176,-0.498613059449927,0.0,0.0,-0.5983443331012389,-0.2033680971106172,1.533987727667144,,-0.2695641171960377,-0.6514067003596027,-0.2057747020125389,-0.2797783386814295,-0.5839423250976555,,-0.37869700552196,-0.2103415686958454,-0.5210326735243762,,,,0.0,0.0,0.0,-0.1298743904367709,-0.2442558775234058,-0.2852335988876912,-0.2111278749376003,-0.8470048497992257,0.0,0.0,-0.55405069060219,,0.8291,-0.077790096082779
2005-06-30,-0.1661609615281898,2.270120628278129,,0.2654472477609394,-0.2143992468910334,-0.1613435976839382,,0.3226589186637172,,,-0.317550667677176,-0.1164865817268224,,-0.2212218235501248,-0.4197371997963011,,-0.2055235912587532,,0.4821515608038725,1.2032898755486126,,0.7570240367412568,0.0431157931275567,-0.7314239066085794,-0.3861619096306415,,,-0.2685825125954131,-0.4951005031817675,0.2800463688667615,-0.217423125902574,-0.5101269946931403,,,,0.4313071538240617,,,,,,,-0.197029413920553,,-0.0779039328747714,,,,-0.390373918960857,,,,,-0.166798233397648,-0.4943213395691401,,-0.1238636180238592,,,,0.1795953127473042,,,,,0.5906924458870565,,0.0004010574623093,-0.4762263160191856,-0.5242345356803475,-0.5510079681834398,,-1.187788761982788,,0.2774459064244999,-0.3483330637413677,,1.4144821560787364,1.334374662174587,,-0.5989111331278754,,,,,0.5892684691438961,,-0.9478664404797734,-0.4414807990523836,0.0,0.0,-0.5502732028868208,-0.2226021542143956,-0.0600627578432344,,-0.3044096858401475,-0.9268205855972697,-0.3558157199011386,-0.4612076826762144,-0.846264679655988,,-0.5257000629792161,-0.1706771522733148,0.0594915132336018,,,,0.0,0.0,0.0,0.2800701093283892,-0.2712639751704248,-0.1757566276838116,-0.225657325069687,-0.390733029233386,0.0,0.0,-0.6071924641829074,,0.6865,0.2256876227897838
2005-03-31,-0.1508670267697328,2.403975103174365,,0.3323845424232729,-0.1661991994551895,-0.1648082582192578,,0.2095853653085083,,,,-0.2002355386523421,,-0.3008539080348419,-0.4265304604630706,,-0.177314026771469,,0.6231335432917147,1.805102778738438,,1.1178177299409493,0.0261114568044849,-0.7865282483303773,-0.3754103307209369,,,-0.2172350888575985,-0.4826640950018239,0.2862456180570285,-0.1949221285079461,-0.504639709879512,,,,0.4935252575565562,,,,,,,-0.2614946995922828,,-0.0611194802193316,,,,-0.2488150495033266,,,,,-0.1513689315050618,-0.4958344889800379,-0.1445281677456724,-0.1087023434474821,,,,0.1678692787404026,,,,,0.2320621224480666,,-0.2596690024100547,-0.4235099509777488,-0.531856321918265,-0.5220356844114562,,0.1107854036675026,,0.2824739899303806,0.6260879930623363,,-1.4082159110217676,0.4356070696357922,,-0.507095567529097,,,,,-0.5689506643462802,,0.7052548599705094,-0.442332091685169,0.0,0.0,-0.7162730380175697,-0.2229440930073516,-0.3481078914535409,,-0.3001777075212733,0.298836660384105,-0.3982895689263814,-0.2682714754245861,0.3211321433831405,,-0.6057574115049432,-0.1223245958755467,-0.5631437347385557,,,,0.0,0.0,0.0,-0.3241485518814025,-0.268784853720385,-0.0644806690478795,-0.2261130675656842,-1.674003355432209,0.0,0.0,-0.685108543442172,,0.5373,0.5660495764041419
2004-12-31,-0.1257572623997924,0.4224804719047759,,-0.4181175372163858,-0.0972266411025162,-0.1631303721074166,,1.2086280010322383,-1.550994532068786,,-0.3300392734017163,-0.207939526651761,-0.5171691879402212,-0.2780077677435383,-0.3729502452821243,,-0.0780140806596643,-0.5811845245922543,0.5207698480289754,1.4914809519921226,,0.9662227737804308,-0.0394386387406787,-0.7696201265174248,-0.3166048073084236,,,-0.2652499094178633,-0.2777035846140268,0.2558595915239184,-0.1576415515353471,-0.5365623838648638,,,,0.4911879968143458,,-72.73921698921802,,,-0.3069203670163007,,-0.2836438757337484,,-0.0480693985542707,,,,-0.2955897785581215,,,,,-0.1260369197609108,-0.4421036387190123,-0.1346983715381093,-0.0998357284902133,,,,0.0325159050947041,,0.025781303587935,0.8683852030084782,,,,,,-0.4715763856054091,-0.2637415406978292,,,1.7603669526071115,-0.0694095890800945,,,,0.0712236744272011,-0.2732969866024259,-0.2337828705657837,,,,,,,,,0.0,0.0,-0.5272310670584105,-0.1931526756710548,0.0032718258750539,,-0.2162896618397465,0.5892695553659741,-0.7166391126296499,-0.4892852810440729,0.5977595936915795,,-0.7409134631558971,-0.0503972035002018,-0.5409567522243116,,,,0.0,0.0,0.0,0.0223650377044922,-0.1810773767622976,-0.0256199062501706,-0.128245598771385,0.9923197286704928,0.0,0.0,-0.5544313542131575,,0.5238,-0.0910846475700032
2004-09-30,-0.1428495573289613,,,0.0,-0.1764320978509496,-0.1475440937047949,,0.4640321121433542,,,-0.4118812651383813,-0.3345796670571171,,-0.3289787973104455,-0.4406491808677545,,-0.2603258640640939,,0.5684873154405434,-0.0228750635498309,,0.9399644600003658,0.3039616448099062,-0.8193467746060886,-0.3902629748450327,,,0.1869120922316856,-0.5071856682722309,0.5478629700422147,-0.2480090357483667,-0.4955682805655882,,,,-0.4080087099822888,,,,,,,5.880000707262107,,-0.0450981880943508,,,,0.047008976445615,,,,,-0.1432804991709405,-0.4641549875679773,-0.1384452558487602,-0.1032154710373082,,,,0.2080847746846159,,,,,,,,-0.4541378255065307,,,,,,,,,,,,-0.7266637536926267,,,,,,,,,0.0,0.0,-0.7113189604872633,-0.2378398016755001,0.5718604974697128,,-0.4026247677857444,-0.5249456206378219,-0.3058793614265574,-0.342691712810038,-0.4634924495803788,,-0.4688040567011073,-0.3265554811232354,-0.5898635416374302,,,,0.0,0.0,0.0,-0.2614374405369781,-0.3510985381019991,-0.466739312549579,-0.2768938248799836,-1.303877459443941,0.0,0.0,-0.6781696975707899,,0.4141,0.1498371335504884
2004-06-30,-0.3984218208152771,-0.5202591922672953,,0.0688842519933664,-0.3406622973660706,-0.4661800242534739,,-0.1800302029752766,,,,-0.5305266408585928,,-0.8895244137237173,-0.404018418935632,,-0.327561784031896,-0.5834848466735713,0.4115039304197598,0.572498343127928,,0.6041648729790678,0.0,-0.973380026803378,-0.3660954664780472,,,1.0206154973830917,-0.5824444722604446,0.093499950008304,-0.2940208353743549,-0.5268255050404609,,,,-0.047018490058975,,,,,,,-0.2553667689765708,,-0.3974306648498027,,,,-0.5575140667960725,,,,,-0.401114841410528,-0.3259642640228812,,-0.1878459638241976,,,,-1.096476570976014,,,,,0.3613254619109962,,-0.1888491872528639,-0.4175917536730369,-0.506598647184748,-0.5810919113097742,,-0.9512812253505072,,-0.050332137492122,0.3502270773127835,,-5.844459967572248,0.4009051611378454,,-0.7266637536926267,,,,,0.1981807077764979,2.4178169926330355,-0.0822842840281483,-0.4289492044603341,0.0,0.0,-0.7122176779272001,-0.2080483843392032,-0.9270081122574628,,-0.4969699973469437,-0.7035933078103301,-0.5778794334880647,-0.6115078882102382,-0.6336482930123553,,-0.649100432813553,-0.3614282103191252,-0.6492814315585619,,,,0.0,0.0,0.0,-0.5232470838488211,-0.4378844164130251,-0.4473314118912631,-0.3540998160112526,0.1081604615526381,0.0,0.0,-0.6618729499776844,,0.3677,0.2948188904172398
2004-03-31,-0.3970689968995604,,,-0.1241300664502495,-0.3527264286113916,-0.4571546177323584,,-0.2053946007356021,,,-0.3232908654308225,-0.5194836814999286,,-0.8806228412941774,-0.3667715692104772,,-0.3299368949131699,,0.3574564686044491,0.5453590349443278,,0.5444441533134899,0.0094195890988314,-0.955720516237244,-0.3530936418287932,,,0.8974120581736857,-0.5788508894469461,0.1071735503907231,-0.2759509954517949,-0.5217244972257185,,,,-0.070123496801821,,,,,,,0.8181805724315467,,-0.4001939727836328,,,,-0.6127693636279216,,,,,-0.3997500436045506,-0.2991298465224028,-0.2390394644219855,-0.1939528673694646,,,,-1.037810021574926,,,0.8551496990467987,,0.3574749958946391,,0.0469993626030397,-0.4348969972570322,-0.4648090647490767,-0.5286865813104664,,-0.5720124282172575,,-0.0435217949554125,0.2259978689933585,0.0774996861301598,-2.2505556774245616,0.0809733016765976,,-0.5933592003880612,,,,,-0.2044381209891019,4.333171211747255,-0.0822986118958675,-0.418712691164846,0.0,0.0,-0.6687623858509328,-0.1758847666267738,-0.8728611917318451,,-0.4745149501293046,-0.3456210320041027,-0.4948135982530502,-0.4725551147701691,-0.2926918805385966,,-0.5386248033931712,-0.3898376857076384,0.3354009602781442,,,,0.0,0.0,0.0,-0.3872177822990866,-0.4166883996038014,-0.5379118441191226,-0.3342267504962409,-0.04365060204849,0.0,0.0,-0.6370958105749862,,0.3665,-0.109475620975161
2003-12-31,-0.3874631555186181,-0.7269676893159642,,-0.5161198401356607,-0.3224296277993167,-0.4578538441637151,,0.3691119074898035,-1.5984795182457914,,-0.2645857437478403,-0.5244388644412702,-1.4898473533598309,-0.8840520596612882,-0.3840245246034554,,-0.2903936058295865,,0.3484031832686931,0.353882154913043,,0.4811434100472358,-0.0395605942127222,-0.9554816871057146,-0.3099653026455367,,,1.1487531493705296,-0.3930306497803539,0.1097923622449883,-0.2784769258399744,-0.5433995986766892,,,,-0.0458505575658392,,-74.96619023444647,,,-0.2777421730390303,,-0.2693767255260586,,-0.4024745296357888,,,,-0.6160742670210444,,,,,-0.3900591805964618,-0.2888134380965794,-0.2392967186505966,-0.1941849143156128,,,,-1.037810021574926,,,,,-0.1106226325472861,,-0.4320689145065612,-0.3424396560218319,-0.484166240106833,-0.1008823954400966,,0.1322944549754929,,0.341834362442688,-0.1614128665003186,,-3.691484575981453,-0.3202384666571332,-0.185659101475001,-0.0412847383079575,,,,,-0.3135757502632177,9.007374558418409,0.1188722147245315,-0.1424924507561238,0.0,0.0,-0.6373633223386782,-0.1624636690032484,-0.7166073063024939,,-0.4244015652368414,0.3191379456608083,-0.4134927863361296,-0.2776210883955083,0.3404684268452093,,-0.4336427660127176,-0.3369613071435067,-0.1238456910101322,,,,0.0,0.0,0.0,-0.4758991075395634,-0.3620123724633061,-0.5001423271131372,-0.2694395136032748,-0.2847946719585895,0.0,0.0,-0.5910742412113226,,0.4662,-0.0336347197106691
2003-09-30,-0.3974175397133969,,,0.3103758972863896,-0.3364878580611937,-0.4646817573134771,,0.086901971321868,,,-0.3345697024451049,-0.5443308589604704,,-1.049266944713945,-0.2901784157657561,,-0.3086639977960859,,0.2692557086265374,0.2939133456370301,,0.4828527364884473,0.0091826203375412,-0.994276422048284,-0.3141524639814357,,,0.8034645592692455,-0.5848565454272642,0.1234174351233986,-0.3255086900151143,-0.5255610910242374,,,,-0.082060109662107,,,,,,,0.7133495502777053,,-0.4143898492403985,,,,-0.6148722948859541,,,,,-0.4001016713826279,-0.2252847750785443,-0.2681971992910892,-0.220253555873216,,,,-1.0092175645070884,,,,,1.217011234660832,,0.3329555317506253,-0.4250372911416322,-0.3788743904476277,-0.5409059985836825,,-0.938688575344808,,-0.1842212374751686,0.017755022750655,,2.229760345700388,2.110605990371272,,-0.6967937161435153,,,,,0.0859818457261742,0.1683067738678433,-0.0823032926468393,-0.3951007946576009,0.0,0.0,-0.6762666833543157,-0.2229440930073516,-0.2427463949434062,,-0.5196410668180688,-0.6917077543056802,-0.5014394304156911,-0.5431436687209003,-0.6223277077126044,,-0.5722291560415514,-0.4331414929634324,0.0954404995930281,,,,0.0,0.0,0.0,-0.4219780211290741,-0.456510344026643,-0.5955931918579721,-0.366474654088107,-0.0299820505799502,0.0,0.0,-0.6321027886207083,,0.3957,0.1384746484874307
2003-06-30,-0.4315640999205548,,,0.0165488979557121,-0.4438458973455,-0.4579546889231989,,-0.1772497220196117,,,-0.2851907962750062,-0.5422483260571699,,-0.8939549130905875,-0.3743598762788614,,-0.3991931261125988,,0.1598792517786202,-0.4599984375504697,,0.0,0.0088564449849435,-1.0069989767988892,-0.4183497827733322,,,-0.1705823812015717,-0.6005068282168022,-0.0177434961640263,-0.3182035326250009,-0.530640915856964,,,,-0.0799536699099277,,,,,,,0.6472944552104595,,-0.4235959735274998,,,,-0.812990001262935,,,,,-0.4345504639497776,-0.4325810538328499,,-0.2377580804231796,,,,-0.9663829544884558,,,,,0.4770573151739198,,-0.1965185681584642,-0.3867400690447313,-0.4733228635299509,-0.733024768247733,,-0.97065538393366,,-0.0159281608685479,0.5616683642588197,,-2.038056835726286,0.5218614431218171,,-0.7240945327534812,,,,,0.28658136445098,,0.0676248890648092,-0.5984252674563626,0.0,0.0,-0.748888244549591,-0.2744272525217986,-0.7924400989213477,,-0.5627862112745498,-0.7218795778443118,-0.5265993951347545,-0.5705665263380686,-0.6510653430178918,,-0.6396495571385594,-0.4242251106579238,-0.8144944602711275,,,,0.0,0.0,0.0,-0.3878001996119429,-0.4748562757364825,-0.6058413864261496,-0.3426220425983911,-0.3576999297160589,0.0,0.0,-0.6691320066781432,,0.3646,-0.1067961165048543
2003-03-31,-0.4167706996455829,,,0.0529569446239155,-0.414473167659606,-0.4514161359549645,,-0.2679992713872542,,,-0.2860785280948255,-0.5963270700175274,,-0.915847942066642,-0.3353282976502979,,-0.3932521920455749,,0.1949588412944083,-0.3734865904608876,,0.1821609614684842,0.0087359242374886,-1.0510335305861012,-0.378942057521374,,,0.0095511184399122,-0.5860241364974772,-0.0275962528400094,-0.2771275949708544,-0.5089134254696167,,,,-0.0656386504584373,,,,,,,0.6857224145436228,,-0.4175863331908452,,,,-0.6791284533742307,,,,,-0.4196261267883291,-0.3682536382705499,-0.2737259546116304,-0.2252405712278654,,,,-0.9962581306482868,,,,,0.350423366640875,,-0.6189556046395936,-0.2519877696981571,-0.4295308815307011,-0.5529826004899873,,-0.598563170950644,,-0.0125682193036876,0.0534341793762655,,-0.5925720003228102,-0.0122205961072309,,-0.5586575377795789,,,,,-0.2476089571923522,,-0.1388658898041804,-0.4581361021392587,0.0,0.0,-0.5389390115099969,-0.1714609334929047,-1.0253786132920517,,-0.5384248645918421,-0.3706809100443117,-0.5395040159691529,-0.5159180112590739,-0.3165605616937951,,-0.5954130456357588,-0.4212270952441918,-0.8144944602711275,,,,0.0,0.0,0.0,-0.030707217175069,-0.4571339832958053,-0.6079030007029889,-0.3356787958484645,-0.134777587453503,0.0,0.0,-0.591915857284206,,0.2974,0.0952380952380952
2002-12-31,-0.4227005588269548,-0.730093508634683,,-0.3235072324191791,-0.4106337967504088,-0.4620026376121571,,-0.1251808996025321,,,-0.2953716739948159,-0.621809385420006,-1.5764663471063856,-0.9577137896529436,-0.2002243683298572,,-0.3892738901076353,,0.0437843131585844,-0.7074880205781172,,0.0852714402720028,0.005877698639832,-1.10258975981159,-0.3048527607415543,,,0.3104541800786629,-0.5211129161176095,-0.0504805965982498,-0.3053769311302005,-0.4973143172379327,,,,-0.0584117647293934,,,,,-0.015321537328583,,-0.3601218143081066,,-0.451680495545797,,,,-0.6751774455923193,,,,,-0.4256084713539955,-0.1833633834154985,-0.3064959789051035,-0.2547995957910617,,,,-0.9962581306482868,,0.0325346531577955,,,-0.6593855322650445,,-0.2861170513952565,-0.1954227919930569,-0.2779492891710482,-0.0674607817899377,,-0.1528231157243815,,-0.0136076839392725,-0.342579796387685,-0.070390680236532,-4.572231667094634,-2.940798817728409,,-0.3203613350751582,,,,,-0.1424352221708414,6.710789521708238,-0.0822885088644455,-0.0051318801898517,0.0,0.0,-0.5027075170998284,-0.1973627970593263,-0.9537054370012462,,-0.4388302621313183,0.0500301613473034,-0.6150849486753082,-0.5024714129200233,0.0841524188480937,,-0.6503808658051365,-0.271090232041058,-0.3356710299194476,,,,0.0,0.0,0.0,0.2158484899341828,-0.3803000700564847,-0.3163020507688592,-0.2951486421409569,0.116190155649051,0.0,0.0,-0.6011774123847914,,0.2741,-0.0436654366543665
2002-09-30,-0.4251675209146228,,,-0.0781269690271693,-0.4060417388379831,-0.46851253753805,,-0.2231530067448528,,,-0.2102870058708343,-0.6550372011056901,,-0.9502847274252892,-0.459192266274665,,-0.3831065979626332,,0.3475509967712968,-0.1644555675420054,,0.3083338441221065,0.0061678925176928,-1.1325850257740042,-0.3162088123106198,,,2.860450458940734,-0.5942468460277771,-0.0393025370541657,-0.3410791085856813,-0.5264040300430035,,,,-0.1126457158772228,,,,,,,0.3938289021043162,,-0.4509961471139504,,,,-0.6764134983065004,,,,,-0.4280972686065891,-0.1716664290403713,-0.3307052419681395,-0.2766366928627197,,,,-0.9691424555359652,,,,,0.6739194036439232,,0.1549813823252283,-0.2373835774789628,-0.210764028634851,-0.8430342305762175,,-0.9550938976974808,,-0.1828500739171213,0.8777342467498667,,0.3700532437290448,0.5151642864207462,,-0.6888130831294045,,,,,0.244895132635898,-11.257549755556386,-0.0822997817379523,-0.7331466836354196,0.0,0.0,-0.84885801067766,-0.2229440930073516,-0.4445984710913367,,-0.5618792762538504,-0.7071918927908661,-0.5823960391584774,-0.6160900807818114,-0.6370758227622,,-0.6179948552516633,-0.4781675907697847,0.4342319985124477,,,,0.0,0.0,0.0,-1.6322417537677216,-0.5017814537936837,-0.63137411325196,-0.4188278920451579,0.3491868769894726,0.0,0.0,-0.662302731473938,,0.1888,-0.0017857142857143
2002-06-30,-0.4423548370244479,,,-0.1469371374937392,-0.4399054401405713,-0.4775558673480558,,-0.3127253981788383,,,-0.2955405025205262,-0.5924823406674806,,-0.939531956966404,-0.5184405954554783,,-0.3813326178738771,-0.5834848466735713,0.3551109340375205,0.1137993058889419,,0.1940886501181889,0.006938026307809,-1.070288696654193,-0.3409927472785442,,,2.846086927607654,-0.5932468355475767,-0.0020378762746662,-0.3169130573588256,-0.5343302655527918,,,,-0.1116170131415497,,,,,,,0.2113159228082344,,-0.4653812183238726,,,,-0.8672261650438177,,,,,-0.4454367102329606,-0.2389795681411405,,-0.2855533418054581,,,,-0.9806327671121524,,,,,0.5888597082330063,,0.3629822275661861,-0.3268372100950237,-0.258745210090356,-0.3856515896300004,,-0.94702783426422,,-0.1011750383536897,0.1653623764900546,,3.454781062779249,0.461382996159384,,-0.6725399679834052,,,,,0.1689437797706688,13.307311030502474,-0.0822879814406863,-0.2315783584516643,0.0,0.0,-0.7309417816645886,-0.2229440930073516,-1.236047692374561,,-0.5833227972665416,-0.6995787511197693,-0.6203892741805977,-0.6475356435307913,-0.6298245643624106,,-0.6597055308827917,-0.4731830911200948,2.534937838558477,,,,0.0,0.0,0.0,-0.7368015183159433,-0.5134730999963685,-0.6260319820102611,-0.4141067182835725,0.2982879415207307,0.0,0.0,-0.6325968011977208,,0.2676,-0.0533584431889517
2002-03-31,-0.4576525646269076,,,-0.3024809909965136,-0.4703483133308455,-0.4850323593180465,,-0.392832855435418,,,-0.3207039078978935,-0.5192851144091488,,-0.921674343310224,-0.5186783622184011,,-0.3943863051882471,,0.3009890129843303,0.0810376727310464,,0.0491266529046853,0.0053629217107839,-1.0046582782453124,-0.3902808442337945,,,1.9545680436135584,-0.5777797058277802,0.0185439210864694,-0.3318663203579271,-0.5338806672321496,,,,-0.1151904236138091,,,,,,,0.164575620004927,,-0.4685864254931837,,,,-0.976787075212939,,,,,-0.4608698385401401,-0.3436258144692555,,-0.2861280993835378,,,,-1.0022135115479276,,,,,0.2844869187459506,,-0.1203532919007405,-0.3059308107024422,-0.3610333567182819,-0.5599352591168781,,-0.7035195280975721,,-0.0973998952703618,0.0761951272769505,,-3.7646177589634857,0.0470700202754252,,-0.6883290284157398,,,,,-0.1033425057485638,5.113238148660608,-0.0822850849939678,-0.4192533602593499,0.0,0.0,-0.7571274540540651,-0.2229440930073516,-0.88471775768819,,-0.5745650417669566,-0.469743807683679,-0.6023166890395631,-0.5888285045152111,-0.4109146010179383,,-0.6456055468946955,-0.4626836176409711,-0.4563101160571444,,,,0.0,0.0,0.0,-0.610618872234549,-0.5016797916365644,-0.624524369643352,-0.3965804058896153,0.0316934216399525,0.0,0.0,-0.6457263897645884,,0.3437,-0.0215897939156036
2001-12-31,-0.4421672530600629,-0.7318062208131095,,-0.1881571820031827,-0.4350633512398233,-0.4798011852124546,,-0.2448088378386074,,,-0.1924109428661146,-0.5135626460891494,,-0.9210444320512394,-0.2419791898616178,,-0.358958601385329,-0.5834848466735713,0.0874842895070058,0.1552545218628941,,0.1071528506886864,-2.190428449568612e-05,-0.9783937079196156,-0.3547579758946898,,,-0.3620381574102472,-0.5150622103074378,0.0257003334592538,-0.3204093691344087,-0.5169061712526546,,,,,,,,,-0.6722050832951854,,-0.32776504319038,,-0.4602765439922057,,,,-0.9356779647109116,,,,,-0.4452474659565586,-0.3083549176322517,,-0.2648549647164864,,,,-1.0022135115479276,,-0.0228337284426249,,,0.8377719180187866,,1.1686730575115043,-0.5685643451942105,-0.3247966485951076,-0.5187233545958437,,-0.7687522466659067,,-0.1837066492395443,-0.0914515463975833,,-0.390492395618585,1.1148635880496196,-0.3123570432357043,-0.5666855604312847,,,,,0.0579399328519293,0.3147953055856798,-0.082280566820358,-0.4172444485296124,0.0,0.0,-0.6716854714450191,-0.2106129252863737,-0.6454845047784982,,-0.5063998590163624,-0.5313136096274169,-0.665628480052055,-0.6551447276671536,-0.4695577424181403,,-0.709360015836936,-0.3108216488527804,-0.1942377873361587,,,,0.0,0.0,0.0,-0.1081478403820183,-0.4268877039191495,-0.3916508815968589,-0.3072893737274625,0.0667357151122195,0.0,0.0,-0.6297696890696175,,0.3574,-0.0693396226415093
2001-09-30,-0.458518595563651,,,-0.2568180465427222,-0.4913431007672817,-0.4817822966561991,,-0.3702036315036697,-1.6610875059233392,,-0.2519517036387874,-0.6889506613452516,,-0.939727599992724,-0.5206390889435482,,-0.3753036379300236,,0.2421590528000632,0.2454067193939396,,-0.1123075281094519,0.0017209129090306,-1.015721432037356,-0.4131391530868481,,,1.600250575992654,-0.5793443705397423,-0.2528687354722528,-0.3441509585773753,-0.525586800507109,,,,-0.1141270866109318,,,,,,,0.1629084593641625,,-0.4616937820509965,,,,-1.1711706995722049,,,,,-0.4617435347460131,-0.3872827908176185,-0.3135223744213657,-0.2611375037460856,,,,-0.9505035722930164,,,,,0.7902797193636236,,-0.0403784799587966,-0.5659186000476327,-0.6374427088694512,-0.5347975662035237,,-0.6392738049982902,,-0.1023316609266766,0.0150455663654208,0.0894778425758898,-0.396594362559885,1.170281017150972,,-0.5864076615639645,,,,,-0.018416727522627,1.1459805716565077,-0.0822894628809511,-0.4279901140218516,0.0,0.0,-0.7624885439414746,-0.1573345871089075,-0.3704575127498467,,-0.5962709113763995,-0.4091055799082825,-0.6788901249717441,-0.6437173944160314,-0.3531587523156848,,-0.6784280454224092,-0.4670105106293015,-0.512100343119369,,,,0.0,0.0,0.0,-0.6653164505159338,-0.5161924536876389,-0.6310306724155332,-0.3992247081078744,0.4999136619147222,0.0,0.0,-0.674839127118504,,0.2685,0.0175202156334231
2001-06-30,-0.4772017485906242,,,-0.3126815020580165,-0.5362285177294344,-0.4860943226832629,,-0.3724403483878004,-1.6564534734921232,,-0.2942239761439579,-0.6138037414917369,,-0.9297119183408594,-0.5179428708494952,,-0.3887360347085683,-0.5834848466735713,0.1278284095782797,0.0881983129413204,,-0.4112780938127534,0.0013374819439605,-0.9656844214540956,-0.4682217470498732,,,0.5908288560407087,-0.5924096499392381,-0.4153293365077014,-0.3622666026551102,-0.5298671942073095,,,,-0.1106370464556108,,,,,,,0.1001876189567987,,-0.4674107009811181,,,,-1.3573080513950282,,,,,-0.4805920529927089,-0.5024835329970193,,-0.2669625898775499,,,,-0.9505035722930164,,,,,0.5833765283130661,,-0.0253259652191111,-0.5667097966145759,-0.6344173608810154,-0.6134736636765152,,-0.7007142602445001,,-0.1831002228635814,0.1713755207213163,0.1986984430103392,-1.1653313994556247,0.3587282996534329,,-0.6194675568816281,,,,,0.0105236818815517,,-0.0141999101541719,-0.5033929241959962,0.0,0.0,-0.8047057106365271,-0.2394853821166011,-1.078701354518628,,-0.6121849502319872,-0.4670960598984653,-0.6393407317117313,-0.6203660118426237,-0.4083927113438048,,-0.6820081075711436,-0.4935133998755209,-0.512100343119369,,,,0.0,0.0,0.0,-0.6834052643179201,-0.534499053114325,-0.6618942475229679,-0.4224143293610849,0.060508833825985,0.0,0.0,-0.6899919947292731,,0.3962,-0.0403406544150604
2001-03-31,-0.4750415638053544,,,-0.3642037758311196,-0.5417225761612406,-0.4824564475535955,,-0.4225977323686761,-1.6544353249105248,,-0.314949038051106,-0.6000700942722967,,-0.9260973393223916,-0.5187489790414944,,-0.4006803354494069,,0.1088529958662204,0.0,,-0.4637422060205178,0.0028112436176695,-0.9420371645818992,-0.4685331511068189,,,0.503448185029829,-0.5768250400187007,-0.4323781084620393,-0.3562188858660568,-0.5282065557206576,,,,-0.1025926133218475,,,,,,,0.1101081589332999,,-0.46439490091108,,,,-1.3365126034848158,,,,,-0.4784127483387991,-0.5136073911867244,,-0.2585041206879074,,,,-0.9378336784215882,,,,,0.4282386160488589,,-0.0297735706357855,-0.5664854711344588,-0.6353220757381342,-0.6089308229816145,,-0.7095531877493445,,-0.1096842689032093,0.0213609533005562,0.1381785656086061,-1.2325901620653985,0.048937934568196,,-0.6750290692721161,,,,,-0.1071446528150344,,0.0932935102175707,-0.4783877521596174,0.0,0.0,-0.748425648594317,-0.2064028038981022,-1.0007887537357505,,-0.5919128229392985,-0.4754386681449427,-0.6261829614152231,-0.6105451200856441,-0.4163387618360855,,-0.6582175995822125,-0.4693296677805772,-0.429863962642791,,,,0.0,0.0,0.0,-0.6273931882410487,-0.5104659861050911,-0.6470436984382429,-0.3908973049124712,0.1544915412235245,0.0,0.0,-0.6296601184024407,,0.4216,-0.1297888975762315
2000-12-31,-0.476556899957694,-0.7323322072588077,,-0.5265745847999088,-0.5385764301807021,-0.486461661463381,,-0.3453541821918606,-1.651551522126729,,-0.2642255494002608,-0.4024231924497548,-1.5662847114927367,-0.9163614123767232,-0.5185278116139728,,-0.396310199411452,,0.086570216859703,-0.1973829649354159,,-0.5227012997651593,0.0014643026039436,-0.9043910016221198,-0.4644542584375209,,,0.5846885690552774,-0.516389540120792,-0.3965134940625622,-0.3815216634753424,-0.5161882218999505,,,,-0.1197804204761465,,,,,0.1662201699739267,,-0.4126422555250327,,-0.46787126825449,,,,-1.337971896319306,,,,,-0.4799414967827056,-0.503850423033287,,-0.2606833278714363,,,,-0.9378336784215882,,,,,,,-0.0012369178809389,,-0.6337385585271654,-0.6739671446593917,,,,,,,,,,-0.5851064933682344,,,,,,,-0.174840766239821,-0.5319840907214288,0.0,0.0,-0.7742296982592287,2.005364164814498,-1.4126903354969784,,-0.5640965578013207,-0.7021351221777707,-0.8255895507566565,-0.8255566795797626,-0.6322594208130251,,-0.7975447166040878,-0.3076549448093491,0.1549163684077577,,,,0.0,0.0,0.0,-0.3799928460283835,-0.4563420905698917,-0.4078685968004006,-0.2890325989859563,0.8569312479920445,0.0,0.0,-0.612917531542892,,0.4338,0.0120120120120119
2000-09-30,-0.4822104142786184,,,-0.3052502133235401,-0.5511326562316464,-0.4881979261911337,,-0.0278611812372961,-1.6493165566347492,,-0.280041933371313,-0.3809281319049908,,-0.9123669412886826,-0.5189512257111756,,-0.4116476455885245,,0.0,-0.8809618484258893,,-0.7546716923367637,0.0016271877741738,-0.8357809878887237,-0.4967084984185563,,,0.3610297685337656,-0.5913204149145946,-0.3793637625883901,-0.4150193329245801,-0.538704217176053,,,,-0.1197804256424066,,,,,,,0.0596975034446883,,-0.4641069542547921,,,,-1.3410484752568488,,,,,-0.4856450505502124,-0.5305063872446291,-0.2964710044892125,-0.2457569273343356,,,,-0.958654083429482,,,,,,,,-0.3796316350631647,,,,,,,,,,,,-0.7266637536926267,,,,,,,,,0.0,0.0,-0.8358992734226223,0.4615105146178834,-0.5601978367855077,,-0.6184618132445022,-0.6410513350383696,-0.6434354297337105,-0.6565075872651677,-0.5740791919769945,,-0.6926012064047761,-0.5079527621153678,-0.5423741369390104,,,,0.0,0.0,0.0,-1.3921888992344589,-0.5475588608336919,-0.6623869199471876,-0.4477470452787965,0.0005984136161837,0.0,0.0,-0.5354831853893183,,0.3824,-0.0537918871252204
2000-06-30,-0.4839360227458765,,,-0.2285211971885334,-0.5466159472985004,-0.5299227401956683,,-0.4372548527232575,,,-0.3938228108655188,,,,-0.520462594343424,,-0.4015483925297965,,0.1357489716445672,0.1487226246290992,,-0.3958589139846131,-0.0150480274227089,,-0.4846886893182012,,,0.6524268137109412,-0.616683184126877,,-0.4017485343068817,-0.5434524089128969,,,,-0.1197804274136957,,,,,,,-0.0359960958782126,,-0.4706654137590658,,,,-1.3593281697539823,,,,,-0.4873859324364128,-0.4980625629337861,,-0.2469204110028536,,,,-2.958550461443642,,,,,,,,,,,,,,,,,,,,,,,,,,,,,0.0,0.0,-0.8741118952171423,0.8629466575482988,-0.8813933834685664,,-0.633189245673127,-0.6523500435992181,-0.666010007981454,-0.6781567593761135,-0.5848408274355427,,-0.7174605015469039,-0.5062438704104864,-0.442732693171293,,,,0.0,0.0,0.0,-0.6028926529369597,-0.5553377298062497,-0.6635369520688089,-0.4438088716746968,-0.0072327898856145,0.0,0.0,-0.7361996453121937,,0.2946,0.2276887871853546
2000-03-31,-0.5246546598156765,,,-0.4644317725026252,-0.6049333522699043,-0.5163402679734195,,-0.5192385664657994,-1.6644688640605347,,-0.2452341809922018,-0.4276813415197851,,-0.9240278029346012,-0.5201707455570959,,-0.4563331839181354,,0.0562363976094169,-0.4314418766349258,,-0.607373478098281,-0.0196257955446858,-0.7948976518091918,-0.4691613094230828,,,1.3150171983868002,-0.6103086853650856,-0.319196351066371,-0.44528429273485,-0.5506674716148269,,,,-0.1150501377465578,,,,,,,-0.4910927900233306,,-0.5309164014882413,,,,-1.4432157791605238,,,,,-0.5284649715409301,-0.4201603410695089,,-0.3561838525244972,,,,-1.250566193240849,,,,,0.4715263266833615,,-0.040045870327915,-0.3770618346962111,-0.421402552740274,-0.6633226307298294,,-0.8161659660321441,,-0.1363165867750607,0.2216084920821205,,,0.0,,-0.6967033373879512,,,,,-0.0927764380635328,0.716551911546564,-0.0822947364440881,-0.5309410997961239,0.0,0.0,-0.7943399780256872,1.0054923918618568,-0.7832552014310229,,-0.6334467840998288,-0.5760649763474339,-0.6477650587923848,-0.6480753561964895,-0.5121818965255772,,-0.6994855768532291,-0.5567445571622939,-0.4417047384153358,,,,0.0,0.0,0.0,-0.6321385880238617,-0.5813655621679786,-0.6869796410703092,-0.5155110047833127,-0.0212515467753728,0.0,0.0,-0.7361996453121937,,0.2816,-0.1538001196888091
1999-12-31,-0.5227913278309916,-0.8407011446227879,,-0.5653054679063998,-0.591343318046385,-0.5206144030550125,,-0.4681257654737031,,,-0.2582931362155349,,,,-0.5198196006495694,,-0.4387799820443643,,0.0667036973339534,-0.3697474179828655,,-0.5786451787012447,-0.0208106029105581,,-0.4624908459910844,,,1.336512972244697,-0.5807665028235214,,-0.4404023945457994,-0.5398635791009856,,,,-0.1164704615631094,,,,,,,-0.5186290394956315,,-0.5307610972117924,,,,-1.443917770105013,,,,,-0.5265851471417893,-0.417254548255271,,-0.3508832789942186,,,,-1.250566193240849,,,,,,,,,,,,,,,,,,,,,,,,,,,,,,,-0.7791926083575187,,,,-0.640579124088787,-0.6718630805407088,-0.6337760248529496,-0.6539241880976795,-0.6034263311789665,,-0.6821590578833416,-0.544602350436808,,,,,,,,-0.4572848343876787,-0.5673772750824692,-0.7248984507911503,-0.4643862518913842,0.0020759534983943,,,,,0.2426,-0.0715774843641418
1999-09-30,-0.5269249007683257,,,-0.4864542802229478,-0.6008274072837425,-0.5220707781177192,,-0.5211199130670074,,,-0.2662835874524673,,,,-0.5217424398937671,,-0.452293067448301,,0.0690454766514989,-0.4082457500189493,,-0.5767586263425949,-0.0207337102747244,,-0.4854334761634437,,,1.087792265771842,-0.620054377572015,,-0.4461152207719172,-0.5459806288397298,,,,-0.1176626964472749,,,,,,,-0.510082257330495,,-0.5282344509953482,,,,-1.43808331475278,,,,,-0.5307553064730813,-0.4485058325459606,-0.4033863730983393,-0.3421960992616454,,,,-1.2512625752159408,,,,,,,,,,,,,,,,,,,,,,,,,,,,,,,-0.8058445787657449,,-0.9007870276291108,,-0.6631480279526396,-0.6768947303867249,-0.6917518704710078,-0.7050285710721379,-0.6082188064522484,,-0.7242974877806749,-0.5647784185372529,,,,,,,,-0.5422515119222162,-0.5953871668920864,-0.7215168265497055,-0.502949949638923,0.1906305311208996,,,,,0.2052,-0.0156121610517666
1999-06-30,-0.5301803567929121,,,-0.6781591886240471,-0.6095754940794497,-0.5221263998936599,,-0.5248992178324271,,,-0.2667178133086428,,,,-0.5222291923187424,,-0.4572233093907864,,0.0647685338091449,-0.4340365764895177,,-0.58927581905742,-0.0207340652502332,,-0.4968925352045423,,,0.624934374519911,-0.5564350369819284,,-0.4414880397253055,-0.5505479054140313,,,,-0.1176627956452936,,,,,,,-0.5284751023769891,,-0.5285745278006924,,,,-1.4645780501748726,,,,,-0.5340395766491135,-0.5032384167495434,,-0.3391340541342101,,,,-1.2512625752159408,,,,,,,,,,,,,,,,,,,,,,,,,,,,,,,-0.7852434582228456,,,,-0.6711083948070129,-0.6795319936996334,-0.7086064984729212,-0.7201056335493189,-0.6107307100232519,,-0.733442734306418,-0.5723839310196956,,,,,,,,-0.5653323043573487,-0.6035392675363725,-0.7275985367002855,-0.5117636820288554,0.2752989876675686,,,,,0.1921,0.0456140350877192
1999-03-31,-0.5256195989312795,,,-0.1858036062723616,-0.5972228820669844,-0.5216624447649081,,-0.529188356057687,,,-0.2685560700314524,,,,-0.5217673106364297,,-0.4469643239566867,-0.5834848466735713,0.0895092999409305,-0.3229277855319613,,-0.5222080113972316,-0.0203266673896073,,-0.4817200295658964,,,0.8101564165426817,-0.6217694083979377,,-0.4258733154233987,-0.5448148212869052,,,,-0.1176012964774254,,,,,,,-0.5394342779798114,,-0.5277874813205237,,,,-1.4411171430067309,,,,,-0.5294384513653011,-0.4810401816238944,,-0.3337769533912672,,,,-1.248697326235595,,,,,,,,,,,,,,,,,,,,,,,,,,,,,,,-0.8176275910116649,,,,-0.6547738671614981,-0.6776224164204138,-0.68733408678474,-0.701342613081851,-0.6089119026393623,,-0.7199138882312401,-0.5518613552426558,,,,,,,,-0.6631822686779476,-0.5855227303203302,-0.7084559026672217,-0.4901061867526803,0.1875360048200327,,,,,0.1582,0.107675906183369
1998-12-31,-0.5333204812821791,,,-0.5797723475625763,-0.6140566574116346,-0.5245708339597175,,-0.5093101570623196,,,-0.284854571759981,,,,-0.5213503309700331,,-0.45490380187516,,0.0588934356561271,-0.4778817278690627,,-0.6029594237035596,-0.0208601029406286,,-0.5038658328640503,,,0.6762295779444024,-0.6021686607530791,,-0.4428609892189798,-0.5451922024497661,,,,-0.1175395411116159,,,,,,,-0.5730252978128111,,-0.530340709845471,,,,-1.498648598019056,,,,,-0.5372074944865041,-0.4962590090991797,,-0.3350814209150461,,,,-1.248697326235595,,,,,,,,,,,,,,,,,,,,,,,,,,,,,,,-0.789370055182216,,,,-0.6374259473188846,-0.6755102180152647,-0.6862016414927555,-0.6999669857561379,-0.6069001055273362,,-0.7132111714640433,-0.5349774259152112,,,,,,,,-0.5425486475786998,-0.5722814916625663,-0.6783729026009321,-0.4834403310152584,0.2403782261039559,,,,,0.1577,-0.1240641711229946
1998-09-30,-0.5354796461342634,,,-0.473082461712789,-0.6180052096167461,-0.5257702530542376,,-0.4932928557097736,,,-0.2934588619737654,,,,-0.5214375420878616,,-0.4534005278390798,,0.0563361480009382,-0.4744920091466742,,-0.6099813205194428,-0.0209263919792665,,-0.5133450959575946,,,0.4980478628763163,-0.6199784381081116,,-0.4430349434043205,-0.546813779665166,,,,-0.1175419183681005,,,,,,,-0.5817239257926262,,-0.5299038704289689,,,,-1.526382666097064,,,,,-0.5393857701797653,-0.5172178971117927,-0.3915282429543523,-0.3314998984575006,,,,-1.2558530126687724,,,,,,,0.0009568264635146,,-0.6331657935579971,-0.6725128586717498,,,,,,,,,,-0.7266637536926267,,,,,,,-0.1822093457281289,-0.5303707199020661,,,-0.7983501539362966,,-0.991261019782643,,-0.6650815134557759,-0.6776939367457125,-0.6917399019344228,-0.7051679850342226,-0.6089800233156853,,-0.7173464275616741,-0.5749727839950405,-0.5092877466389739,,,,,,,-0.5200346783787544,-0.5994548783492429,-0.7346639725781648,-0.5108776034628313,0.2573337627162311,,,,,0.1305,-0.1201550387596899
1998-06-30,-0.5378881277825798,,,,-0.6262980695186251,-0.5250068175879722,,-0.5170822567272205,,,,,,,-0.5229120006073922,,-0.4598872003942018,,0.0368581130149834,-0.5692413644659133,,-0.6653029695083506,,,-0.522916817860489,,,0.3462075858126993,-0.568156808201335,,-0.4505438060605168,-0.541300671355156,,,,-0.0509635215804519,,,,,,,-0.5888571620516537,,-0.5297698367480838,,,,-1.5438281020598033,,,,,-0.5418155693806594,-0.5366293175728647,,-0.3293631485236812,,,,-1.2179214948626622,,,,,,,,,,,,,,,,,,,,,,,,,,,,,,,-0.7857750744108438,,,,-0.6683131745667306,-0.6815547805092563,-0.6829999807681054,-0.6983296028629103,-0.6126573456328253,,-0.7129247222214189,-0.5800828414008097,,,,,,,,-0.5503150530331246,-0.6011591432974317,-0.7474823405839761,-0.5100060623535956,0.2103476007143791,,,,,0.2058,-0.0106470106470106
1998-03-31,-0.5377365100684109,,,-0.7599160457690934,-0.6259510746852879,-0.5249942422986107,,-0.5090299451621538,,,-0.3472796217779926,,,,-0.522434757577289,,-0.46108243317462,,0.0310476491334105,-0.606986830516253,,-0.679725264448159,-0.0209601398945547,,-0.5194193179163733,,,0.4553541879352591,-0.5874657214439578,,-0.4438661139058005,-0.5408885776451443,,,,-0.1015566446537065,,,,,,,-0.5972746261133968,,-0.530798759404256,,,,-1.5368928674066682,,,,,-0.5416626096929714,-0.5233213057440514,,-0.3310789700750557,,,,-1.178796176580698,,,,,,,,,,,,,,,,,,,,,,,,,,,,,,,-0.7919739611335532,,,,-0.6578527433942833,,-0.6905753566253564,-0.7103860054694023,-0.6406222360938282,,-0.7223569841869789,-0.5573560429558015,,,,,,,,-0.505887748419981,-0.5899254185981123,-0.7122001361239262,-0.496979113041921,0.201986482663292,,,,,0.2527,-0.1287525016677786
1997-12-31,-0.534243737089629,,,-0.6424383841329796,-0.6221230827735895,-0.5217554734573091,,-0.4935755110764698,,,,,,,-0.5223547494137112,,-0.4610311532453375,,0.0291969644923984,-0.6276678648440109,,-0.6844822384413005,-0.0215774373695191,,-0.519242291917359,,,0.4617178648245804,-0.5972424837883094,,-0.4575132831889821,-0.5420761322254859,,,,-0.0893054854065844,,,,,,,-0.6029580345683188,,-0.5261624450034202,,,,-1.51638857987378,,,,,-0.5381389220623508,-0.5224875913218243,,-0.3132085612453982,,,,-1.178796176580698,,,,,,,,,,,,,,,,,,,,,,,,,,,,,,,-0.7757453894564902,,,,-0.6440120172942176,,-0.6305920455803251,-0.623582514563685,-0.4632134977133731,,-0.6584673550398435,-0.5661972176710287,,,,,,,,-0.5972402689177803,-0.5727919435973171,-0.7626819088686898,-0.473451357023329,-0.2111173764632862,,,,,0.2313,-0.1013119533527695
1997-09-30,-0.5375532674482612,,,-0.7838095679014491,-0.633980127773841,-0.5206335465404712,,-0.5100946497694563,,,-0.3029356372555133,,,,-0.5229562533341063,,-0.4692575405146674,,0.014483426183989,-0.6596188043099486,,-0.7251094837189789,-0.0164040465390022,,-0.5132220816974638,,,0.7272050071301793,-0.6015758490669643,,-0.4517734611837625,-0.5485543433681048,,,,,,,,,,,-0.6091204774530787,,-0.532736810892293,,,,-1.5457666794867089,,,,,-0.5414777451861894,-0.4920695216620889,-0.3956778089199526,-0.3352428655424598,,,,-1.1234266730360678,,,,,,,,,,,,,,,,,,,,,,,,,,,,,,,-0.8007742566441705,,-0.9207938556567372,,-0.6759771553965753,,-0.7044555093882857,-0.7279851485392858,-0.6690331983431009,,-0.7371410599086975,-0.58056402420487,,,,,,,,-0.5490401596448341,-0.6101155320782472,-0.7337294461236724,-0.5215624468797888,0.2681426272467943,,,,,0.2506,-0.1055817081371889
1997-06-30,-0.5415885364935921,,,0.3438268894793237,-0.6476585646128498,-0.5195524714276744,,-0.4480231484584134,,,-0.314370420518133,,,,-0.5225298760576412,,-0.4739956607842057,,-0.0124394076131244,-0.6995050963664723,,-0.7959848448517265,-0.0148599966691975,,-0.5250865607554205,,,,-0.6174249046735538,,-0.446778294613297,-0.5668083845639222,,,,,,,,,,,-0.6279236451450815,,-0.53398303258283,,,,-1.5997626716641171,,,,,-0.5455487305344033,-0.635554933736403,,-0.3353198775298645,,,,-1.0974402425902958,,,,,,,,,,,,,,,,,,,,,,,,,,,,,,,-0.7661520763349098,,,,-0.6826331067469324,,-0.7122727493009924,-0.7640260878019558,-0.8178381997316138,,-0.7454673851861079,-0.5850050225830093,,,,,,,,-0.5120279421655402,-0.6159420303828794,-0.7379498620734581,-0.5261883307321211,0.6146414575304712,,,,,0.2471,-0.0736698499317872
