,totalAssets,intangibleAssets,earningAssets,otherCurrentAssets,totalLiab,totalStockholderEquity,deferredLongTermLiab,otherCurrentLiab,commonStock,capitalStock,retainedEarnings,otherLiab,goodWill,otherAssets,cash,cashAndEquivalents,totalCurrentLiabilities,currentDeferredRevenue,netDebt,shortTermDebt,shortLongTermDebt,shortLongTermDebtTotal,otherStockholderEquity,propertyPlantEquipment,totalCurrentAssets,longTermInvestments,netTangibleAssets,shortTermInvestments,netReceivables,longTermDebt,inventory,accountsPayable,totalPermanentEquity,noncontrollingInterestInConsolidatedEntity,temporaryEquityRedeemableNoncontrollingInterests,accumulatedOtherComprehensiveIncome,additionalPaidInCapital,commonStockTotalEquity,preferredStockTotalEquity,retainedEarningsTotalEquity,treasuryStock,accumulatedAmortization,nonCurrrentAssetsOther,deferredLongTermAssetCharges,nonCurrentAssetsTotal,capitalLeaseObligations,longTermDebtTotal,nonCurrentLiabilitiesOther,nonCurrentLiabilitiesTotal,negativeGoodwill,warrants,preferredStockRedeemable,capitalSurpluse,liabilitiesAndStockholdersEquity,cashAndShortTermInvestments,propertyPlantAndEquipmentGross,propertyPlantAndEquipmentNet,accumulatedDepreciation,netWorkingCapital,netInvestedCapital,commonStockSharesOutstanding,investments,changeToLiabilities,totalCashflowsFromInvestingActivities,netBorrowings,totalCashFromFinancingActivities,changeToOperatingActivities,changeInCash,beginPeriodCashFlow,endPeriodCashFlow,totalCashFromOperatingActivities,issuanceOfCapitalStock,depreciation,otherCashflowsFromInvestingActivities,dividendsPaid,changeToInventory,changeToAccountReceivables,salePurchaseOfStock,otherCashflowsFromFinancingActivities,changeToNetincome,capitalExpenditures,changeReceivables,cashFlowsOtherOperating,exchangeRateChanges,cashAndCashEquivalentsChanges,changeInWorkingCapital,stockBasedCompensation,otherNonCashItems,freeCashFlow,researchDevelopment,effectOfAccountingCharges,incomeBeforeTax,minorityInterest,sellingGeneralAdministrative,sellingAndMarketingExpenses,grossProfit,reconciledDepreciation,ebit,ebitda,depreciationAndAmortization,nonOperatingIncomeNetOther,operatingIncome,otherOperatingExpenses,interestExpense,taxProvision,interestIncome,netInterestIncome,extraordinaryItems,nonRecurring,otherItems,incomeTaxExpense,totalRevenue,totalOperatingExpenses,costOfRevenue,totalOtherIncomeExpenseNet,discontinuedOperations,netIncomeFromContinuingOps,netIncomeApplicableToCommonShares,preferredStockAndOtherAdjustments,adjusted_close,10%DDret
2023-09-30,0.3476877515850715,,,2.9633460217250023,-0.4355440980849575,-0.1653939185757319,,,,,,,,,1.373602091005213,,,,-0.02637843866171,,,0.0157088383388347,-0.0542487989241224,,0.040170734702015,,,,0.0853052634866528,0.4670265618311266,,,,,,,,,,,,,,,0.0677878807369345,,,,0.0151281191675881,,,,,-0.0020037089032389,1.373602091005213,,,,,-8.636281804678035,0.3904879903942289,,,,,,,-0.0698336782907702,1.340239868671211,-1.3383219113070597,-0.4774444076045114,,,,,,,,,,-1.1334346294633608,,,,,,,,-0.413197008073595,,,-0.0740944842442763,-1.347621088726961,0.0881230464080472,,0.7950564772412048,,0.1033740188221756,0.9590414390426404,2.8595526014466444,,-0.1425755889445372,0.5098078088434874,0.6015318002313809,-0.5375509957997548,-1.2567868852459017,0.573122163563953,,,,-0.2169306655550924,0.7194700551759559,0.658001361382127,0.643684909194852,-4.295941131422103,,0.6775222522910169,,,83.371,-0.0828185093869804
2023-06-30,0.3671107630317143,-0.3276374442793462,,25.20563550273884,0.4127671003470837,0.0,,2.396574268670671,-0.0237068965517241,-0.4583333333333333,-2.42746881002685,,0.2915322194187908,0.2270978061743787,1.3682257790357504,1.4234406838828046,0.8474654326895151,-1.015044842394321,0.1875174721189591,0.0225750677629542,-0.2481976088427701,0.2141536803160818,0.0542487989241224,0.2349189206968763,-0.040170734702015,-1.6172155891730546,1.2228064463927044,,0.1082688080088514,0.4357487350289298,-5.005571992826786,0.773622459943499,,0.3109424627412656,,-0.6205428823326774,,-0.0087719298245614,,-1.9691654036676645,,,0.4589268963427779,,-0.0157214873702862,-0.7179030785184727,-0.0089105151918083,-0.1279543251104168,0.3060379378843449,,,,0.8758149383755591,0.0203279108199731,1.3682257790357504,0.071812133424895,0.8184342336706383,,-0.014115110290032,-0.2803808689342651,0.3775335938882803,-0.6150119365257688,0.4896401186545027,0.0798532589577365,-0.0059676277555401,-0.1076126641212278,,1.4468586883921135,0.9482621596691672,1.3437656639599345,1.0907517406868337,0.6719128329297821,0.0411620643943649,0.0251378169790518,-0.4833393441025808,,,-0.6680785051941713,-0.0074647076314343,0.240700322361222,-0.1337799571793632,,1.733273305343538,,1.5007241030685576,0.3528403340080971,0.5995885769603098,21.22804493766269,1.1737031476884303,,,-2.800911777967036,-1.2345477925417916,0.1226567965076638,,0.7733805072001791,0.0,-2.95098015041302,-2.2619976526467784,-0.1784455553383416,0.5314877113287193,-2.2966750139120755,0.4499006729816018,0.5520533835797654,-1.7104845354609215,-1.7129836065573771,0.3000216109413108,-9180000.0,0.7942143899623151,,-1.2306169237182158,0.6506161911842444,0.7844154160318952,0.5751993507775827,-10.352778610195452,-7607000.0,-1.61720014082153,-3.1523617047913723,,84.321,-0.0583603135636436
2023-03-31,0.3774355608178864,-0.3064635958395245,,7.009711261721288,0.3902240831820403,0.0952215918839753,,1.145469289414114,-0.0193965517241379,-0.375,-2.061195329224102,,0.2886020533881809,-0.2374320034461881,0.9680630777159472,-0.0720739736481056,0.8028307364108836,0.0151836055037831,0.2642472118959107,0.0240926559302966,-0.2463839386420031,0.2218388911432682,0.8249808118758265,0.2698257809159384,0.1587608133801447,0.4934960314768333,1.2759520613797108,,0.0975129800584539,0.4380437014708365,-0.4448038584274777,0.7322929824469451,,0.1198769240166137,,-0.650133414296641,,-0.0043859649122807,,-1.672626421138719,,,0.395267809803476,,0.0217173247170699,-0.5876271107740407,-0.0058966644651672,-0.1376617780582016,0.3137245875718653,,,,0.7868227795482887,0.0321988536196134,0.9680630777159472,0.1076534690247554,0.8704761401812591,,-0.1494065084227116,0.2156523167701438,0.408034787434044,-0.4448111220334222,-0.0527061062293613,-0.1783339196274519,-0.0020012014703958,-0.1031667416545589,,-0.807447782239777,1.1379909801889714,0.9508394282801266,-0.4147527072667704,-1.5907990314769975,0.0620127171006807,0.0300418963616317,-0.4836726426817033,,,-0.2351669804085616,-0.093850490617348,0.0795552006624671,1.1077422473927758,,-0.85559429454897,,-0.7062327513184141,-0.8933641194331984,0.1660212971926427,2.455130839841074,-0.5409146715592457,,,1.5082768541513094,-0.7601371624517789,-0.0320544039386184,,0.5594045191526223,0.020975543601103,2.027493527308593,0.7351770149574949,-0.255212667914095,0.6777089716942725,1.2144198664440735,0.3949772521534287,0.6204718413332226,0.7455535681987179,0.488327868852459,-0.4598190855484548,-41554000.0,0.3461781427668983,,0.8919688759205224,0.5838641033647284,0.2180804512009335,0.5164920700304767,-1.0045949455598842,-41775000.0,1.7959439132027295,0.6270098188256756,,83.7738,-0.0522096407229944
2022-12-31,0.3788308744636273,-0.2850325751514458,,7.285953022003528,0.3974896635031564,0.0688153806322386,,1.1810832482704152,-0.0129310344827586,-0.25,-2.106940041627339,,0.2871466758309719,-0.2407378236299078,1.156690168571818,0.6328757336883722,0.8079736209975934,0.056324128713739,0.2327866171003717,-0.0066743678603516,-0.2831536205729754,0.2226030131554723,0.8181715451866339,0.294475752957558,0.1552122741286081,0.4074096058612034,1.2612140769721374,,0.0613643168340499,0.4391764847902791,-0.50611837740728,0.6956537975711897,,0.0795947349132665,,-0.6461543401976984,,0.0021929824561403,,-1.709661836431153,,,0.5972627641537467,,0.0277106359462263,-0.5586992524261326,-0.0044090436581315,-0.0609070343638909,0.3279593834801912,,,,0.759794360182333,0.0338031163683068,1.156690168571818,0.1329633340463137,0.8852648811579131,,-0.2283111414820313,0.0779330125199367,0.4139092331169483,-0.6497682909703694,0.0444226786813678,-0.2943196475534784,-0.0036388888160195,-0.3549553362628998,,-0.1883797445390901,1.1679740321364016,1.1410273638048678,0.1953896384878643,0.324455205811138,0.0487114386500999,0.0270077177508269,-0.4797200633780067,,-1.1135763624695718,-1.0165411699086662,-0.1305222184197118,0.7362020524650282,1.3784101111955245,,-0.4941908959875477,,-0.1889928526538084,-0.1979946862348178,0.0681268151016457,1.6173448417591452,0.0867757020836844,,,0.8720791257237327,-0.8415773681954565,-0.0061098173253167,,0.4318404134688852,0.0075945933728131,1.276513376895574,0.5686801018020565,0.3938447789538358,0.2975851207439628,0.6847871452420701,0.3629943552481597,0.5097214154263706,0.1289816917542555,0.1163934426229508,-0.109598345219351,438000.0,3.263903108458405,,0.3591079616506878,0.5423533501942575,0.3130530614890927,0.4797649738844252,-0.9634069190557054,-388000.0,1.3819143904668092,0.8296460572675406,,83.4376,-0.0429268511004665
2022-09-30,0.351173218510061,-0.2645540442717263,,-0.000315662426887,0.3739565932755139,0.0149332289073855,,1.162860116809397,-0.0150862068965517,-0.2916666666666667,-2.12882318150811,-0.1425664304044903,0.2774537907148103,-0.2460611985360563,1.18245084883277,0.7291502610022812,0.7693643949850023,-0.0998756609506003,0.2231910780669145,-0.0395025934902262,-0.322386645612452,0.2177699241091059,0.8158792636235682,1.7450332759546965,0.0930134562456235,0.2211264500373109,-0.1021964569590008,,-0.0177271756732177,0.4400460062372127,0.7300085387723214,0.7218654510385601,,0.0144377595895431,,-0.7356528542485301,,0.0,,-1.7273786638153257,,,0.812943897735284,,0.0157214873702862,-0.6481372564193842,-0.0032671499045594,-0.0830673581508441,0.3195218485586906,,,,0.7506954732948914,0.0020037089032389,1.18245084883277,0.1032179806144389,0.8298695600953824,,-0.3538306346396717,-0.2005859522065618,0.427342004678508,-3.775733745260497,0.429713997873174,-2.468566259611036,0.0008177194023228,-0.3626378902853037,-0.3099969811223801,1.2594354792159708,0.814650224324977,1.161350252009786,1.2943348300336617,-0.7017756255044391,0.0640798076707034,-1.3172745314222711,-0.4440562608001558,,1280.996276850676,-0.7561702572683539,-0.0106508260089672,0.2874042528021767,3.4610125008633195,,0.6443376504625994,,1.264974880845034,1.0475455465587045,-0.0326718296224588,-1562.8731333059322,1.0788064682325238,,,1.3222283452732828,-0.7187312473210459,0.0883178521778399,0.0,0.4540322462904113,0.0230550155960399,1.8072494143755395,0.6604320831633713,-0.1227022649202669,-0.0653967301634918,1.0590915414579856,0.3790499437359838,0.4433726941232176,0.4184569625595369,-0.1064262295081967,0.1002130221357784,-9794000.0,1.6184024222885398,,0.6092816451299152,0.5592006705355159,0.6587144663057923,0.4958493410006622,-0.9912762627776112,-9794000.0,1.726813343906802,1.1457263963657829,,67.6384,0.201391517244642
2022-06-30,0.3619530929922012,-0.241694288871109,,-7.427351220870856e-05,0.3908710149751962,-0.0025617558841076,,1.2565370967835272,0.0,0.0,-2.180484000690881,-0.020028878333004,0.2895556146461098,-0.2472090960899427,0.8316611554943465,-0.5818443078771544,0.7846444424384409,-0.0998217989541643,0.2893449814126394,-0.0695447990516961,-0.3582900969997744,0.2234738212872407,0.8080138109740407,0.3372219237558521,0.0848006970648875,0.1554677430296452,-0.0944025282957801,,0.0263472137983074,0.4425338532050017,0.7693369296253432,0.7032641396696944,,0.0,,-0.7042187527368906,,0.0153508771929824,,-1.7692038233204468,,,0.8330507536429475,,0.042149341353692,-0.533130059279667,0.0,-0.1738015727674243,0.3448067663065686,,,,0.7194746734028984,0.0143978764225461,0.8316611554943465,0.1768538427765707,0.9072540186133804,,-0.569433879088946,-0.2828588443872487,0.4433005965336943,-0.5231006881056032,0.1564224548049476,0.0,0.0,-0.6099307680953491,0.8613853436703128,0.3042607053623702,0.7175111790120764,0.8169041722923612,0.6720821368160182,0.2982243744955609,0.0,0.0764718853362734,-0.4438682462170611,,-0.0316427076366531,-1.6282332845290386,0.1513918803198665,-1.0446751249519417,0.3863526486635817,,0.3930227931861251,,0.3305813513207561,0.6818003542510122,-0.6822362052274927,-5.611659131387861,0.6816942733914437,,,1.401554459767976,-0.944706386626661,-0.0565113828553213,,0.4859768056413975,-0.0414086162470051,1.79043274565405,0.5938253098731479,-0.2485100678638255,-0.0071996400179991,1.0472314969393433,0.3118648003517069,0.328443743684619,0.8826945879137442,-0.4923934426229508,0.4636473094378068,-5015000.0,1.068595203345895,,1.0104904821453384,0.4881976739933015,0.1285533694207643,0.4230629070424753,-0.7726833816135584,-5015000.0,1.6413531668841814,1.0790156135424678,,64.3745,0.0511631158300258
2022-03-31,0.3558250018311731,-0.2174057987579533,,-0.0005663355305914,0.3742027564117176,0.0523109869309516,,-0.0213938375784279,0.0237068965517241,0.4583333333333333,-2.1377714892852344,0.0403222994635536,0.3016695704000292,-0.2526235541715626,0.732493723563072,-0.9524594289611054,0.7390162715105114,0.9714458385673804,0.3168286245353159,-0.0833389959757487,-0.3747755470336115,0.2332692004273679,0.7909564077146328,0.1649791134452399,0.0548311009589201,0.1063869479682518,1.2520025511418265,,0.0177271756732177,0.4443330320595943,0.7186886124414271,0.6486860104930474,,-0.0658364891277791,,-0.5669319382732628,,0.0394736842105263,,-1.7346233108418283,,,0.8413533527934605,,0.0511623347311831,-0.3314011979755142,0.0023627606919454,-0.1798341053538726,0.3639434984713764,,,,0.6517677279073981,0.0073520997254978,0.732493723563072,0.0,0.8180767527735237,,-0.3659650861304153,0.0,0.4518730775302452,-0.3011515236624069,-1.097056025074159,-0.2957100021776638,-0.0018670385253768,-0.2720691145322979,0.8613853436703128,-1.113761740234681,0.986281971761757,0.7195300652047326,-0.4881903038545185,-1.6739305891848264,0.0533399240568899,-0.8759426681367144,-0.4438314979121835,,0.8107577028574833,-0.6762357944641986,-0.062590624845399,0.5163812734746991,-0.0405414738586919,,0.4805100983132833,,-1.048329488365557,-0.6026442307692308,0.0695788964181994,0.9568434032059188,-0.5195746143285469,,,0.4100495967135915,-0.6819545649378482,0.0202066712121346,,0.382823716061339,0.0122508024049545,0.6146138988205317,0.4788600572073503,1.0929706481972798,-0.0916239902290599,0.2179790391393062,0.3073691669761481,0.265121523794647,0.5408066882373038,-0.7050491803278689,0.6638881170695563,-7477000.0,6.386128477138563,,0.7150201472835904,0.4774031148176568,0.4093870539042494,0.4163003997340212,-0.6974994173076283,-6113000.0,0.77702190912744,0.0,,75.6644,-0.0816368067413474
2021-12-31,0.3804060857729522,-0.1950222882615156,,-0.0003527991829913,0.4078272592893459,0.0381411680992828,,0.0337747379613431,0.0366379310344827,0.7083333333333334,-2.0856396147115834,0.1095328937938149,0.3032619272635471,-0.2542805193363031,0.98734828889368,0.0,0.7968457494195931,1.0091821010195436,0.2785836431226766,-0.0431417850158931,-0.3267358448003609,0.2382723637747281,0.8357078124195833,0.1905747365882004,0.1256718093538473,-0.0119225290007462,1.2440940114801382,,0.0567860227090836,0.440578320852523,0.7480642490157814,0.732879350919583,,-0.0860233935988272,,-0.6181446362781791,,0.0526315789473684,,-1.6924167797833527,,,0.7259792697208579,,0.0538584795064821,-0.1955919453946044,-0.0025680909724289,-0.1720872254966836,0.3774147331622076,,,,0.6241051221652579,0.0356142165697448,0.98734828889368,0.0262808317103648,0.8662716773572412,,-0.3583346994107755,-0.0817150054419626,0.4903535670036021,0.0980901558769835,-0.2328874461297364,-0.3501515989078178,-0.0092864742390281,-1.7600304456770517,0.6440261550418468,-1.2547352623463153,1.2914299028332932,0.9889512425586192,0.6159699236289456,0.2219531880548829,-0.0012582290426225,-0.597045203969129,-0.0850526697216187,0.3996573602968396,0.5322289344211247,-4.36831555462595,-0.0649877364788878,0.220566054476089,1.1225913391808826,,0.7893750458062422,,-1.172797145745748,0.3634994939271255,-0.1834462729912875,0.0970680915193862,0.5578703606517654,,,1.199245671917382,-0.0624089155593656,0.0096340307970212,0.0,0.2879438974893056,-0.0426743818091406,0.9708872724283896,0.342973831265844,0.3054598262909487,-0.1306220403265551,0.8764955481357819,0.3287065330141537,0.2887477606330269,0.0,-0.6257049180327869,0.5891760056805903,-56213000.0,0.2937242686300564,,0.2476379046825066,0.4978310393724009,0.3706849048653204,0.4406553532299077,0.2446974994173076,-56213000.0,1.752687522003364,0.3575376030618997,,76.0486,-0.1029788845554025
2021-09-30,0.4098332384879581,-0.1726387777650779,,-0.0005106303964348,0.4190224070622697,0.1758128628798843,,-0.0049198529931621,0.0775862068965517,1.5,-1.7842060361386718,0.2295467739891338,0.3043065874804223,-0.2533391185706429,1.3062407034605528,1.1917859375380544,0.7989207058372104,1.0042815722590634,0.2354773234200743,0.0,-0.2751770809835326,0.248957255755898,0.5723771868307932,0.185021434758297,0.199607308361861,0.0,1.32093211868521,,0.0838565781495767,0.440515512182432,0.7946836861024621,0.763248651680093,,-0.0742655142926948,,-0.6199035446748136,,0.094298245614035,,-1.4483728853300488,,,0.8996638175642213,,0.063125833497369,0.0,-0.0026505740765548,-0.0533694464535787,0.4038828538976147,,,,0.6777675928985337,0.069448104057979,1.3062407034605528,0.0205788650103006,0.907059029033136,,0.218851131940978,0.628036717846215,0.5275520113279213,-0.0417076253335205,-0.6540549616611631,0.1382481531735263,-0.0001139260762172,-0.5417836685262478,0.6913647253784837,1.36533054068986,0.9085826512797216,1.282901514618274,1.3084626321320394,-0.596045197740113,0.1276877794504235,0.1841146637265711,0.2137700171435115,-2.7502001601281023,2.9414450151769107,-1.8398347626019664,0.2998332732355346,-0.980534114098128,0.5005870571172042,,2.174723330297034,,1.3538892727350798,1.4485766700404858,-0.3389399806389158,3.848472393478559,1.3509731677869496,,,1.2619250395413917,-0.9549078439777112,0.1489024465833724,,0.4539349136903168,0.0870439853532842,1.1325442814285127,0.4988601072575256,0.4336805652526042,0.119394030298485,0.8990099239473196,0.3554124542970093,0.2981201521061032,0.9503406418939288,-0.5942295081967213,0.5595381433114137,1164000.0,1.2272638159757772,,1.0689523412533,0.5313466498442437,0.880490097565719,0.4677988376080175,0.1004894615922485,1164000.0,1.4786545142901848,0.976695938332767,,62.0875,0.0987267968592713
2021-06-30,0.704532173509888,-0.1402541242808702,,-0.0003063782378609,0.7884689400209075,0.1727885582635729,,0.1028982447894821,0.1142241379310344,2.208333333333333,-1.7479801319304025,0.3511102772663099,0.3074568909469362,1.4310096414036666,0.9148756035453248,-0.2708497389977187,0.8387290917086985,1.0698544448014955,0.3135698884758364,0.0105400650826368,-0.2625806451612903,0.2593151617082734,0.7907670998073356,1.9647669586764167,0.2223859154963821,0.0261854690997897,0.0,0.9679000353232072,0.1396710046810995,0.4387657784511025,0.9814406797443856,0.7488095737264994,,-0.1366128145614463,,-0.6347265444821365,,0.131578947368421,,-1.4190440003898466,,,0.9195084861302896,,0.0930824794893822,0.2510099212184061,-0.004948401260997,-0.0600113879441683,0.4317099734971871,,,,0.6510162969910788,0.4082783914119424,0.9148756035453248,1.8479691317024844,0.9927752298236564,,0.014115110290032,-6.9565224831778325,0.5711415463952048,-0.5872068529700885,0.3809313259080987,-0.1928405112484714,0.0795256477952868,-0.9460567335274128,-0.0402313616422694,0.8233625516405406,0.677493347915964,0.9110639014911556,1.3211180857221532,0.0,0.1579751499764082,-0.1856670341786108,0.902421285985564,,2.076277175605384,-2.5532838318343445,1.1186662062852266,2.9293940200514594,0.6165481041508392,,2.246826718039458,,0.7734747969193415,0.9400493421052633,0.0315827686350435,-3.0942594876010414,1.3544098886394484,,,-0.6591782547395993,9.253493356193742,0.0067827827118734,,0.3008891333018624,0.1175127706704037,0.9105905560350142,0.3771981411364893,0.4637975814784819,0.0071996400179991,0.7861945835652012,0.3767772599222619,2.7032124848064747,-1.6276050563717115,7.482819672131147,-7.045969559445525,-16443000.0,1.1301980090182324,,-1.1589898568848132,0.5523644115661986,0.3602476418916728,0.4950652484622315,-0.0107548363466853,-16443000.0,0.4818514475101971,-0.5370128592634986,,62.2547,0.0957759012572545
2021-03-31,0.4231919479898549,-0.1159656341677144,,6.094912264413703,0.436527620288841,0.2511980728500608,,0.0576690101846542,0.1551724137931034,,-1.4923715196421374,0.4917142207249911,0.3065873701329747,0.1431989721326033,0.666970057200701,,0.8190823824583204,1.0045554468172124,0.0608327137546468,-0.0523907676278058,-0.3377893074667268,-0.0157088383388347,0.7700045424947023,0.2104909710877454,0.1171748874290049,-0.0165185536937792,1.3630065396807265,0.953076062639821,0.1819527561608917,0.395519559109863,,0.7793859051432704,,-0.1763910945516736,,-0.613129192916489,,0.1732456140350877,,-1.2121004956417707,,,3.347718678808854,,0.1643755427509459,0.4268677738395579,-0.0617412358776933,-0.0509656668872439,-0.0151281191675881,,,,0.568602267438349,0.0848072887759997,0.666970057200701,1.8985410170102104,1.0292728107341764,,0.2303961747375749,-8.946720105142825,0.5837706478633378,0.2894256424659458,-0.5908434544131639,-3.242306983600516,0.0251671696527915,-0.4941304931595037,-0.4716032809418898,-2.3420273602097783,1.2632086823394484,0.679415397019395,-0.1466447874929052,,-0.0027860785943784,-5.948489525909592,0.2611343090720455,,1.4578877964642267,-1.936920448999512,0.3448438893799284,0.5559636826072812,2.759306581946267,,0.3017662886997309,,-2.1908353143700303,-0.1983173076923076,-0.2506050338818973,2.67488697081792,-0.3981917930146399,,,0.949716232367402,-0.593056150878697,0.000885480771785,,0.2398129267426185,-0.0442113828488766,0.8957136399128756,0.2965172585516981,0.3039405702795543,-0.0789389101973472,0.7533852717492117,0.3298411599468118,0.4335707347076253,0.5061194959705781,-0.1393442622950819,0.131209286530209,-48988000.0,0.7620624305661446,,0.6850423787689315,0.4973909715642274,0.3386600110207124,0.4421296953817938,0.0594013252089368,-47914000.0,1.325600002844879,-0.0393110725591544,,63.0314,-0.0450791192960968
2020-12-31,0.4868498631248425,-0.091200899150379,,-0.0005106303964348,0.4912219293173953,0.3093475436308643,,0.4049129087391675,0.1939655172413793,,-1.3489386424183636,0.5390109309305321,0.3069497807614219,-0.2565045708469581,0.9055740407763394,,0.9195862609320558,0.938548026642517,0.2783085501858736,-0.2231836130678686,-0.5419039025490638,0.2249764329322731,0.7628708118982034,0.2227378381045314,0.4206613059694234,-0.6299606539583474,1.3954612521537155,0.7401301071470623,0.2378536713692549,0.3900093233011702,1.6456538617364538,0.8773933005927891,,-0.1134635353041778,,-0.5854771093763684,,0.212719298245614,,-1.0959756826197684,,,0.8507920970908858,,0.0715187621557266,0.5704313640514479,-0.0689775195517131,-0.0496822148012496,0.4372807346733182,,,,0.5402859345633352,0.1579980170558186,0.9055740407763394,1.943233628657308,1.061527337132922,,0.8266002599537928,0.8087235688322711,0.6646160322616137,-2.1159949445302626,-0.9230033021771982,-1.9029431964755348,0.000656573965568,-3.0444752299875693,-0.7881036952346696,-4.992735278838304,2.5329189057494648,1.266548073826176,-0.43912513276425,,-0.0428247242006875,-2.817181918412349,-0.1118045810607782,-1.519848136573775,0.0661610404239245,-7.968486369657673,-0.0902956250672593,3.175311270813001,1.000828786518406,,-0.3220431852526585,,-4.771944616849937,-1.0861462550607288,0.4880203291384317,1.0119879435539114,-0.5576424454817916,,,0.7498264472864944,-0.6766395199314188,0.042556205891989,,0.1338274584998126,-0.0844898512725464,0.7306702831545637,0.1781786240706308,0.2641271259809534,-0.0467119501167798,0.5622101650899648,0.3507034781306061,0.3916097570500398,0.1223899194115637,-0.2802622950819672,0.2639004661788768,-57232000.0,1.1360358986646917,,0.3534111435320272,0.5157105747562782,0.4911996369647661,0.4648036196224392,-0.0362268171677821,-55752000.0,1.2627566170116675,-0.2759465598340279,,48.9425,0.2298104919037645
2020-09-30,0.537499808833579,-0.0678648988455823,,-0.0005384829635131,0.5050424822939943,0.5715635545710287,,0.5055331362943196,0.375,,-0.6006811112022206,0.5896503994983648,0.30027485195592,-0.2508904784081406,2.347042566814253,,0.941929508309255,0.8516768426280272,0.02637843866171,-0.248884459444155,-0.5726189939093165,0.2200896544426195,0.761646799778917,0.1378649665047638,0.6119693906578231,-0.8445322569703548,1.541810739545554,0.6656452372542093,0.2328253157962859,0.3885740783718567,1.6108708740700566,0.934681172789358,,-0.0446494014170535,,-0.646611218478318,,0.3969298245614035,,-0.4901782700138847,,,0.7779098425128035,,0.0452735659084492,0.5125292141961646,-0.0708623462289719,0.0,0.4413407187616231,,,,0.5354273918774404,0.2162328242419278,2.347042566814253,1.807548773486136,0.9636039761625238,,2.1542826374319954,2.1015422316838595,0.7847073062222244,-156.28703833731217,1.7352997145575642,-0.1514481464730221,-0.0112374582942493,-1.2872048129778255,1.2432219774290725,3.1759118008427407,1.694772275837269,2.539330803637132,3.170084350958432,,0.3259487271665131,78.35365821389195,-0.2495577384238566,1.20276866654614,1.0244807222097363,-2.17501568709475,-0.282027834036231,5.9125780025434,1.0300435112922164,,1.7174775680288137,,2.987012987012987,3.680339068825911,0.7093417231364957,-745.7886696807782,3.29187476421276,,,-0.6105834949580253,-2.496442348906987,0.2381057795329974,,0.1873409220317207,0.2864924732154966,0.4719763284428553,0.1849454077712907,0.6308263747311978,-1.7051147442627868,-0.3170214245965498,0.4403414067744739,0.7206197493861571,-0.2865411282381077,0.8246557377049181,-0.7765119940724275,-230122000.0,21.27631951554229,,0.0,0.614194516131392,1.2070273248841203,0.561863960914034,-2.45519928079113,-227896000.0,0.0555462701853083,-4.86012197521149,,41.1361,0.1185455111204027
2020-06-30,0.5441494824823141,-0.0435764087324265,,-0.0006498932318262,0.4540221580732811,0.8801586037304759,,0.523060835942251,0.4439655172413793,,0.0386544564456951,0.3982874451198218,0.2963845073095885,-0.2384164503701189,1.5279663258229694,,0.8567428917278589,0.7544550261458911,0.1676018587360594,-0.2200125333152128,-0.5381141439205955,0.2210688806114777,0.7494684386125475,0.1575783656956154,0.5390280053781218,-0.7494488162268503,1.7140455588238095,,0.2763235144994163,0.3916263124673428,1.6567736353702098,0.7685803462391178,,0.1079663449792328,,-0.4815789012734205,,0.4671052631578947,,0.0274347395585412,,,2.3013231721172502,,0.1008675853832616,0.4517869027534864,-0.0668540183603879,-0.0946030378110524,0.4121726135376168,,,,0.4870871126933203,0.2238782907348533,1.5279663258229694,1.8087871078138893,0.9644976784053102,,2.396870976594949,3.6862554505192113,0.8194373352595902,150.62357814913636,-0.7486987183074942,1.8553696165636464,-0.0858133178833584,-0.5037905934950819,-0.0209233911630386,1.2308383702616454,1.358536956436164,1.699155985845646,0.5675060551737315,,0.3217471408991844,-71.43015656008821,-0.3687572748824481,-0.4915846655819279,0.9902223329389052,0.1988600711148295,-0.3927218590569762,1.1914825658770296,1.4295876787070931,,0.7564154914093665,,1.1664968635212098,-0.023728491902834,-0.1004356243949661,0.5606247431154953,0.479485535483693,,,0.3589070115296256,0.3243891984569224,0.3280706259463575,,0.1407283398465064,0.2822657203562226,0.2046192413594706,0.0202703209967992,0.6266484206998632,-0.1096230902740577,0.3036426451493229,0.3136384266723764,0.475063092791557,-1.1953616431198375,0.0,0.0,-1771000.0,1.7687934301958308,,-0.785431429762401,0.4681709311149501,1.53635214417685,0.4166470756634758,-0.2900809109979023,-126000.0,1.3406209660499204,0.8545776474165221,,36.9477,0.2453440944903201
2020-03-31,0.5505222666622664,-0.0183354288109117,,-6.498932318262e-05,0.4896511322028542,0.7345771891841371,,0.6202330904270188,0.4159482758620689,,-0.1172107937981196,0.449281113249222,0.292051240848332,-0.2425700927145624,1.101756207603843,,0.9160521464810604,0.7781123104788058,0.2626260223048327,-0.0110685783747461,-0.2884051432438529,0.241646831881207,0.7279513348892683,0.1438924643941802,0.5657408229109936,-0.6103215521335051,0.2869589056743867,,0.3444477622906766,0.4054976740746746,1.840628414903628,0.8247465839941717,,0.0548726484241387,,-0.5924572753122245,,0.4385964912280701,,-0.0987554574975528,,,2.0394271497905416,,0.0973897043606814,0.4563837855407141,-0.0486375370662105,-0.184066111632631,0.4304423751457321,,,,0.4016780180698706,0.231205403385523,1.101756207603843,1.8038844296344665,0.9609594299804604,,2.0334636786101745,3.1571940008351187,0.7980635377748863,0.3584468473528999,0.4178765321542508,34.95731778816356,-0.998531327984554,-9.468776286516585,-0.0209233911630386,3.0527578728632565,0.552169254977227,1.3621070279055778,-2.1594969288608405,,0.5928730312085739,72.99727453142228,1.4899882234502044,2.3724183647993664,-1.892908686716616,0.0,1.8073573986340543,-1.616597166770177,-0.1277021893777194,,-2.14716629498173,,2.966355556076025,-1.3813828441295546,-0.7318489835430784,0.0191807096862583,-2.295765516074917,,,0.1917668024075518,-0.5351050150021431,0.0899648464133601,,-0.017592867467065,0.555015596039962,0.029630542884149,0.0345045908523294,0.89624933672187,0.7805609719514024,0.2015975700241142,0.3338336198912311,0.5177465256251922,-0.0382644345746498,0.1433442622950819,-0.1349757648729585,-130749000.0,-2.719672381118348,,0.214568570237599,0.4897538892869477,0.6647434442967813,0.4446929256879399,-0.5121699463923018,-130749000.0,0.7650307424779611,-2.2836013091767566,,29.3478,-0.1226122571368211
2019-12-31,0.7684916285205812,0.015001714481655,,-0.0004642094513044,0.737385819081775,0.8311120647104312,,1.3085344629990774,0.4008620689655172,,0.0330488972942229,0.8038547981034827,0.3020130112694706,-0.2100895827985056,0.2119494235670363,,1.035218060267778,0.3565399418655605,0.9150197026022304,0.436416075864308,0.2463839386420031,0.7076414106329691,0.7263728739222763,0.1987429692896378,0.5926909999124718,-0.4207652126721389,0.3210966102178941,,0.2846044048963402,0.9752516021779016,2.886263229851161,0.9508787010005608,,0.454800879550452,,-0.5064707393545901,,0.4232456140350877,,0.0228964180736216,,,14.349151969609574,,0.4910081871472301,0.510540327198997,0.699588344961891,-0.1386436035148735,0.9128686251061195,,,,0.3954125409023566,0.4818158153550028,0.2119494235670363,1.8566205856195608,0.9990189586743958,,,,0.7968963026391952,0.260918410335627,-1.6591145687580455,-0.6777057473574887,0.0914766430932128,0.8595426390640089,-1.1361867079460712,-1.6635716700612675,0.9628142916873684,0.5537880387602355,-1.641921470999792,,0.3695149077673175,-1.4065358324145534,1.085334691596261,-1.9863891112890315,-0.6436472241552512,-0.467492853656836,1.3389209835502038,1.0649986691509183,1.04862214241315,,-0.5436023075876077,,-1.58722611923694,-2.1257464574898783,1.2009922555663115,0.2253733388135361,-1.845519097791802,,,-0.1598760440000858,-0.4325760822974711,0.1356025253911611,,-0.0469191798755116,0.3303196058044392,0.0682940862203591,-0.0414615652191321,0.6741475130561063,0.4739763011849408,-0.0636477462437395,0.3322774522994931,0.5815178392732492,-0.2672883297493921,0.3575081967213114,-0.3366367200765645,18180000.0,-3.914435706972793,,0.0166388773099902,0.4858548808063058,0.831804479595475,0.4419342539182087,-1.035294509373023,18180000.0,0.4966305959666722,-0.0170443367374313,,42.4044,0.0690918866910037
2019-09-30,0.6934944255871627,0.6755533965786567,,-0.0006870299879305,0.6387520182080341,0.8431014915832163,,0.4171740459010157,0.3857758620689655,,0.1413183619136014,0.8247547859832165,0.6953443468960125,-0.1961058199341768,0.9829190767297468,,1.035292489145579,0.6327689082994946,0.4812561338289963,0.4782818787892515,0.2964177757726144,0.4264105645583515,0.7250544316175532,0.6250178166149528,0.6132698530984984,0.6471660674309748,-0.4040178579927844,,0.7889326926898149,0.9429915546838564,0.3896650186351846,1.3294643933477643,,0.6256107989249939,,-0.5670925025252378,,0.4078947368421052,,0.1105525508813214,,,0.3214824654932326,,0.3286520811225756,,0.6572230337285697,0.4365029777935089,0.6433338503800293,,,,0.3901791709745153,0.395587733740854,0.9829190767297468,0.4723570005291065,0.0,,,,0.7404863160815343,-9.515868557786828,3.7864890580399617,0.0756151900430507,0.982269879631854,-3.117182067638486,2.119814114216344,2.292658591089378,0.3525843918330175,0.9654267742534092,3.981286562852984,,0.5902891679960456,4.800017640573318,0.6526977528838873,2.548059953339015,0.1847006994105239,-0.0668618838457784,0.796893751342,12.216756868659983,0.4757234615650252,,4.206628904873086,,2.211391253771777,4.236481528340081,0.609027105517909,6749.381353610083,4.205796602504548,,,-7.644170418029443,-2.329018431204458,0.0230047904509753,,0.6580219095682812,0.5524162560462909,1.268672173591419,0.7878498194439926,0.8936800067026001,0.8195590220488975,-5.940479502875163,0.950084561090511,0.893911362560225,-1.8743141944170905,1.406622950819672,-1.3245037201691827,-544215000.0,-1.4181715206831202,,-1.372203695984438,1.209675177596044,0.4196298337168973,1.1428757563298653,-20.53597709186561,9737000.0,-7.0572211929290525,-9.223418525208809,,36.9281,0.2276342405918528
2019-06-30,0.7255756725234692,0.7812797653065112,,-0.0007891560672175,0.6037356888633599,1.2609153484653173,,0.200253666553529,0.3900862068965517,,0.994933537573646,0.5800737288524875,0.8345742165903115,-0.2053201932335806,0.3599468016645931,,0.904275285262504,0.6298959641845111,0.7402795539033458,0.7987874395041036,0.679454094292804,0.5684229522716436,0.7149172840804581,0.7458446171894701,0.5333942890278535,0.5309510887999457,-0.4196178998772025,1.1431208053691275,0.8065575634698257,1.1067110395814894,0.3573193742968426,1.1035559480693735,,0.5128725873442462,,-0.3542704252325262,,0.4122807017543859,,0.8016486551002795,,,0.3081342166133552,,0.444551329447128,,0.8722266518704067,0.504159677444176,0.7290661969881196,,,,0.3499412000866899,0.4324731677424846,0.3599468016645931,0.596415585000394,0.0895327155955103,,,,0.7802488507039289,0.6068670130599635,-0.0120109699445905,0.1575456053067993,1.4229966530467544,-0.3609733369137829,0.1829279259026122,-0.3468677589860725,0.4234640627875876,0.3537202104809622,-0.0471376308676178,,0.5243894218886916,0.0360749724366041,1.1552239851912878,-0.2183596339437141,-0.5275553666151293,0.2018406191173394,1.4235482046398902,-0.1422766391624523,0.7691829546239382,,-0.6738560654444689,,-0.3219311497039179,-0.4757780870445344,0.5234753146176185,-0.0269214960953555,-0.1191636472904784,,,1.145111538929484,-1.941620231461637,0.0279280635421001,,0.3759325679746546,0.4861217847294426,1.0898532856614471,0.6496012252282913,0.8281509202111319,2.0711821551779552,1.1615423854572435,0.9136777167313656,0.8819615634320526,0.5646013786450692,1.3664918032786886,-1.2867154456484826,27694000.0,,,0.7355842712241212,1.1575431202925162,0.4376519399695309,1.101607360620232,0.8637498751373489,9737000.0,2.540391953258632,0.7544041636113248,,36.7904,-0.0930297354184999
2019-03-31,0.7002011473204907,0.8860536442260067,,-6.498932318262e-05,0.5848892633247886,1.1905997544671258,,0.1960327678211321,0.3814655172413793,,0.8488400697161979,0.6113229851717674,0.8349633172285226,-0.3263566324304142,0.432306530155408,,0.8915725891518402,0.6148848996523619,0.757274721189591,0.7887985382832379,0.6675163546131289,0.5957969479110217,0.7029676140266866,0.7263669455195325,0.523916625739127,0.0807696221423241,-0.46790949158028,0.9868479924643824,0.7648139637570401,1.1425035179537024,0.4213650091117901,1.0848458800899403,,0.5199731248473003,,-0.3435053219751154,,0.4035087719298245,,0.6833697990454412,,,0.3431740982212045,0.5232483335386469,0.4393049717686923,,0.9192309064776146,-0.4486973115218294,0.760578358426777,,,,0.3025086778724024,0.4032987913052036,0.432306530155408,0.5764164856071778,0.0750994243745099,,,,0.7540147626542162,0.4388428591489959,0.0822410029663625,-0.3011541618506793,1.6639465566780356,-0.2355769829258793,1.3196702357936116,-0.166387677185807,0.4477722300892299,0.424771399502166,0.1247169100912069,,0.5420945019884512,-0.8917133406835722,1.4299602947384973,1.3052334340590752,-0.7390085862592775,-0.3231192916405215,1.7530240583303964,0.1327891639310324,0.6789142896608882,,-0.5817480011028399,,-0.1593417102885092,-0.2857730263157895,0.5847047434656341,0.0773393615563775,0.0720931669232711,,,0.751071732735978,-1.429318474067724,0.0260154250750444,,0.240815452523591,0.5039329144252068,1.8751900710968643,1.1357085478191888,0.8457564163431731,1.8483361546208403,0.8735044518642181,0.93891939303976,0.9222628467662808,-0.4155228199923632,0.4250491803278688,-1.414158253835942,35247000.0,-1.3832313154856557,,0.1916076142837293,1.180573720598138,0.4306505461735438,1.130186796862738,0.4744780741184697,9737000.0,1.9260544723282136,0.6490082807218357,,29.0135,0.1471688369691133
2018-12-31,0.7032826494136624,0.9789214005410142,,11.22264413703463,0.6285582269070249,1.107275489044656,,0.245556369352793,0.375,,0.7653481186571083,0.6080311429964508,0.8317177238097938,-0.0857666629963058,0.4571222828580908,,0.9294684546025336,0.6658264803832783,0.7800118959107807,0.8075758605328924,0.2736792240018046,0.6209398873941864,0.6764944919454632,0.739060598418981,0.6309323151696102,0.1026304185604775,-0.5162383984921609,0.9944365948428118,0.6763584703396393,1.1540179953521583,,1.1131579774939333,,0.3496442096261911,,-0.3655814469466518,,0.3969298245614035,,0.6157738099441926,,,-1.624163185401409,0.58044867846535,0.37683486011235,,0.9343522239141332,-0.4443883596743663,0.5979851857782137,,,,0.1974273705602512,0.4068417502902217,0.4571222828580908,0.5894499544067816,0.0845056404798368,,,,0.7767280102946312,0.6709029630669849,-1.312660211563217,-0.5365261235908002,1.7214260096979572,1.811909025756118,-1.092181749279002,-0.4715471959495675,0.5508244754136208,0.4491383888864004,-1.6051239975947895,,0.4882602736648168,-1.598077177508269,1.4954996145701047,-1.9274085935415,-0.4122433396243274,-0.7086732203862511,1.813919874248544,-0.1387277082778812,0.4948546170315629,,-0.6954382217755023,,-0.4250855846888308,-1.9653972672064777,0.5204501452081317,0.1087820249349225,-1.7581556144802903,0.0,,-0.4366156863025757,-1.2486926703814831,-0.000885480771785,,-7.299945007080946e-05,0.4497762307309796,0.2228167509143961,0.1055357996391382,0.7922249839416874,0.6947652617369131,-0.1016045260619551,0.946020415224409,0.8870773271111068,,,,28165000.0,-5.515063062278084,,-1.703035987216896,1.1796007972812048,0.332177238987391,1.138804059171842,-1.5748676455898512,,-0.0300703752040311,0.1781696564305259,,26.0542,0.2618848400641739
2018-09-30,1.1250415535430986,1.089410218310664,,-0.0002321047256522,1.1298369250858384,1.1174952235703373,0.0,0.3488274903893789,0.375,,0.7495032110275812,0.7685300330789184,0.837801722564407,2.3427048147128025,0.5623263899259862,,0.9517920889646364,0.5767524320060764,0.6364524163568773,0.6735750904135239,0.4544416873449131,0.5039509368548066,0.67705256986603,0.774850066332628,0.4894773168229207,-0.1547130452479479,-0.5298633996820592,914.4525521017308,0.6963765949227744,1.0311869546837673,0.417754189890029,1.1796475761689371,0.0,0.4486318104080137,0.0,-0.3322789614120312,3846392000.0,0.3969298245614035,0.0,0.6029456008791321,0.0,,0.437951909015166,0.4642412296910716,0.450474298016201,,0.7730451065582258,-0.4323848509564334,0.7009071667675741,,,,0.199642581795831,0.8917593176700813,0.5623263899259862,0.6263044726384401,0.1111034379100366,,,,0.8180978851038792,6.596896503300099,1.9753847875972463,1.4344941956882256,6.417101353359339,-3.2693962259453366,1.200045604321491,0.6313133395453159,0.3692920012213662,0.5524400050337969,2.5099664506847543,,0.5841777697890219,-0.3909327453142227,0.4690527996226034,1.1588970100811833,-0.03266081974271,-2.4129366241372097,0.5726184568415351,1.198367491793097,0.5603978175288349,-0.1139781385033239,-0.277001252909787,,0.6336350754745705,2.027796052631579,0.8983543078412392,-2514.154541718044,2.6281258115729327,0.0,0.0,0.8882535229411639,-1.915902271753108,-0.0038252769341113,,0.1696069222945187,0.5462682518873468,0.6392717708461759,0.4018628675246935,0.8876029826570224,1.8096809445242024,0.977763865702096,1.0320284294703568,0.8780564003182708,,,,0.0,58.61520029625112,0.0,0.1143532027233569,1.2829204794005529,0.3214158374120774,1.2361067633895095,0.9057037259015084,0.0,2.0307460340603187,0.7586786614919607,,32.0712,-0.0935081187623189
2018-06-30,1.1278633711453807,1.2003752809844934,,-0.0005663355305914,1.1356501429033523,1.107229097726382,0.0,0.2578788977456083,0.4547413793103448,,0.8646204253106785,0.9469270697568364,0.8393265823784394,2.3313449959308903,0.3770032871531668,,0.8915431696291959,0.603817628757559,0.762396282527881,0.89953717335991,0.3721407624633431,0.5917504958046896,0.6653669463023422,0.7559068931112743,0.4641062944935034,0.5870361576555186,-0.5470946492655948,1.1625897798186742,0.6690297562090411,1.130766314774782,0.5310131761811834,1.0428415874796244,0.0,0.4242609333007573,0.0,-0.4124983213737293,0.0,0.4780701754385965,0.0,0.6961457460828198,0.0,,0.4194822673961301,0.7676672278569375,0.475683980353023,,0.903817095764054,-0.4458841815299857,0.802359400826274,,,,0.1532581547130528,0.8950037042470826,0.3770032871531668,0.606747233448536,0.0969890358983941,,,,0.8458053683248741,-1.1027243364695969,0.6428387530083394,-0.0265674992043151,-0.0649236226843307,-0.4128305765650091,0.077106630611419,-0.6148213505289806,0.5093150454661034,0.3704682497531093,-0.0753089403024496,,0.5668546520772013,0.70154796030871,1.0129584778339351,-0.3601935311690212,-1.0592048436141897,0.167050128982779,1.2454351599153972,-0.3887380593262946,1.1493887699426757,-1.187136166581038,0.1811519092041754,,-0.5514503530734369,-0.2622153340080971,0.7036544046466602,-0.1347444855459652,-0.1822481672321562,0.0,0.0,0.6624847023123662,-1.3057008144020574,-0.0141322731176892,,0.1417016658474506,0.5288413724515166,0.4090658776147618,0.2539645995110098,0.8703773005278298,0.7255351518138379,0.788988592097941,0.9786429975073708,0.8712028390535838,,,,0.0,131.88420066656502,0.0,0.6149784632485757,1.2221156596762748,0.2836861041781466,1.175976327540504,0.444910598341824,0.0,2.011386629778064,0.3461270187612899,,32.5726,-0.0717498827115255
2018-03-31,0.6881585683204642,1.3194365070293748,,-0.0002599572927304,0.586215278830931,1.0820004072884857,0.5732139691544053,0.2504223792171561,0.4439655172413793,,0.758353818427338,1.0044180860937375,0.8425344568577499,-0.3263522654288505,0.5199501903703193,,0.8291262577788864,0.6307376719932225,0.7633765799256506,0.6032677221832129,0.3570900067674261,0.6154580220428071,0.6531259300366309,0.6908515793743901,0.4276720719384579,0.4747897021911675,-0.5762435388525573,1.1236253385140704,0.5745492853823024,1.178733875210309,0.6121040729459734,0.8914550062109197,0.0,0.7408914610310285,0.0,-0.3376359687279224,0.0,0.4671052631578947,0.0,0.6101111486204943,0.0,,0.2380020159293376,1.2924896316675565,0.4775818719580929,,0.9668102028674872,-0.3580277311829611,0.8469431698965406,,,,0.1046691749892525,0.389452828466016,0.5199501903703193,0.5399503540510419,0.0487819244659113,,,,0.7746614300543913,0.3589383513551467,-0.407858062349583,-0.5465936311707456,-0.902179848051096,0.2434231468950566,0.2310758123671212,0.3735847811925357,0.3942874530151681,0.510830128553786,0.1862914238509219,,0.6565034713640551,-1.3702668136714444,3.3303014557456403,0.3049923810015754,0.1969830305623174,0.1943979641637035,4.0119646471936194,4.595001922337563,0.6754610125008633,0.1260935348225646,-0.0241996558860584,0.4649089007541146,0.3626760975724005,-0.386772520242915,1.128509196515005,0.6340594602000273,0.138110595236453,0.0,0.0,-2.778911735026158,-1.112473210458637,-0.1016531926009226,,-0.2856565813870869,0.619027168753673,1.0275346237619694,0.6705121884689401,0.959521881196414,0.740534401851336,-1.585559265442404,0.8695552034332411,1.7569719365215737,,,,0.0,-14.65380007406278,0.0,-1.383458385438377,1.0846628091110593,-0.0366924897085993,1.0545610327530228,-4.752672060733193,0.0,-2.2269004683382705,-2.884660096936312,,34.1457,-0.0512362577037373
2017-12-31,1.1244607094648709,1.5270792852516475,,-0.0006870299879305,1.1225298989305657,1.125401532209731,2.86536075163978,0.1362236190684182,0.4202586206896552,,0.967245948487476,0.9630697147752688,0.854540108522462,2.375402426992312,0.4025206757209553,,0.8377298337344362,0.610514774619497,0.7661721189591079,0.826270130693787,0.6909948116399729,0.5993376800999386,0.6267566364057455,0.8229247755106516,0.402775160711507,0.3509599077403161,-0.5893248041427497,1.0806399387731072,0.5988105604676475,1.1448461477126286,0.469404884694291,0.9833759624304876,0.0,0.7602766919130223,0.0,-0.3335255238773639,0.0,0.4429824561403508,0.0,0.7792324826864377,0.0,,0.0,1.2491684802693714,0.4946030468476287,,0.9223073507655426,,0.8153356050030105,,,,0.0,0.8910914918229363,0.4025206757209553,0.6755592205248286,0.1466504446168658,,,,0.8196669552862835,0.3434208678556382,0.2983377175798959,0.0027807092483709,0.9614184096294516,0.1741165507466482,-0.7368148914167528,0.0169042887417436,0.3712985314879496,0.3955241867538622,-0.1844200801362203,,0.480958051542454,-0.0882910694597574,0.6312427251175519,-1.909923637834999,-0.9528554524506446,-0.2616607404308722,0.7764739303909383,-0.1142874042528021,0.9046895503833138,-1.0759575904514824,-0.0600070497988015,0.4273683051687125,0.0249825317453811,-0.7459197874493927,0.6304453049370765,-0.1806411837237977,-0.277450732837238,0.0,,0.2194350411874584,-1.208572653236177,-0.0227922750657469,,-0.3354908726354261,0.4424302698793002,-0.0565898162988534,-0.0678580276727419,0.7849638338872288,2.170348625425872,0.446612409571508,0.913971320314907,0.8897914154751851,,,,,14.65380007406278,,-2.171738224260108,1.1308341229271477,0.2519853489352047,1.1030499047562172,1.0621316551793027,,0.4299608473473277,1.2475989483662118,,36.7511,-0.0770453129294088
2017-09-30,1.0900416984271228,1.5427953670895722,,-2.785256707826572e-05,1.0941464101722145,1.0515554224458254,1.818383265378479,0.2518565186290935,0.3857758620689655,,0.7730420233748153,1.0174614849484556,0.8536315452975236,2.302971962914175,0.3790517163197135,,0.8131688069578931,0.597093095439806,0.7486022304832713,0.6656398408419971,0.5093119783442364,0.5792242291105201,0.6265615105249378,0.7948457903450393,0.3542036939333229,0.2994793433281324,-0.6302424536653626,1072.117688096079,0.5312004398109381,1.1284570938829257,0.5013114844066522,0.8676766181149204,0.0,0.7003267774248717,0.0,-0.328383088789112,3733572000.0,0.4078947368421052,0.0,0.6220028786489842,0.0,,-0.0213770079180577,0.6276023487865972,0.4817449138078949,,0.9007845254676822,,0.8112586084105151,,,,-0.0007745245378611,0.8515182120637423,0.3790517163197135,0.6468495648943475,0.1259307705744474,,,,0.8049138685712373,0.085662126105884,1.6948452454245255,-1.7909777710772736,0.9900018625414434,-0.6277642522936514,-0.5706353131603795,-0.1554452424734685,0.3927830872691719,0.3724796355189823,0.9331542537946692,,0.7015525647650931,-4.0131069459757445,0.662538607085415,2.052411821930663,-1.4930993119620048,0.1558774314996862,0.8296388062792084,-1.0376245822612604,0.3636991504938186,-1.64073320793332,0.6306708127859618,0.431661804370562,-0.1381924357578099,0.8273722165991902,1.6662633107454017,3411.393273051103,0.9622998320025288,0.0,0.0,0.6862596348594044,-1.3969138448349765,0.0163813942780232,,-0.0048033638146592,0.6643460964694182,0.3421444129371635,0.2732239069667341,1.004317591532382,2.3584820758962053,0.8020427564459284,0.8844027640925218,0.8538639148283925,,,,0.0,-0.2875378482584355,0.0,-0.3222523273586216,1.1098725728412326,0.3953842663122751,1.0687627246595262,1.0292012120001333,0.0,1.6512248983844642,0.8393575733729186,,36.4168,-0.0550511621169108
2017-06-30,1.003609222029133,1.5199356116889549,,-0.0003713675610435,1.023724411828666,0.8554101998817704,0.0,0.1387980251145487,0.3534482758620689,,0.6186614699370705,1.1475302051977678,0.820021323332594,2.11687780599346,0.4009848969078603,,0.7154112534954542,0.4079598901580439,0.7696944237918215,0.7799874666847871,34.52839612000902,0.6023747706724707,0.5961259009467633,0.7454252414836581,0.2481575009239088,0.0878756529407774,-0.6798690160017515,-0.0093577063464029,0.3786868676453968,1.15148248506735,0.5366642616060316,0.8123751919619693,0.0,0.617647507940386,0.0,-0.5195975967910504,0.0,0.375,0.0,0.4970147082295744,0.0,,-0.221385164857574,0.9383648831766108,0.440583964555072,,0.931022480448287,,0.8534229325220704,,,,-0.1215843645523568,0.7521424175347723,0.4009848969078603,0.5959849823818798,0.089221950951996,,,,0.7617453035528915,2.379370874877124,1.948385291319192,0.2926780240213076,1.1406293741148712,-1.9871850730820733,-0.2577125900043035,0.6409858911033965,0.208754685184338,0.3940161806706467,1.847134259077141,,0.5770552946727481,-0.8132833517089305,0.8332626854293825,-0.8089568428936698,-0.2175348148308607,0.1276406609495921,1.0235773779984934,0.4626741194215242,0.2928379031701084,-0.3072470167959589,-0.8236887199729176,0.5044311113557549,0.6158428286471569,1.2858679149797572,1.124273959341723,-0.0586381696122756,1.9439304690794088,0.0,0.0,1.2351156183128529,-3.064380625803686,-0.0356494558720657,,0.0443398659730096,0.5391031146874011,1.1280401101384951,0.6963180588540011,0.8805205686039043,5.319162613297906,1.3333681135225377,0.7805068829203404,0.9948793548670536,,,,0.0,1.9191844381031216,0.0,-0.1119216340141725,0.9963246830298996,0.2049204239732909,0.9524401535650278,2.280491459394666,0.0,2.282788124050966,1.0689821687264145,,31.7861,0.0671205338182413
2017-03-31,0.9650378750987022,1.5985160208785767,,-4.6420945130442855e-05,0.9992084473643243,0.7433710728981577,0.0,0.1527116934443977,0.3426724137931034,,0.4418813603381828,1.2150517103688048,0.8122437221402344,1.999490932389146,0.2131137480986048,,0.6838519006143149,0.3107572448949782,0.9106843866171004,2.2559967383179687,2.4209654861267764,0.7037875477554608,0.585843751608334,0.7884729242273071,0.1974084661654866,0.2176327928905773,-0.7352562088890158,-0.0093577063464029,0.358512182540759,1.1948173492692145,0.4880045583162639,0.6627673709203168,0.0,0.4349193745419008,0.0,-0.5778663638327562,0.0,0.3640350877192982,0.0,0.3538916142045366,0.0,,-0.344304416982748,0.673318824511696,0.4351015120368533,,0.987931727389246,,0.8929413118642202,,,,-0.1623978995462991,0.7077949869507605,0.2131137480986048,0.6401850746940752,0.1211210275950878,,,,0.7584923531747361,0.0,-0.7405384227906195,0.1440105867966564,1.1202223657124484,0.9384595412163688,0.5345372445997418,0.1608051389037774,0.148633250738618,0.2095424577299709,-0.738039978195755,,0.6857572966050284,0.0617949283351708,1.6659835470147557,-0.595418270099951,-0.7230274754881387,0.195513490901485,2.029344726583917,-0.039475941206045,0.2784032046412045,-0.8356934295205218,0.2258797416004439,0.4367259316342819,0.1612232072105832,-1.392548076923077,0.6517424975798645,-0.3951226195369228,-0.8139330541172576,0.0,0.0,0.2628482684091121,-1.2381483069009858,-0.108258879158439,,-0.0211844404105489,0.648456218073324,0.2553980191509473,0.2133638973070503,0.9886111654145836,1.4862114037155283,0.5591958820255982,0.7353560710901397,0.9998389120215564,,,,0.0,-1.742392227764829,0.0,-1.7685841322773377,0.9446296134448992,-0.0608732293928883,0.9029837687609504,0.1148736389971031,0.0,0.6381917946566052,1.0881011571548656,,34.9912,-0.1028372848030361
2016-12-31,0.5766445544132076,1.7080523488398671,,-0.0004642094513044,0.5355260189097246,0.6301360050184491,1.142262010281865,0.0665626873659111,0.334051724137931,,0.2632362203213295,1.2781744997346272,0.8076501729391314,-0.3263709811498377,0.1517369017563162,,0.7093075826179402,0.4484285077853407,0.8863743494423791,2.3019849449213647,2.4759260094743967,0.6713490788883237,0.5758641368924413,0.8320112491365794,0.1423365106881662,0.1269249033308459,-0.799281872614254,1.002870010596962,0.2895730992987109,1.1503880105821471,0.5190992482974914,0.6823835256010441,0.0,0.4171756657708282,0.0,-0.6381217485738975,0.0,0.3552631578947368,0.0,0.2092585713256616,0.0,,0.1220045096222754,0.1500568034054668,0.4446554832200693,,0.9295851684849024,,0.871266047211367,,,,-0.2020105662200715,0.261239520286338,0.1517369017563162,0.6848889439259701,0.1533836785596769,,,,0.7459206567132763,0.0,-0.5334079588067386,-0.1874801078781178,1.2299916391751302,0.1074988485060811,0.2572565467893915,-0.0262387545249894,0.1367770612949248,0.149275538520277,-0.0434848578509331,,0.5726514930235693,-0.5255303197353914,0.9369219619834512,-1.6233718157321555,0.3098310096368643,-0.1011817611378372,1.1385413218693594,-0.1784047555673853,0.4954071413771669,0.2440657911311336,-0.0754398271752293,-0.6281719601475202,-0.015863907658317,-0.2250253036437247,1.2109148112294288,-0.2681189204000548,-0.0914899474415622,0.0,0.0,0.4097490105706127,-1.680068581225889,-0.0587605040156553,,-0.0063022858561132,0.5346729352199268,0.3066863929642872,0.1942046902019274,0.8761415365710615,1.4633268336583172,0.5879475051010944,0.7121754507788255,0.840430153716983,,,,0.0,-1.3428888840481843,0.0,0.3269070446019174,0.9181219769401388,0.120320248938446,0.8756925399431068,0.2269170579029734,0.0,1.6422635282905476,0.1005490673009854,,36.289,-0.0694402510297827
2016-09-30,0.5985531317889233,1.849020840477007,,-0.0007984402562436,0.5638030044336367,0.6222958722301227,0.0,0.2659402708611302,0.3081896551724138,,0.1742870053264152,1.4505922050638362,0.8163453810787462,-0.3263422837109906,0.1396331400214292,,0.7443666014492006,0.4391733735502907,0.894103345724907,2.359328637115224,2.3071193322806227,0.6766206894521201,0.5688055924151527,0.859629743331104,0.147098895928966,0.01338952581236,-0.8299587819249697,-0.0093577063464029,0.2891386538618045,1.1537841332826706,0.5551961415725223,0.6456054467407085,0.0,0.4484333007573907,0.0,-0.557436752281472,3604519000.0,0.3289473684210526,0.0,0.1372443221544385,0.0,,0.7119376809820955,0.6300250482486758,0.4839138772660489,,0.9340451059732392,,0.8998600638135696,,,,-0.2300284584474691,0.2864289210121257,0.1396331400214292,0.7132693152011168,0.1738657090511725,,,,0.7432991614085275,-0.0144642606375509,0.4276263502546594,-0.3857647787996047,0.9491046497204126,-1.4633487043692748,-0.3992786809431744,0.4567786197854392,0.0002819355888889,0.1373906588941431,1.560318521807055,,0.940099310220864,-0.0123307607497243,0.6159896147581192,2.186187659805264,0.7111567215707087,0.197849125008715,0.7419167610635627,-2.4771182681217283,2.303335865736584,0.6636151719862597,1.1339985272202504,0.0156327406836571,0.4414413359408851,2.426081730769231,0.7110358180058083,0.5967940813810111,1.4632213889990149,0.0,0.0,-0.9078775039899232,-11.14804972138877,-0.1385954503997945,,-0.2281622145113173,0.9043216852764342,-0.2331073028397649,0.0292092823055112,1.2415226073114196,11.60521973901305,-0.2736737154516787,0.7063558573186053,1.226416475883177,,,,0.0,-31.025246694403904,0.0,-1.0334861747950534,0.9045491769037938,-0.1719231143236848,0.8708611804296009,-1.571105117703859,0.0,-0.8953831163520112,-0.614400944324218,,29.2298,0.211907026390875
2016-06-30,0.6138043888590624,1.9147426372537808,,-0.0004920620183826,0.5568782847001008,0.7484536511502489,0.0,0.1305434205835236,0.2995689655172414,,0.1617185496378979,0.9618056650899252,0.8180142787140665,-0.3263310542783982,0.0002878227620015,,0.7397054929769061,0.5760330548333382,0.9811200743494424,2.2667859596668856,2.4338596886983983,0.7354805993196681,0.5600540176463612,-0.9083047353821528,0.1991064525305376,0.1107540194016688,-0.7676861714786152,0.9972565642293654,0.3342881456357203,-0.5206531388966966,0.7528969681708787,0.6314140193822625,0.0,-0.9683758856584412,0.0,-0.2484469057808969,0.0,0.3201754385964912,0.0,-0.7363013456765884,0.0,,0.8833615913023719,-0.2100494121189723,0.4801130418206545,,1.0406202963424886,2.1971253135531925,0.8876514237964904,,,,-0.2647665945435101,0.3039640634964373,0.0002878227620015,0.6557008409415844,0.1323187104689093,,,,0.7111332226692372,-0.0035107428731919,-0.5636536631779258,-0.9638005259895808,0.8467555614850414,-1.2241651891384335,-0.0542787772903325,-0.4167113324702525,0.0891842060747012,0.0005652356606111,0.9823430572024254,,1.2544543554946412,-0.3726218302094818,0.5014075455379866,-1.2046970910061383,1.0340932168280934,0.0743742592205256,0.6231286591016544,1.093271818531334,3.992057462531943,1.001215785682036,-0.413983729622766,-0.2262343810205317,-0.3855507282017651,0.2799911437246963,0.3432962245885769,-0.0903548431291957,0.6997055695869997,0.0,0.0,-0.1816756961789775,1.367423917702529,-0.1256320119008615,,0.0070322803568213,1.2205596492021156,-0.145686927218181,0.2224930492819051,1.5541095316558216,-0.2485590006213975,0.2044611389352624,0.7277086581244373,1.0137998701533264,,,,0.0,4.415710022436666,0.0,-1.7550368208975962,0.9375392470797864,-0.1244692230397718,0.8947182235301634,-1.0245729697332937,0.0,1.2004537582634855,0.4629871407365013,,31.2355,0.0062941204718989
2016-03-31,0.624961263646264,2.102859374404694,,-0.0004642094513044,0.5827183807690325,0.6847324465996699,2.890267683034923,-0.002456152445497,0.2866379310344827,,0.044052402295261,1.0172378964752162,0.8079139849364673,-0.3263616232893441,0.0910464855483105,,0.733235461035351,0.6808101574596126,1.0315297397769516,2.1795510657093025,2.3296052334762014,0.7969231446010848,0.5508889192219132,0.7277840516627013,0.2337654937076947,0.154153381724442,-0.8008369268260178,1.0123219121629576,0.395717529182671,-0.5206531388966966,0.6218954137592067,0.633512497837971,0.0,0.603751832396775,0.0,-0.2564357071541592,0.0,0.3070175438596491,0.0,0.0318049750625378,0.0,,0.9358514970897204,0.0187109048850928,0.4795098826579498,,1.1511459009114675,2.2741939951678183,0.9648665102183438,,,,-0.3011461542014403,0.316791687355473,0.0910464855483105,0.577871528442288,0.076149524509784,,,,0.6972220760520663,-0.0070214857463839,-0.0505121173112441,-0.6538519523594151,1.8072468227179088,0.017883278529929,-0.3257593761842671,0.0245730636343396,0.0642164158858469,0.0896826361738025,0.1568219750824683,,1.4773406430449143,0.0123307607497243,0.4797781769764178,-0.6091755124529731,0.0885215983276967,0.189988147528411,0.6208065209596811,0.7660367314346553,3.4642585813937425,0.0127070126348297,-0.7090003594699389,0.5780811361259427,0.0322430800338825,-0.5119369939271255,1.1136253630203292,-0.1792711330319222,-0.1355255573875403,0.0,0.0,0.2403472485632698,2.037462494642092,-0.1151479195629266,,0.12481445973107,1.4447809773518376,0.2051123987999835,0.5354067452621253,1.7757421733180665,-0.3130129207825323,0.5573989055833797,0.7143335743157917,1.0178417139760907,,,,0.0,4.41858540091925,0.0,-0.1125468945393914,0.9269568290785104,-0.0860912126025088,0.8793671496830523,-0.4191722438650817,0.0,0.947259492117906,0.0048468155885035,,30.272,-0.0435220665961944
2015-12-31,0.5786977823890249,2.3833676229664342,,-0.0008634295794262,0.543237330338181,0.5865882016644249,2.890179046268392,-0.097717227461304,0.2780172413793103,,-0.0289228010000331,0.9169595731009784,0.800765694470194,-0.3263422837109906,0.065557336194907,,0.6061546898616553,0.464294060938915,1.0545743494423792,0.7746041812951596,,0.8143309940323318,0.5382491480025331,0.7411876281425768,0.1154316173753209,-0.1227952649074011,-0.8657132250049976,0.9161839161662546,0.3987990887056499,1.4243772475815322,0.0,0.6417092084091135,0.0,0.5915587588565844,0.0,-0.3641363686788773,0.0,0.2982456140350877,0.0,-0.0272765409882608,0.0,,0.5406069928277196,0.0,0.4658142444663936,,1.2893998681440306,2.1347747803204014,1.0285926822881484,,,,-0.3513179352170623,0.2636002204530949,0.065557336194907,0.5916339258575465,0.0860818062534783,,,,0.6622241569835583,0.7503861817160511,-0.4013600492528124,1.1333065313164816,-0.056923313884703,-0.6883212730276554,,-0.2853361479661254,0.1192183256004962,0.0646544277148908,-0.0404052892153281,,1.5635518008403173,1.07690407938258,0.5855295430732864,-1.2606300093838512,0.2126500429177576,-0.098549815240884,0.7189371309021861,0.0185845680655369,-1.0752123765453416,0.1424719654541363,-0.0150418974428774,-0.5115869433588375,-0.2611689482744487,-0.134558451417004,1.2306389157792836,0.1407727085902178,0.0481920629141833,0.0,,-0.902824794062708,1.6258036862408916,-0.1295989657584585,,-0.2896861510309955,1.531508521314588,-0.732938807380923,0.0026026091156384,1.8614684279610128,-3.6348753990871887,0.0436491374513077,0.6999706653662588,0.9552614750777372,,,,,3.575750974796872,,-0.5595734333750174,0.8947525667734559,-0.1389906323944118,0.8634452626724546,-1.7943595378417074,,-0.0057324319807117,-1.1075063044372506,,29.5248,-0.1055621037229718
2015-09-30,0.627484962245638,2.706261668000153,,-0.0008912821465045,0.5900644664831621,0.6501490832768507,20.38973586243574,0.0534682397247056,0.2521551724137931,,0.0066104773186829,-0.9788559464848736,0.8156503379319191,-0.3263241918473695,0.1217077556286999,,0.6265114908380818,0.4439652654027051,1.0762223048327135,0.8046463868566295,-0.7609699977441913,0.8434556119063787,0.5305322774457306,1.0085492341596587,0.2216540824612931,-0.0617410623431246,-0.8817511494416997,946.7261892146472,0.4269183193528325,-0.5206531388966966,0.4090846726615628,0.608312411880939,0.0,0.7357149401417054,0.0,-0.2326853349370296,0.0,0.2719298245614035,0.0,0.0014915865197868,0.0,,0.661999731986273,,0.4921159868851745,,1.3362590460858257,2.1789600036933874,1.125960581027055,,,,-0.3819489595435279,0.3196933114199001,0.1217077556286999,0.8660910288306747,0.284156690376858,,,,0.693069780569362,3.302134531666901,-0.3620865282364135,0.9545705814362532,-0.123236534893421,-1.2753181946709395,,0.5709444137510205,-0.0467364093747307,0.1197894337191866,1.0833787588439254,,2.397195946705013,-0.2526659316427784,0.3501968170840305,0.2336320669438776,0.7244409183587817,0.1985811894303841,0.4297398929868164,-1.387288912548428,-0.4310380551143035,0.6775025865521932,0.6403101911472675,-0.8355809985137888,0.5495298209455107,1.101600455465587,0.3305905130687318,3628.838060008221,1.1916484684400466,0.0,0.0,-0.2766179764827127,1.8994427775396483,-0.186570798615108,,7.299945007080946e-05,2.3701460150987748,-0.6513048123946903,0.4237147740609961,2.690423660178177,0.2633011206582528,0.0296906881840103,0.834767294721661,0.9655711056981212,,,,0.0,-62.47387108719803,0.0,0.0263998888425732,1.0587619502665626,-0.3475414087063628,1.017090173259439,-1.4184397163120568,0.0,-0.1601667099325407,-1.3587716631194893,,27.0472,0.0294411251441923
2015-06-30,0.6498039437431432,3.152979388120547,,-0.0003435149939652,0.6042193491886256,0.6959782479295316,20.92820421911009,0.0166083408038577,0.2392241379310344,,0.0047681273454633,0.9919480477793072,0.8119609403838928,-0.3263603755746116,-0.0477123249508121,,0.6092004905265366,0.4809912798340685,1.1669706319702602,0.8813865168708993,,0.9009968397700914,0.5178652065044944,1.1505229861743067,0.2159662688185637,-0.0195458245709246,-0.8855062779031138,-0.0093577063464029,0.4916362746724216,1.5295300976028916,0.2437811427104872,0.5539721058948703,0.0,1.0559873564622526,0.0,-0.0917653893537142,0.0,0.2587719298245614,0.0,0.0,0.0,,0.8171913326691254,-0.6211691920228856,0.5388687889811526,,1.4274912091145584,2.2390329480925195,1.186521426581871,,,,-0.4322291029371534,0.3453545745448744,-0.0477123249508121,1.011927411093224,0.3894063785966437,,,,0.6254466827081768,-0.9579413003791604,0.9735545978619802,0.0273715597098681,-0.0530918000582372,-0.653315857894091,,-0.1274088611456984,-0.0324864271951877,-0.0465668865753331,0.3852663995459322,,2.095647875615072,-0.2942976846747519,0.3000464908787288,0.0,-1.0214588788311207,0.0070940528480792,0.3758008010433046,0.8001064679265372,-0.8800331514607362,-1.147676207541268,-0.0073220187552568,-0.0156327406836571,-0.1116484957783424,-0.0151442307692307,1.0764762826718297,-0.6550897383203178,0.4855552763261514,0.0,0.0,-1.011980504841584,1.36699528504072,-0.2043512525125516,,-0.4292610995663832,2.066791736359116,-1.1307853532240169,-0.0026026091156384,2.390571675929288,0.4911183012277957,-0.5947180485995177,0.7898510913624209,0.9689685976071112,,,,0.0,7.710806630797046,0.0,-0.8298944004446297,0.9917472848047244,-0.4126284399209102,0.9666984614510618,-1.6879765591183031,0.0,-0.0035134260526942,-1.0507216568597644,,32.5234,-0.1067108604881408
2015-03-31,0.6276567101828517,3.6353821389111136,,4.576984495404327,1.0463014648150928,0.6650345564154247,22.337883354015247,0.0303640021949881,0.2241379310344827,,0.0347621431973495,0.9924173621983838,0.7813894091173735,4.189282691919581,-0.0331647850479876,,0.5322312243726413,0.2650101516169554,1.1997371747211896,0.9248076589126216,,0.9338475050082724,0.5097169108350806,1.2641107590426173,0.142361431912783,0.0620293738552337,-0.8885718365365394,0.980342635111268,0.4096574217545249,1.569214486262942,-0.6232851836965944,0.4957034587222801,0.0,1.255527730271195,0.0,-0.156480081274705,0.0,0.2434210526315789,0.0,0.0242834805380446,0.0,,0.8656202478544336,-0.6211691920228856,0.5431569708118767,,1.4796064912447988,2.2396854465151352,1.2216152205204158,,,,-0.4645726081225596,0.3198907787195842,-0.0331647850479876,1.1285559895979915,0.4735768807354357,,,,0.6468970202017786,0.5848897626737818,-0.7856271338221302,-0.0331507445935306,-0.0805854601095714,-0.6454981478287004,,-1.0786173116408704,0.2272156147632113,-0.0322824215975479,-0.1982893782980325,,3.884624890466668,-0.4142888643880926,0.3155542755370807,-1.1510369585991371,0.5726447357376303,0.1936658997420344,0.4087228342223897,-0.2779167775707568,0.6521859244422957,0.5188135403707368,-0.7127276788362946,-1.0062200693565255,-1.0122219229523106,-0.780668016194332,0.5102855759922555,-0.2248938210713796,-0.2703253848917433,0.0,0.0,-1.676791171355572,1.657865409344192,-0.109091231083917,,-0.6551311313454772,3.866484336151169,-3.1448567788599844,-0.4320231031609188,4.169486413271148,-0.4659195611647989,-0.9985971990354294,0.7847761397011126,0.977618533904138,,,,0.0,7.981266473522557,0.0,-3.1675698207586493,0.975045113688034,-0.0639201322485494,0.9588749861974314,-2.2679386008723736,0.0,0.2930794752619956,-0.7384865773612577,,30.3015,0.0126528389683678
2014-12-31,0.6515287679304042,3.656370251838305,,-0.0003249466159131,0.5939078768372985,0.7473470817643574,25.9907817762808,-0.0137450940480949,0.2176724137931034,,0.0961842768689122,1.084923218943478,0.7828006709559645,-0.3263865775839938,0.2319601653297389,,0.5201548875004998,0.1827364085185942,1.1952301115241637,1.121882715350291,,0.9719244045710844,0.4999820985430451,1.4562067604460185,0.1774948881097798,0.1676022657892951,-0.8467300644448886,1.0169904627340165,0.4164315672859383,1.6065544633578228,0.1348012273879911,0.5348958033051527,0.0,1.2388376496457367,0.0,0.0,0.0,0.2368421052631578,0.0,0.0740115061210134,0.0,,1.0778579876830214,-0.7315183618719118,0.5668057067717636,,1.5286429891408946,2.368298425693664,1.277264122463344,,,,-0.503213566259153,0.3473376922475605,0.2319601653297389,1.3257945040471018,0.6159233365967006,,,,0.4378279858975034,-0.5867153489678416,-1.261594000111938,-55.140057289311024,2.5418339175167715,23.10140437798877,,1.2509668428560827,-0.1142137029207463,0.2280480599619052,1.1093022079607973,,1.3636731300694274,-115.75371995589856,4.188054749846597,-1.2392709866818186,1.945763868392764,0.0127588370633758,4.983235519278133,0.8275751929731169,0.9200911665170246,1.9542841937953883,0.6333022723386137,-0.8688280948973414,1.1933530851474945,1.153257844129555,2.9872942884801548,0.7000959035484313,1.1019818423582743,0.0,0.0,-2.3297215284089687,1.9009001285897984,-0.0286718673903996,,-0.0622685309104004,1.3304326205867727,-0.3259195331442897,0.1614018053098231,1.662713994470355,-0.1559064903897662,-0.8965521239102208,0.6556276063856379,2.1107992404457745,,,,0.0,12.064652449517505,0.0,-1.2460052799777686,0.8517791560323363,0.2304625457845774,0.8111022384736797,-3.731362168281557,0.0,-1.1426458089592364,-2.5943877094772234,,29.859,-0.1106333098898155
2014-09-30,-0.1664514199841754,-0.0045243265897054,,-0.0006498932318262,-0.2303693847409877,-0.1830055638881791,0.0,-0.6071859442260666,-0.9245689655172412,,0.2767607439883736,0.0296453964295577,-0.0409344238591923,-0.326351017714118,-0.1165986300722652,,0.0279919214493716,-0.3055408474774327,-0.222385501858736,0.0798432580579401,-0.3955470336115497,-0.4045503015528199,-0.2097054986562719,-0.1353953095705373,-0.6329530617851863,-1.5772759649955903,0.3486314266403937,-0.0093577063464029,-0.4804600156540501,-0.1021224430523588,-0.2949572819263729,0.0797041820192564,0.0,-0.312049535792817,0.0,0.1738312382131242,0.0,-0.925438596491228,0.0,0.2202081723686422,0.0,,-0.202437759638298,-0.1018491903803775,-0.4948004726560397,,-0.7152665695978978,0.9011218663917144,-0.2591157834341574,,,,-3.3202179327300567,-0.5931355473327642,-0.1165986300722652,-0.3083565051953754,-0.5634386412476083,,,,-0.3686932228605871,-0.0311753967139446,0.5348239771646052,-0.6084392850562005,-0.0309773995398735,0.0043605607553088,0.0209233911630386,0.4558962983730653,-0.2504811523399058,-0.1142074649500566,0.5039197064294425,,-0.3708405419372234,-1.7602293274531422,-0.1063179736813768,-0.3921674974388112,0.1051579833798614,0.1976922540612145,-0.0868606150988451,-0.113530298997427,-0.2166586090199599,0.0300988338931042,-0.1819895090617834,-0.5523201409148456,0.4406059825356489,0.6466978744939271,-0.3482575024201355,-1860.2394163584047,0.5545835839900389,0.0,0.0,0.4623658992177603,-0.0334333476210887,-0.3614532510426536,,-0.4048014171626574,-0.4144704127299851,0.408802860313155,-0.1639543642501608,-0.062043734465328,-0.2147892605369731,0.1140906139862734,-0.3220445442254546,-0.0092747623952317,,,,0.0,-2.37959352604178,0.0,0.4943031818813394,-0.2519709686150415,-0.9877151469968558,-0.2869406421202141,-0.3055305830253388,0.0,0.9193938984449178,0.4018564555648954,,33.1822,-0.132742856109601
2014-06-30,-0.2036418410573958,-0.0211928982359888,,-0.0002692414817565,-0.2781737634180103,-0.1755044970584152,0.0,-0.5910169029683918,-0.9310344827586208,,0.1650578089643585,-0.0060335681565739,-0.0499708670823176,-0.326351017714118,-0.2557115168748313,,-0.073067659118757,-0.3766112953171102,-0.183914126394052,0.0953135971369679,,-0.3908865114279712,-0.21714668677597,-0.1441638251449998,-0.7278673692425893,-1.6547384844990165,0.3697575463346375,-0.0093577063464029,-0.5668229635845633,-0.0854634455767328,-0.3476055119470176,-0.1444746400549286,0.0,-0.3120648057659418,0.0,0.3076119132836265,0.0,-0.9320175438596492,0.0,0.1297722646831579,0.0,,-0.1998858028467719,-0.1148250044484594,-0.5059410400259452,,-0.6933892424482623,0.8515165971591696,-0.2520168990874959,,,,-3.34975467468193,-0.6358952575370662,-0.2557115168748313,-0.3174188609575701,-0.569978916751636,,,,-0.3837524696112246,0.0835556803819688,0.3315609783399563,0.0447928706635174,-0.0316699501610892,-0.0465221326912235,,-0.0094828936843928,-0.266661063418485,-0.250804660954587,-0.0310879081973846,,-0.3842316938908486,-0.3313781697905182,-0.1534019529587513,0.9021755038439354,-0.4355407772852691,0.1968033186920449,-0.1403386455707242,-0.0386241977937479,0.0,-0.5351523412012642,0.0548418506768853,0.2098310122750041,0.0,0.0,-0.7902952565343659,-0.0698040827510617,-0.0352368848314657,0.0,0.0,0.2974299884775311,-0.0983283326189455,-0.2311636102822027,,-0.6042456480161182,-0.4279417747841417,-0.0962396745160892,-0.4774586522989297,-0.0753595665651967,-0.2883284407208211,-0.0132976256724169,-0.3517770519816398,-0.0155816008239894,,,,0.0,0.0,0.0,-0.0607892177296095,-0.2960674570433372,-0.5107776085053969,-0.3234083129901972,0.2272833216794859,0.0,0.982792035760134,0.4951084720905693,,31.6583,0.048135875899843
2014-03-31,-0.2145548277369195,0.0045243265897054,,-0.0001949679695478,-0.280111418961557,-0.2419007068877122,0.0,-0.6878640858531204,-0.9353448275862069,,0.0442600155971673,0.0046344798883828,-0.0519393104470543,-0.326348522284653,-0.2722292850428285,,-0.08618700607576,-0.3952986693348134,-0.163335687732342,0.2147878019132181,,-0.3743460062934419,-0.2210702386040444,-0.1464827261065488,-0.7576236153524469,-1.7345074960993148,0.334040418463413,-0.0093577063464029,-0.6043546448173313,-0.0712410681393889,-0.3420851714291709,-0.1125676780594675,0.0,-0.2793336183728316,0.0,0.2794182903118449,0.0,-0.9364035087719298,0.0,0.0319730610434608,0.0,,-0.1776697954356097,-0.1229691071599666,-0.5079928304895402,,-0.6747117917494666,0.8663486249826873,-0.2397588894504127,,,,-3.365328657763188,-0.6484424708896963,-0.2722292850428285,-0.3197998401422959,-0.571697262427539,,,,-0.3955970359881554,1.30852408369611,-0.8517490345329378,-0.0937233026785265,-0.0825701722794621,-0.4987969333805194,,-1.549867651788144,0.1146435217053166,-0.2670237249669924,-0.6554535901139104,,-0.3928595501831172,-1.3802866593164278,0.0,-0.8609037767848687,0.4079867645426213,0.1957575123753747,0.0422167060319999,-0.0326383343684381,-0.2772981559499965,0.3466786688349829,-0.1456027752475282,-0.2141245114768536,-1.458386518801307,-0.5337613866396761,-0.1311713455953533,0.0685025345937799,-0.6775318226556076,0.0,0.0,-0.0613839844840295,0.1118731247321045,-0.1683830235626433,,-0.8099386317956405,-0.4366213100673568,-0.4904861710434389,-0.721373176609551,-0.0839388946295417,-0.3936660309841651,-0.2815456316082359,-0.3517125689516097,-0.0018940041101841,,,,0.0,0.0,0.0,-0.007711546477699,-0.3054963814721827,-0.2809633399241515,-0.3247100927387195,0.237638597542703,0.0,0.6044799738271096,-0.0244129272262264,,31.6288,0.049113466208013
2013-12-31,-0.1952225700333152,0.0345277555530155,,-4.6420945130442855e-05,-0.2475047252960692,-0.2855105927411913,0.0,-0.6311023575490708,-0.9439655172413792,,-0.025860940959313,-0.0018407308465203,-0.0525320051266876,-0.3263909445855575,0.1170374240188638,,-0.0464618497939753,-0.3559730215301919,-0.1879795539033457,0.2778092369023081,,-0.3352365375019895,-0.2303593046179046,-0.1520661791309877,-0.6892586178810395,-2.335636998846754,0.3083508010394951,-0.0093577063464029,-0.5750906404336366,-0.0246642074770826,-0.3862398248986727,-0.0797041820192564,0.0,-0.3064759956022477,0.0,0.2750815958335036,0.0,-0.9451754385964912,0.0,-0.024797625891456,0.0,,0.066980126199507,-0.1970325353481432,-0.51435378899184,,-0.6135450126678839,0.8573459934442376,-0.2058553036481814,,,,-3.402200289203199,-0.6262151953400725,0.1170374240188638,-0.3255327652005538,-0.5758346975833479,,,,-0.4098908826498151,-1.2536862800168516,0.3352437454525102,0.1192522237298356,0.0166437003189555,0.0584300914259496,,0.5962843548746196,-0.0578499911163691,0.1152035594915865,0.2930198317476552,,-0.4320893342620262,0.6512017640573319,-0.0294849596879641,-0.0955689282608882,0.064211464050624,-0.3840200794812801,0.0,-0.8993818945376039,0.3011257683541681,-0.0127070126348297,0.1650979119333549,-0.1656850333021412,0.5735208584622471,0.6878542510121457,-0.0470716360116166,0.0238388820386354,0.2845280986416855,0.0,0.0,0.2581677127541563,-0.0732104586369481,-0.2144988621572082,,-0.899572223222585,-0.4760860720582252,-0.0959602186331319,-0.4986098563810219,-0.1229480269221102,-0.3754955109387388,-0.026003988128362,-0.3593027017789341,-0.0032803370155767,,,,0.0,0.0,0.0,0.2799082951229679,-0.3165592934582361,-0.449774723671842,-0.3322815105492341,1.1985482635767322,0.0,0.8042616293335514,0.2653944520952193,,28.9349,-0.0591258307441877
2013-09-30,-0.2125078378232624,-0.0383377147864517,,-0.0007798718781914,-0.2629443032669553,-0.2956232178996808,0.0,-0.6082104732936823,-0.9396551724137931,,-0.0809377840507623,0.0149394733827331,-0.0686355658938291,-0.326348522284653,-0.0590579723918234,,-0.0731458597302305,-0.396182371242441,-0.16927843866171,0.2297296277001366,,-0.3458912941182175,-0.2344739544989718,-0.1663879965353536,-0.7248914103224928,-2.1102791533817244,0.3362941809216476,-0.0093577063464029,-0.6062854244456841,-0.0355296619512649,-0.3187576974046329,-0.1311041285581756,0.0,-0.5663862081602736,0.0,0.3129426464491945,0.0,-0.9407894736842104,0.0,-0.069388435402015,0.0,,-0.0500603030885668,0.2463625289149865,-0.5249675636780817,,-0.6278140046951021,0.880675889875502,-0.2114634256178291,,,,-3.418532808930481,-0.6460889429388623,-0.0590579723918234,-0.3401591822490403,-0.5863905397555318,,,,-0.3704345080630115,,,-1.873159455249008,,-0.0043605607553088,,0.6954012088627949,-0.2559198494357564,-0.0577073615012659,0.4209230838395702,,-0.4132833037499719,0.1201146637265711,-0.0905350040423135,0.304785764095147,0.0370852750121171,-0.9458969532175976,-0.0657328811802765,,-0.0939982042958767,,,,,0.4406376518218624,-0.7409244917715392,494.4904781476915,0.4553505185370005,0.0,0.0,0.7439149198079111,0.0565795113587655,-0.2125862236901525,,-0.2959641037370852,-0.4571673974955924,0.4450992479349032,-0.1607611630659736,-0.1042477727818583,,0.3483235948803561,-0.3487610983483684,-0.0068926128958248,,,,0.0,0.0,0.0,0.7054328192302348,-0.2808914703462444,-0.4427733298758549,-0.3204053393909846,0.2610461825325475,0.0,0.0,0.6261692271922451,,30.7439,-0.0738715647656933
2013-06-30,-0.2252108465010105,-0.0178591839067321,,0.0,-0.2747533517591464,-0.3199875289220875,0.0,-0.6288520166893571,-0.9051724137931034,,-0.106943530926531,-0.0474859855962534,-0.0718207207780512,-0.3263653664335416,-0.2612637808723854,,-0.1013063776747563,-0.4021546624404779,-0.143821189591078,-0.3046124110021367,,-0.3544144066441898,-0.2395275357973197,-0.1672870503360487,-0.749787713714697,,,-0.0093577063464029,-0.6067659170947973,-0.0149649451894126,-0.2989296673107064,-0.1403870949143836,0.0,-0.9683758856584412,0.0,0.2990304838530749,0.0,-0.9057017543859648,0.0,-0.7363013456765884,0.0,,-0.1215442251781417,,-0.5335777384523877,,,,-0.2054700204650418,,,,,-0.6606942352186631,-0.2612637808723854,-0.3411611072960407,-0.5871136261156045,,,,-0.3492137905961031,,,0.4634738764091998,,-0.9916683412974624,,-1.0628674621302705,-0.0002819355888889,-0.2562565188735387,0.0610968434421485,,-0.4021165209966971,0.1201146637265711,-0.0380857722528078,0.1113751216026584,-0.0029243645599508,-0.9582548978595832,-0.0006038681221384,,-0.2746045997651771,,,,,0.215479504048583,-0.2529041626331074,-0.0029456089875325,0.0869976194860273,0.0,0.0,0.5640212700480222,-0.0462066009429918,-0.2115767756103176,,-0.3777137545563823,-0.4459337281316396,0.6414416635844327,-0.0362263168826748,-0.0931437986985784,,0.2228134854386941,-0.0634487290883548,0.0219470166994537,,,,0.0,0.0,0.0,0.5124357371126859,0.0361155911442802,-0.4390781498168616,0.0021389982403482,0.1733093597043252,0.0,0.0,0.522204138572425,,31.0487,-0.0464455602536997
2013-03-31,0.0,0.0140492246732959,,-0.0007520193111131,0.0,-0.2857063913933189,0.0,-0.671593396819582,-0.8663793103448276,,-0.1018003039179595,-0.0089269358251272,-0.0694761909120958,0.9791241728821056,-0.0002878227620015,,-0.0788263420897064,-0.3963466959773304,-0.1355635687732342,0.8590530551843378,,-0.3051053291621832,-0.2462137299699479,-0.0511830232328659,-0.715710978224928,-2.0485804897903805,0.3391057676747485,-0.0093577063464029,-0.6054381557410813,-0.020207910061548,-0.3170902963066985,-0.1591345070311804,0.0,-0.5361440263865136,0.0,0.3898558424952268,0.0,-0.8662280701754386,0.0,-0.0862789577539193,0.0,,-0.2880623190179044,-0.1135520606632995,-0.5270422835170631,,-0.607692807180827,0.847493882827288,-0.2035859690205634,,,,-3.46513218433684,-0.4017579216907967,-0.0002878227620015,-0.2219489130801877,-0.5010785361157263,,,,-0.3289880932448658,,,0.4634738764091998,,0.1918931271373772,,0.2282656199750971,-0.0778110308097083,0.0,0.0,,-0.3930168288134451,0.0240088202866593,0.1951326442883733,-0.5942818771145949,0.8918228809864857,-1.200219619326501,0.27595906141349,,-0.3248843152151391,,,,,0.2146571356275303,0.0,-0.0328812166050143,0.0261562646383016,0.0,0.0,0.0965811904642624,-0.0029147021003,-0.1541444927523398,,-0.6888958103182289,-0.4367795307626237,-0.2866477622981137,-0.5973188121091394,-0.0840952886307146,-0.3635818209089546,-0.1419379521424596,-0.331134593490661,0.0246025276168253,,,,0.0,0.0,0.0,-0.05092399610949,-0.2779191838378456,-0.2288418527762471,-0.3017569664072381,0.2629773915359771,0.0,0.7791555686736106,0.2191619122565414,,32.2482,-0.1309916457032826
2012-12-31,-0.1981802164084377,0.0454813883491446,,-0.000111410268313,-0.2495849293904278,-0.2765038547433247,0.0,-0.6355325903149295,-0.834051724137931,,-0.0826056690643967,0.0018407308465203,-0.0674861308452362,-0.3263872014413601,-0.0794358239415318,,-0.0279919214493716,-0.2992800750781455,-0.1435185873605948,1.1901213315514885,,-0.3251384191784233,-0.2567371014408435,-0.0237399541701843,-0.6863151781198942,,,-0.0093577063464029,-0.5456568619805887,-0.0655032065830613,-0.3432554190535682,-0.1485471165084673,0.0,-0.9683758856584412,0.0,0.4277869575117796,0.0,-0.8333333333333334,0.0,-0.7363013456765884,0.0,,-0.2793518728915768,,-0.5219490474301902,,,,-0.2358830407015823,,,,,-0.6296157511347501,-0.0794358239415318,-0.1937711783314007,-0.4807427478094139,,,,-0.2578058849699341,,,0.4634738764091998,,0.1749559409083553,,-0.0926355023047554,-0.0725340477120129,-0.0777167038869016,-0.1020303798321972,,-0.3938032219650841,0.0240088202866593,0.0451773404824454,0.4045817299000491,-0.2071099967236286,-2.8453078156592064,0.0945232119459803,,-0.2407624835969335,,,,,0.1179466093117408,-0.5440464666021297,0.0,-0.0900444854425183,0.0,0.0,-0.1475520121379547,-0.0111444492070295,-0.2453667218616347,,-0.9003508840233404,-0.4375706342389585,-0.5878847655447335,-0.781103055813453,-0.0848772586365794,,-0.3564737525505472,-0.3277893648104272,-0.0008591358850319,,,,0.0,0.0,0.0,-0.0946227594831179,-0.2805453452722741,-0.562769440212635,-0.2959774831269354,0.2035094729131289,0.0,0.0,-0.0616672330227317,,23.3996,0.1957982187729705
2012-09-30,-0.2126139854938895,0.0277317407703737,,1.463095348621298,-0.2819653036827323,-0.1946395513959523,0.0,-0.8063863989237413,-0.7025862068965517,,0.1527301149200688,0.027374091741007,-0.0766650678394977,1.0407332070853976,-0.0740486507357673,,-0.0668965999329637,-0.2979362639128275,-0.2052234200743494,0.8211058008108904,,-0.3817742005598596,-0.2649731142493359,-0.0149604745249816,-0.7201226428168521,,,-0.0093577063464029,-0.5848310272522417,-0.1165657644639235,-0.6232851836965944,-0.1076349761259585,0.0,-0.9683758856584412,0.0,0.432819916973685,0.0,-0.6995614035087719,0.0,-0.7363013456765884,0.0,,-0.3057628777682613,,-0.5282175111639825,,,,-0.2702739847120967,,,,,-0.6462109862904538,-0.0740486507357673,-0.1847566673045964,-0.4742370017102211,,,,-0.1731526351289938,,,-0.7723168668442301,,-0.0815488882526279,,1.5389334630703135,-0.4882709475482775,-0.0724269512894838,0.7931799917953098,,2312.15366122183,0.1864785005512679,-0.1385932407048154,186.36565166111384,-116.61635857041895,-0.7129261660740431,-0.1207287423375306,-0.0269600449531245,-0.0926859589750673,,,,,0.8060159412955465,-0.5407792836398838,-5638.0271955062335,0.8525406843572823,0.0,0.0,-3.8662749504390703,-0.0824689241320188,1432.1242329522815,1.9826759758826349,-0.2575663929998394,,0.6039616981054535,-0.0335336174514951,-0.0361940402714553,,-3.382547301057318,-0.0645394526814179,-0.0003709904958092,,,,0.0,0.0,0.0,0.0458177018202028,0.0420528489481686,-0.8447051959417847,0.0033321993979898,-10.789964372523558,0.0,0.0,-1.9846905013145424,,20.7057,-0.0962652286798483
2012-06-30,-0.1925845740369438,0.0513534880176782,,1.4134435057097765,-0.2930489244837435,0.000671991889706,0.0,0.0253208635330804,-0.6400862068965517,,0.6538318611398494,-0.1020858480118612,-0.0029060126746665,1.2274605792328488,-0.4984666649650729,,-0.0853154841485348,,-0.1323918215613383,0.4968553459119497,,-0.3815888853846424,-0.2694372900774461,-0.0146096242612957,-0.7506259178304676,,,-0.0093577063464029,-0.5446446241331236,-0.0971970851431659,-0.6232851836965944,-0.1223158082319582,0.0,-0.9683758856584412,0.0,0.4459715888854505,0.0,-0.6359649122807017,0.0,-0.7363013456765884,0.0,,-0.1938088829071332,,-0.4700315006868125,,,,-0.275277328836695,,,,,-0.6231821577709933,-0.4984666649650729,-0.1843964245910682,-0.4739770156032287,,,,-0.1567539382226453,,,0.4634738764091998,,-1.2510968090725272,,-0.6268769944999216,-0.3451370366548182,-0.4891698714462141,0.6559256407806819,,-0.9308423394072842,0.1130937155457552,-0.2044239831402195,0.0080580593507063,0.0549563917673722,-0.35067628808478,-0.1995814745092679,,-0.0560121555356032,,,,,0.8468560222672065,-1.1233059051306873,1.420879572544184,0.7028663931284775,0.0,0.0,0.4177932683017598,-0.0477496785255036,-0.2705143757803299,,-0.5779853125106458,,0.0437184071014671,-0.3746455821961516,-0.036104672270785,,0.1177657206455203,-0.052261952362647,0.0411408934036913,,,,0.0,0.0,0.0,0.204807558705016,0.0467603809608878,-1.4509740364980066,0.0208393338354446,0.0312656078313854,0.0,0.0,0.4982025646987283,,15.4162,0.0125825138084332
2012-03-31,-0.1775335386393619,0.084038175791519,,1.0867421780707456,-0.27155988744065,-0.0142823860010103,0.0,0.0131664062152079,-0.6206896551724138,,0.5768195386797539,-0.0614857232672031,0.0005268519695958,1.2422534851011944,-0.3523439362532319,,-0.1026395598034776,,-0.0865059479553903,0.2631316677614442,,-0.3155332045825845,-0.2723816322100915,0.0,-0.713988678470007,,,-0.0093577063464029,-0.5092199031667168,0.0015403714976927,-0.6232851836965944,-0.1392608743507361,0.0,-0.9683758856584412,0.0,0.4879985520023822,0.0,-0.6162280701754386,0.0,-0.7363013456765884,0.0,,-0.176755052932711,,-0.4643881539074084,,,,-0.195219486322447,,,,,-0.6058772202816269,-0.3523439362532319,-0.1693956928480564,-0.463151031616748,,,,-0.090374615506049,,,0.4634738764091998,,0.0104710365934986,,-0.4170659102341038,-0.2561432700911024,-0.3456895981707694,-0.4148482413302837,,-0.9308423394072842,0.1130937155457552,-0.1226410579409668,0.0080580593507063,0.0549563917673722,-0.8714006832601269,-0.1012040130708887,,-0.1719732025692382,,,,,-0.1945217611336032,-0.2808567279767667,0.5520619262912728,-0.429883997176251,0.0,0.0,0.0634880874848812,-0.0288898414059151,-0.2851248085147831,,-0.9198271373022324,,-0.4306004191838244,-0.6717334127462782,-0.0545368224090261,,-0.2263146911519198,-0.070957915133301,0.0118912216814656,,,,0.0,0.0,0.0,0.0466166458246491,0.0143474425823163,-1.80376649055136,0.0018124869063429,0.1454067192754636,0.0,0.0,0.1330102122940997,,22.4754,-0.146713308388868
2011-12-31,-0.1794066677237834,0.106507410370709,,1.0389378887754157,-0.2718474964110105,-0.0289666026853068,0.0,-0.7448421930859888,-0.5538793103448276,,0.6089838986288799,-0.0491839297445169,-0.0055278098321363,1.2165093870258257,-0.2614918668347262,,-0.1160410324391726,-0.3855715579445531,-0.1092780669144981,-0.2267473026946627,,-0.3222644752367834,-0.2779615163429114,0.0060576490839518,-0.7077769112755777,,,-0.0093577063464029,-0.5157209687092176,0.0217861449419198,-0.6232851836965944,-0.1219286084919258,0.0,-0.9683758856584412,0.0,0.4478239164832341,0.0,-0.5482456140350878,0.0,-0.7363013456765884,0.0,,-0.1883262542751102,,-0.4719773885268012,,,,-0.1782046470822721,,,,,-0.6080308516338351,-0.2614918668347262,-0.1631758772472953,-0.4586622089882072,,,,-0.0845767098320425,,,0.4634738764091998,,0.8122095701148648,,0.3446166024853427,-0.3636958457588908,-0.2564804801730261,-0.5151590080192416,,-0.3568202754622868,0.0930893054024255,-0.1349098640996409,-0.5255128834250196,-0.6415405985741015,-0.034511608450115,-0.1159574701393843,,0.1293597624145314,,,,,-0.4103681680161943,-0.3262342691190706,-0.1054254007398273,-0.5631124095611614,0.0,0.0,0.0860606754600041,-0.0433776253750535,-0.236352527604863,,-0.7813325806278926,-0.4003661678947606,-0.3771585912135782,-0.6363078986684151,-0.0481023263607674,,-0.1852856612873307,-0.3397427350048443,0.0003709904958092,,,,0.0,0.0,0.0,0.1441920244546339,-0.2860005690465621,-1.1107581601892969,-0.3062137297822059,0.0604335231245629,0.0,0.0,0.1139985334358735,,19.7323,0.0592005413985797
2011-09-30,-0.2000613946053238,0.1333009486798491,,0.9995357905486956,-0.2877286609058213,-0.0784927460692738,0.0,-0.8017538770197777,-0.5689655172413793,,0.5380481907111366,-0.0158271860339112,-0.0080699781175006,1.2179573599728746,-0.371290276858344,,-0.1332680488142801,-0.3359263167888756,-0.1198802973977695,-0.2725014534115533,,-0.3496516334493545,-0.2838909264227742,-0.020691942504413,-0.7679066596806193,-2.185927006308934,0.3392264709522041,-0.0093577063464029,-0.573003300283781,-0.0107344917152691,-0.6232851836965944,-0.1614236371355343,0.0,-0.545199120449548,0.0,0.4205571871478534,0.0,-0.5635964912280702,0.0,0.4317493230654928,0.0,,-0.2192993188955503,-0.5818995606290807,-0.473422716443102,,-0.5952518981351214,0.8379003093211862,-0.1975315189997981,,,,-3.6146864774410847,-0.631778636959117,-0.371290276858344,-0.1906415697576242,-0.4784841185049174,,,,-0.0845767098320425,-0.7221598090155877,0.054110930766217,-0.2111496390103355,-0.0190264042419475,-0.6265763018105575,,0.5501645075904379,-0.5242884850058143,-0.3642933167815268,0.994065648760586,,2476.7952906284404,0.0388269018743109,0.6205626421860284,767.6706096059644,-482.1502960919117,-1.5456494457226522,0.8156881265960556,-0.7044036317392719,0.9874300711375096,0.5392342107088215,0.4059637109861691,-1.7422799581659052,0.5298560771960231,1.205123987854251,-0.920135527589545,-9554.193656665297,0.9731437958791738,0.0,0.0,0.8991175649659694,0.0029147021003,1598.5060699706903,2.21312431244015,-0.2942121169353857,,1.535536103234291,0.5235248336457299,-0.0589828804423716,-0.2733291906833229,0.4752133184937859,-0.0658445480498471,789.0463884563378,,,,0.0,0.0,0.0,0.7281506183131861,0.0555798326510293,-3.613108165051376,0.0184164801360799,-1.0178803316352012,0.0,1.257664282894807,0.8195947275231162,0.0,17.3727,0.0962084189561785
2011-06-30,-0.1902713597285195,0.177334552520288,,1.2051248723424008,-0.2932278951312385,0.0181096697586252,0.0,-0.7646202335936338,-0.4741379310344827,,0.5599854147293787,-0.1668335278663738,-0.0005268519695958,1.2276140481449445,-0.5352362943416761,,-0.1323158117864665,-0.3024232420905027,-0.0793617100371747,-0.1752399072836681,,-0.3380401655920984,-0.2866025496150068,-0.0768690999594329,-0.7368101379541742,-2.079667254596025,0.3766010794756832,-0.0093577063464029,-0.5106802004094798,-0.0015403714976927,-0.6232851836965944,-0.2155994978851425,0.0,-0.549092963596384,0.0,0.617671701572362,0.0,-0.4671052631578947,0.0,0.4495099375539393,0.0,,-0.2943839471430319,-0.959785926443012,-0.4743974092137614,,-0.5831777756588264,0.6279527861990428,-0.2134008496244739,,,,-3.625449881511957,-0.6205225381535135,-0.5352362943416761,-0.2483226198651341,-0.5201123627456158,,,,-0.0019900402313421,4.810490099705097,0.3614428835282924,0.2221049633984957,-0.0212689491106458,0.1031169473229322,,-0.2529128975600102,-0.4776531468799305,-0.5252745658883479,-0.3896328682135692,,-0.2996831959017683,-2.376661521499449,-0.0175708174019461,0.0080580593507063,0.0549563917673722,0.2029038555392874,0.0250666473537672,-0.4724218495844793,-0.0852959458526141,-0.9631655152794112,0.1678759514610882,0.5026696757857654,-0.2304716623923116,-0.4649291497975708,-0.262947725072604,2.1212494862309907,-0.4104992121932216,0.0,0.0,0.5138663250481296,-0.0773253321903129,-0.219546102556383,,-0.4806429791562236,,0.1533473061274812,-0.2878085280493695,0.0087133800653503,-0.5128029312820074,0.1999629011315155,-0.071299194999684,-0.0027921916263539,,,,0.0,0.0,0.0,0.2963734889537307,0.0281208334568577,-1.2622605426080191,-0.0018124869063429,-0.056238138048147,0.0,1.051623892719598,0.5772718330263087,,26.88,-0.0771763392857143
2011-03-31,-0.2125345005083014,0.189988379624338,,1.1888125522235633,-0.3084434144108045,-0.0485300944916108,0.0,-0.7675951922614844,-0.4762931034482758,,0.4311709564692479,-0.2008034795679429,-0.0165329169985914,1.183625865251176,-0.4876271511357323,,-0.1500595556746864,-0.3306140632759779,-0.0974907063197026,-0.1119089145091999,,-0.3473405627034678,-0.2931509025690828,-0.1400057013167849,-0.7756292001381001,-2.110898175157723,0.3660260254543031,-0.0093577063464029,-0.5698965148967237,-0.0172371936017119,-0.6232851836965944,-0.2451590205091381,0.0,-0.5677528707549475,0.0,0.6042237156319517,0.0,-0.4692982456140351,0.0,0.345220355071041,0.0,,-0.2842984740696719,-0.9413213977744016,-0.4925745743929011,,-0.6037915318516404,0.580723596128099,-0.2302742515749075,,,,-3.651442640773388,-0.6461195983778877,-0.4876271511357323,-0.3131494219230206,-0.5668976751554838,,,,-0.0140259566305174,0.0033000983008004,-0.3535008675211283,0.1788197061828902,-0.0253343111988208,0.0095533981963781,,-0.219409421873325,-0.4396631242080536,-0.4785263773086677,-0.291856564033111,,-0.3172085289954389,-0.0201631753031973,-0.0865106373523444,0.0080580593507063,0.0549563917673722,0.1485044969671616,-0.0892776176586543,0.8744683997279153,-0.0223081704537606,-0.089922849269467,-0.1879923080413076,0.7669951010073209,-0.1987516541168479,-0.4252087550607287,-0.8840755082284608,4.338813536100836,-0.3116140172627748,0.0,0.0,0.2420362564142935,0.0810972996142306,-0.2186960410154693,,-0.6899470023992486,,0.2196934204578144,-0.2552158538935282,-0.0087133800653503,-0.2521588206303971,-0.0605407160081617,-0.1014258038277023,-0.0113444988455361,,,,0.0,0.0,0.0,0.1324162845630123,-0.0143474425823163,-1.199636964766134,-0.036247411442768,0.0450171478040821,0.0,0.8486275234969257,0.2889846726163861,,27.2635,-0.0901571698424634
2010-12-31,-0.2170941214916937,0.2224682820893816,,1.1750255315198217,-0.2957097470366072,-0.1488260779244524,0.0,0.0614007918965587,-0.4935344827586206,,0.3304785050446543,-0.1199485746511549,-0.0254176021496707,1.1417868709841132,-0.4488438485487487,,-0.1481993366274817,,-0.0902457249070632,-0.2638413856108481,,-0.3344055634733052,-0.3002004963178941,-0.1341426644884712,-0.7696699882809461,-2.198222644325351,0.322788359939458,-0.0093577063464029,-0.568599585154659,0.0083611257986389,-0.6232851836965944,-0.2436410140833259,0.0,-0.5654089298802835,0.0,0.4968821341616502,0.0,-0.4868421052631579,0.0,0.2636986543234115,0.0,,-0.3246170608216369,-1.165633255314198,-0.5051907830906349,,-0.5701746945346461,0.693137994182915,-0.1989212070872091,,,,-3.67942500435226,-0.6513620254939307,-0.4488438485487487,-0.3071294284524198,-0.5625530635706655,,,,0.0019900402313421,-1.1862800168515657,-0.6876644092460962,-5.403521114963901,0.2517676342763089,2.6720207428958607,,-1.652274657585078,-0.0319331950962357,-0.4404444245367734,-1.4869034038224864,,-0.2603186015682926,-11.182271223814777,0.0379242506336946,-0.3598922148471465,0.0,-0.9023914104441192,0.1504503764740324,-3.5408748114630466,-0.0270736929345949,-0.079834234203632,0.0,0.5307425551824737,-1.555342163096897,-1.209058704453441,-0.3993223620522749,-4.119673927935334,-1.5866554468426852,0.0,0.0,0.2948105949458587,0.3614230604372053,-0.2248235679562218,,-0.6354407463463775,-0.303286469870259,-0.3969999589035466,-0.6053969104026787,0.0478565643589242,-0.1808481004521202,-0.029087831571137,-0.3474422831863157,-0.0141171646563212,,,,0.0,0.0,0.0,0.1763234681117132,-0.2925734803511456,-0.4875692846261061,-0.3186463662187185,0.0727200079912096,0.0,0.8830932373660684,0.2738003684295244,,27.4994,-0.0439755049201074
2010-09-30,-0.2550387444028484,0.0833190459862079,,1.5171107603750813,-0.3241194848232577,-0.2488437134476492,0.0,0.1240299116192717,-0.5237068965517241,,0.2312672611269389,-0.2317295287872926,-0.0954067485799977,0.944826366458184,-0.0326000007602865,,-0.1237597596751883,-1.0577957480061932,-0.263842750929368,-0.282354451214448,,-0.4297846862813254,-0.3349830271811247,-0.1989732147751817,-0.7811474278864856,,,-0.0093577063464029,-0.6752008834658175,-0.1132048324367135,-0.6232851836965944,-0.2204109951622963,0.0,-0.9683758856584412,0.0,0.479021550641965,0.0,-0.5175438596491229,0.0931545518701482,-0.7363013456765884,0.0,,-0.426404013214242,,-0.5711352780682273,,,,-0.3068001647877857,,,,,-0.6949888797394935,-0.0326000007602865,-0.3736955273615598,-0.6105936214033563,,,,0.0019900402313421,,,-9.830628004757358,,5.509742794493458,,2.558080662318279,-0.7106532288008375,-0.0317278507607218,0.1665720692116191,,-0.4555463185566315,1.075175303197354,1.2052999601750929,0.1332420775329941,-0.6358543341519749,0.11936136094262,1.4848566297732486,,1.1672767456316044,,,,,0.0823507085020242,-0.2251936108422071,0.3265515824085491,0.0743543253201158,0.0,0.0,0.5541734954590022,0.0355765109301328,-0.6348365845235671,-0.0009995049213331,-0.450518539427003,-0.4996835586094661,0.2977931204537048,-0.269289963188096,-0.146273075097048,,0.075345483212762,-0.1424081993602631,-0.1410740174853678,,,,0.0,0.0,0.0,0.5589481728497985,-0.0558374051476768,-0.3647855823149979,-0.0875748380361274,0.2286151899577131,0.0,0.0,0.4684778137463559,,23.8518,0.1022270855868319
2010-06-30,-0.3801087716812905,-0.1363774907608488,,1.6840033423080494,-0.4648091271764793,-0.3302454680628179,0.0,0.0293525565044638,-0.5560344827586207,,0.1130672510079713,-0.4384403929180011,-0.2149067454367527,0.5443885433585548,-0.7254925706428386,,-0.1956180752541331,-1.057117452017177,-0.4212260223048327,-0.2920941961690336,,-0.6869176319076015,-0.3549811922817868,-0.2884427730327716,-0.9539408661888276,,,-0.0093577063464029,-0.782332725743705,-0.4433049298569699,-0.6232851836965944,-0.3456488183528746,0.0,-0.9683758856584412,0.0,0.4657706208289786,0.0,-0.5504385964912281,0.9843734247403972,-0.7363013456765884,0.0,,-0.5529531034241667,,-0.7022048343284617,,,,-0.5851454152135153,,,,,-0.83878822288598,-0.7254925706428386,-0.4655602337074604,-0.6768921098278811,,,,-0.0648867925430896,,,0.4634738764091998,,0.3003522948962588,,0.6479620024573064,-0.8964817630230304,-0.7120902841322353,0.2527999910085587,,-0.5434650729098793,0.9342271223814774,-0.4607382819911086,0.1478257875117298,0.3907817530482439,0.1980757163773269,-0.503025205883838,,-0.6008702258443263,,,,,0.5070976720647773,-0.3216360116166505,-1.1054254007398274,0.3199329209668161,0.0,0.0,0.4195395306562082,0.2395199314187741,-0.1351243657743972,,-0.5407361264545141,-0.588128927263686,0.0262770722886614,-0.4737949794669155,-0.2336973217527299,,0.0,-0.2065400026736447,-0.1848899476219997,,,,0.0,0.0,0.0,0.2514242045296651,-0.1303274481803792,-0.544358367638002,-0.1590063662923969,-0.0118869243831785,0.0,0.0,0.4158424695509094,,22.672,0.0286212067748765
2010-03-31,-0.3861956111409375,-0.1397969291728578,,1.776306749605422,-0.4645972510485325,-0.3708064891903112,,0.002456152445497,-0.5689655172413793,,0.0,-0.5846738956583435,-0.2184046807659768,0.5190512002859762,-0.9152014406343832,,-0.1966799440073564,-1.0576578978119249,-0.3843245353159851,-0.2353847199257061,,-0.6827845839249996,-0.365429825169896,-0.2624140690955738,-0.9628696547012372,,,,-0.7631082148526884,-0.4112471173715863,,-0.3354394553259291,,,,0.507648697094079,,-0.5635964912280702,0.9912289545317068,,,,-0.6360198796268782,,-0.7082515826612726,,,,-0.5831739661984893,,,,,-0.8457865704132154,-0.9152014406343832,-0.4388347273975841,-0.6576043905153819,,,,-0.0759085538243693,,,,,0.4314607700693386,,-0.454799581103479,-0.7977511115177603,-0.8983684952573529,-0.7707519654728655,,-0.522726762082369,0.9342271223814774,-0.440236146316367,-0.2384186919428015,-0.7681818304897499,0.0157916753817193,-0.4732586896571773,,-0.2392430416465225,,,,,-0.6709956983805668,-0.4450629235237173,-0.3830661734484176,-0.8038927911031514,0.0,0.0,0.2991905644578356,0.1856836690955851,-0.1427217907963128,,-0.6105236007222079,-0.5672663984449166,-0.1447992438252578,-0.5687301519773573,-0.2130756555980674,,-0.1070186421814134,-0.4010818743261759,-0.1603069458207432,,,,0.0,0.0,0.0,0.1952549673475059,-0.3549117997079305,0.0366924897085993,-0.3824258182826764,0.0574368194985515,0.0,0.0,0.3055997710729168,,27.8927,-0.0694411082469607
2009-12-31,-0.3968423734256942,-0.1148940831333104,,0.0347692879027017,-0.4677380917169935,-0.4194812154388943,,-1.1275682103122675,-0.5818965517241379,,-0.101983492125524,-0.4293441054274995,-0.2182088069753127,0.5264208273534006,-0.8144091677523377,,-0.194062863736566,0.0,-0.4067646840148698,-0.0536365489592063,,-0.6876214831899219,-0.3691067844284176,-0.2647850493931387,-0.9983568707208432,,,,-0.825727618527276,-0.4582787840776012,-0.3314447957877542,-0.3677984779315803,,,,0.5007999019098388,,-0.5767543859649122,1.0001008166145782,,,,-0.6228464223080643,,-0.706124202985599,,,,-0.5949879828340497,,,,,-0.8580276920991997,-0.8144091677523377,-0.4412691801100992,-0.6593613278790414,,,,-0.0863562650389158,,,,,0.4202357050254929,,-0.3841149161794658,-0.7172600967517828,-0.7993989305314708,-0.6733353189432809,,-0.4288988249039477,0.9342271223814774,-0.4444818574473431,-0.384557108052033,-0.03548228999407,0.1824409119431081,-0.4857869130965429,,-0.1306029421921403,,,,,-0.5471786437246964,-0.3045740561471442,-0.0315111659131387,-0.7093559777050982,0.0,0.0,0.0605394805585176,0.2645520788684097,-0.2495639007198958,,-5.173339627508139,-0.472876452239953,-0.5086508034356635,-0.7484903615874915,-0.1197754628983159,,-0.3152128547579299,-0.0979279424434077,-0.187838345772905,,,,0.0,0.0,0.0,0.0360566902876198,-0.18977279333715,-0.8619493695504198,-0.0343127736216844,0.0532747311290913,0.0,0.0,0.0729168529680038,,27.0373,-0.003998180291671
2009-09-30,-0.4012335667307644,-0.1389254009982093,,0.6914956828521028,-0.4583743474400509,-0.494645384422,,-1.0780888909799928,-0.6185344827586207,,-0.1817959771869619,-0.2336311376834574,-0.2338125366505118,0.5136691827874009,-0.7322373983863462,,-0.1980681934476939,-0.0772262349916742,-0.4266078066914498,-0.1867237461022144,,-0.6930077466938993,-0.3916939477411718,-0.2810639534246275,-1.0036040041721777,,,,-0.8502719838650569,-0.4573535811855515,-0.4356065191670419,-0.3434743413018297,,,,0.4804024032089495,,-0.6140350877192983,1.013408609738885,,,,-0.335285172431875,,-0.7112500842848862,,,,-0.5648041310363117,,,,,-0.863076469385324,-0.7322373983863462,-0.4579838791385696,-0.671424277015197,,,,-0.0863562650389158,,,,,-0.2160789453560561,,0.0578621434638124,-0.7508178791847486,-0.7187131397027927,0.1557373824790527,,-0.4066551329004426,,-0.4525511015090734,0.4190449133500348,-0.105694116882519,0.0366032210834553,-0.4948163735985185,-0.0184189512909236,0.6648249188479868,,,,,0.4793269230769231,-0.5533639883833494,-1.3298397040690506,0.1064243888424728,0.0,0.0,0.1735455566926936,0.2027432490355765,-0.6352439056785882,-0.0011639832097697,-0.7336396065816304,-0.4504995253379142,-0.7421937286812148,-0.8807929949774649,-0.0976568827324266,,-0.2007396586904099,-0.1780247836066988,-0.2066612319813333,,,,0.0,0.0,0.0,0.163158260386272,-0.1223550211428903,2.217950795760267,-0.143291166385154,0.0400559384676855,0.0,0.0,0.2235437197074025,,26.6834,-0.0607980991927565
2009-06-30,-0.4067355375559514,-0.1226568750714367,,1.5216878655649428,-0.4576276944580452,-0.5379100642894982,,-0.9892960363154292,-0.646551724137931,,-0.286841329353206,-0.3099478607176636,-0.2378191262154018,0.4685362216265771,-0.7664959099299395,,-0.2077555142117667,-0.1409340217931115,-0.3947955390334572,-0.2557400318618013,,-0.6688287925053694,-0.4007520849603147,-0.3164751608977381,-0.9943102108943436,,,,-0.8696350368032344,-0.4221874077080047,-0.4270693609802317,-0.37480869319105,,,,0.5053336525156039,,-0.6425438596491229,0.9996975501562656,,,,-0.4052600607109355,,-0.7278183068521717,,,,-0.5499695609606394,,,,,-0.8694023638293351,-0.7664959099299395,-0.4943430636391268,-0.6976645935482823,,,,-0.1434359766744322,,,0.7697371727222474,,-0.0536142682100538,,0.2065704084241079,-0.8227486911273274,-0.7523521268858074,0.0469353234390015,,-0.4443345990518345,,-0.456687422337158,0.2312559725199514,-0.0399879776123646,0.1905633410025796,-0.498140198389039,,-0.8418399060708612,,,,,0.2756262651821862,-0.5325508228460794,-0.3512124948623099,0.1211429106086714,0.0,0.0,0.1273984269325184,0.1749678525503643,-0.2813349508115431,,-0.8127612771983784,-0.4884046833325799,-0.018107097357498,-0.4566577994439425,-0.1351244170134331,,-0.225839361899462,-0.2352534727584494,-0.1557769566087563,,,,0.0,0.0,0.0,0.1931360289009309,-0.1700582945466627,-1.0933195034196623,-0.1881853114688366,0.0034628575233909,0.0,0.0,0.1504480174556901,,31.4616,-0.0778123172375213
2009-03-31,-0.4244131995785484,-0.1133796243380195,,0.75492526227834,-0.4682272781534801,-0.6162540852501873,,-1.046566003498797,-0.6745689655172413,,-0.375771353202566,-0.3479313362012429,-0.2534559426795645,0.4556835121672462,-0.8399287285673867,,-0.2383236554838116,-0.2221478703514358,-0.363860594795539,-0.2928869661071976,,-0.6517139835194192,-0.4145934914777876,-0.3050396351157258,-1.042714523117171,,,,-0.8812885851863916,-0.3979860244027274,-0.4492976093051634,-0.3556662194105653,,,,0.4572884492996479,,-0.6710526315789473,0.9968746849480794,,,,-0.1456829397610016,,-0.7310109308996069,,,,-0.5375697804553013,,,,,-0.8897272669458567,-0.8399287285673867,-0.4826014026950658,-0.6891906713734984,,,,-0.2078635291641352,,,1.015377657168702,,0.2819497326222228,,-0.0877786115394447,-0.8187249915153346,-0.8244570004969808,-0.3422592120125655,,-0.4805985575302761,,,,,0.1609147319249808,-0.5500886676292515,,-0.1972511913806202,,,,,-0.1257338056680162,,0.3651185093848472,-0.3502156497351685,0.0,0.0,-0.0079082782855138,0.3371624517788255,-0.2129935448451737,,-0.7882626617546148,-0.5248858550698431,-0.0203427444211564,-0.4741753607992012,-0.171184405283883,,-0.2558894453719161,-0.244080787975767,-0.1674533943189639,,,,0.0,0.0,0.0,0.1043490343198555,-0.182852601924979,-0.4442643674435188,-0.202047695278838,-0.2415676089634735,0.0,0.0,0.0109813460197091,,25.6412,-0.0245386331372947
2008-12-31,-0.4268454401375432,-0.0857478949975235,,0.7565592795469316,-0.4553217989576875,-0.7004584212693279,,-1.03939530643911,-0.7650862068965517,,-0.4512605965654828,-0.3865745083682413,-0.2592459101695885,0.4393627796089724,-0.9312195919324908,,-0.2299664994615221,-0.542602100435278,-0.3106052044609665,-0.1852590092640829,,-0.6166492349167736,-0.4482527059171028,-0.3099104235420526,-1.0415705781237845,,,,-0.8846252062239414,-0.3592424294393591,-0.3622198871074222,-0.1179223032291541,,,,0.4500586789357217,,-0.7631578947368421,1.0162314749470711,,,,-0.1600508060804157,,-0.7364397519974304,,,,-0.5143794021939458,,,,,-0.8925237370703817,-0.9312195919324908,-0.4876025847414695,-0.692800009749479,,,,-0.2371018125630857,,,1.4161515654052967,,0.380386012772246,,0.3283225173372034,-0.9220730032310882,-0.8204235641414497,-0.5496580442491303,,-0.5018087042487699,,,-0.3495011062613531,-0.0133708446268862,0.191696297845639,-0.506644844450406,,0.1864079010981421,,,,,-0.2752593623481781,-0.7106727976766699,-0.0008905329497191,-0.6048868611102948,0.0,0.0,-0.0590365498436236,0.1583369052721817,-0.3313646144173979,,-0.8702848438541763,-0.5462230459744134,0.0064521431800435,-0.4673084767479398,-0.1922752534420644,,-0.266439436097199,-0.2607582261095733,-0.1366221315356565,,,,0.0,0.0,0.0,0.0671460330693344,-0.2000356520376525,-1.2494246539820428,-0.2160865192990205,0.0281024206705956,0.0,0.0,-0.0212472949045839,,30.213,-0.0696388971634726
2008-09-30,-0.420721574760559,-0.0516868594506038,,0.7033330238603658,-0.4474513606447565,-0.7039009299753751,,-1.042408508824612,-0.7887931034482759,,-0.5184575203993154,-0.3537070028020506,-0.2589209979019667,0.4646414800891242,-0.9927028783905386,,-0.2188529604714767,-0.4728608571178171,-0.2977208178438661,-0.1646167901122713,,-0.614447967741997,-0.4583021363151193,-0.2970111943162257,-1.0368176143215593,,,0.2303956199222889,-0.887968634240687,-0.3576294493372349,-0.4000277631160546,-0.1388455027176049,,,,0.5315289803878065,,-0.7872807017543859,1.0654299828611755,,,,-0.0425093076506266,,-0.7276515830887695,,,,-0.5082188742058746,,,,,-0.8854828189712167,-0.8157755112791224,-0.4743580362269078,-0.6832414580345862,,,,-0.2371018125630857,,,,,2.552336510093133,,0.1043942904734025,-0.9676380500270764,-0.9240216623900724,-0.1237896677100485,,-0.4213943873997349,3.2000176405733187,-0.4618039828325593,1.619876546398409,-0.7624143337187357,0.1164505333612215,-0.3471094148854512,0.0184189512909236,0.3620415774570067,,,,,0.502871963562753,1.55094385285576,-3.2557884641731745,-0.1656163575917043,0.0,0.0,0.0079082782855138,0.1416202314616373,-0.6355449691409951,,-9.68880334434814,-0.4653270647800732,-0.0064521431800435,-0.4393404387898869,-0.1123132348423492,,-0.2497797254683732,-0.2013024714578987,-0.2068564901370224,,,,0.0,0.0,0.0,0.163158260386272,-0.1327433934964677,-60.07772843667952,0.2030264537194905,0.2450304664868644,0.0,0.0,0.0147371809775901,,24.0288,-0.1624384072446398
2008-06-30,-0.4886559833479961,-0.1558749571379586,,0.7484913192832606,-0.5318105882677268,-0.6863281715032459,,-1.1160981142576354,-0.8038793103448276,,-0.5941090161746464,-0.5484016468065865,-0.299291512587924,0.3458334594045094,-0.9878435612690486,,-0.2884180619776306,-0.4950373930063393,-0.4134851301115241,-0.1803891367867902,,-0.7215390096237461,-0.4691804041701444,-0.4030063481969586,-1.1723915075760525,,,,-0.981434865167256,-0.494418714667339,,-0.2548455656129942,,,,0.6678509496645667,,-0.8026315789473685,1.0823671741102934,,,,0.2496023491985806,,-0.7721716858356893,,,,-0.6399917272528642,,,,,-0.9635904483089,-0.9878435612690486,-0.5831907372592284,-0.7617856983267457,,,,-0.276462512138767,,,,,0.4637417239153283,,-0.4396846731700076,-0.8728076848194176,-0.9696969696969696,0.0196575384805588,,-0.5098299143954883,,,,,0.1988775012201073,-0.4982065014767737,,0.5190966226949375,,,,,0.3502403846153846,,0.0503493629264282,-0.0261562646383016,0.0,0.0,-0.0302232209952264,0.3311615945135019,5.688239929869923,,2.3885468729468906,-0.5542923014330274,-0.1753421279743558,-0.581583036994587,-0.2002513475018851,,-0.3303770172509738,-0.3044591987486176,-0.2068760159525913,,,,0.0,0.0,0.0,0.2083159649854105,-0.2512132665621233,20.81332857930051,-0.3974666675844143,0.1986148569906436,0.0,0.0,-0.0561407901561354,,31.9827,-0.0854587011102877
2008-03-31,-0.510696264326414,-0.2221825351468739,,0.5227184105468388,-0.5521882489882349,-0.7283621169859424,,-1.1259247368668683,-0.8297413793103449,,-0.6610756462618266,-0.5517244814435404,-0.3220018433753024,0.2702818369230606,-0.8910330176152961,,-0.3223038201878776,-0.5561926689258274,-0.4439159851301115,-0.2657364832725543,,-0.7344563432951497,-0.4763114495481001,-0.5345916431852819,-1.18757157254143,,,,-1.0095424839087517,-0.5059951098327641,,-0.285444827640427,,,,0.6568508387292653,,-0.8289473684210527,1.1843935880633127,,,,0.043190994738774,,-0.8050325898321433,,,,-0.6491614670115868,,,,,-0.9889312753353828,-0.8910330176152961,-0.7182986412095149,-0.8592926752976637,,,,-0.2976832296056754,,,,,0.3061568912687418,,-0.9743137271070578,-0.6400203844750306,-0.8746371293707114,-0.2599706654228506,,-0.7112589030938954,,,,,0.1235620163145785,-0.505929281126622,,-0.2425581877201464,,,,,0.0866460020242915,,0.2901082340046582,-0.2584558027502163,0.0,0.0,-0.0941908149462881,0.3256750964423489,4.931897673842013,,1.9347238917466825,-0.7569278061570454,-0.235408704228825,-0.7078996694185922,-0.4005473790041053,,-0.390929326655537,-0.3565460522451456,-0.1666333100650698,,,,0.0,0.0,0.0,0.1442614978463248,-0.3116915967839244,18.12926647434443,-0.4402993705640919,0.1029201212000133,0.0,0.0,-0.1031423819147604,,25.5724,0.14917254540051
2007-12-31,-0.5278789059324374,-0.2727645064197813,,0.6584811066753319,-0.5654746530779592,-0.7699430648901976,,-0.6427546144693597,-0.8577586206896551,,-0.7232392560116263,-0.523594395013313,-0.3297587101799116,0.1958076161131128,-0.6533848228342287,,-0.3514112947330756,,-0.4859301115241635,-0.2723731001834696,,-0.7357088660495151,-0.4875790740918926,-0.5660064468735952,-1.1997100324340622,,,0.0,-1.0764687033615563,-0.507214310755027,,-0.3139829553495149,,,,0.654766422803627,,-0.8574561403508771,1.7086399838693416,,,,-0.3673361183455396,,-0.8304566035338053,,,,-0.6458356892315852,,,,,-1.0086870284141505,-0.6464792487934524,-0.7505544360512896,-0.8825715875807887,,,,-0.3058921455599619,,,0.7588153508551518,,0.3243673896922177,,-0.7931987037296633,-0.4539684295974917,-0.6412865190228462,-0.679764199452646,,-0.6709506369784528,,,-0.1318990676412097,-0.2140039153992163,0.1331485742173882,-0.505411096994787,,-0.3800676842323365,,,,,-0.3224000506072874,-0.7525411423039691,-0.043567612001644,-0.6945534871920671,0.0,0.0,-0.2476758250016102,0.0240034290612944,4.408720214640539,,1.518111163562568,-0.716378102255775,-0.48593268400937,-0.8424946008373394,-0.3604658307034937,,-0.5581872565386756,-0.38036498595479,-0.1788955222423446,,,,0.0,0.0,0.0,-0.0081283868278449,-0.3439828716214785,16.289715082169135,-0.4562247476008251,0.0911663836446575,0.0,0.0,-0.2167653318548459,,28.0893,-0.1274043852997405
2007-09-30,-0.5318364533034765,-0.2868042061949937,,0.6224213164980039,-0.5642783755920711,-0.8024879391100304,,-1.0857990257412928,-0.8728448275862069,,-0.7745965061647193,-0.5931038452236466,-0.3376357923177549,0.1709500193551748,-0.4634478668803434,,-0.3433883143141567,-0.5970748371359295,-0.5184282527881041,-0.3403172589790633,,-0.7357026311464238,-0.4964899718275821,-0.5843109629743332,-1.197525170436863,,,0.0,-1.1070460543194938,-0.5031976740301295,,-0.3306915085983238,,,,0.6560947270699652,,-0.8728070175438597,2.007460429478778,,,,-0.3767632098722274,,-0.8394968012549753,,,,-0.6533018435216551,,,,,-1.0132372210127305,-0.456542292839567,-0.7693489738711456,-0.8961355502565331,,,,-0.3058921455599619,,,,,0.219230215200431,,0.5169249037280141,-0.6059838434948949,-0.4547843465982412,0.1791488476906045,,-0.6130046958905341,,-0.4617347592815108,1.9171207934089207,-0.5653771482571599,1.492139022519696,-0.5432155875499122,,-0.4246840251398577,,,,,0.5177252024291498,1.6500484027105518,-1.667283189478011,0.2260258731700061,0.0,0.0,-0.2968288161915736,0.5441063009001286,17.375080800120426,0.0163245191960318,1.4227544152500715,-0.6580850775281407,-0.5225578432581268,-0.8389810785312276,-0.3028458122713436,,-0.5840173437210165,-0.3679026114169434,-0.1420307824482443,,,,0.0,0.0,0.0,-0.123905794080867,-0.33085167943813,15.799034066967035,-0.4392000123314257,0.1363833116904738,0.0,0.0,-0.2187326739756407,,35.3353,-0.0199759266841315
2007-06-30,-0.5373331922055614,-0.2725740084581095,,0.742456596416303,-0.5714096965292065,-0.7987902781534755,,-1.0919089628429577,-0.8922413793103449,,-0.8256484426385383,-0.5673136896470236,-0.3473390446277918,0.2030356275584,-0.6186375556570478,,-0.3649797294460002,-0.6556136981099003,-0.4860959107806691,-0.3547003707143235,,-0.7303226025455377,-0.4834411523167842,-0.5955573585360773,-1.2285125858262662,,,,-1.1231697859815668,-0.4954303351622089,,-0.3397124108326825,,,,0.6646163098247806,,-0.8925438596491229,1.88486742615183,,,,0.0547039322274853,,-0.8303001785576529,,,,-0.6435990452982943,,,,,-1.0195571000498382,-0.6186375556570478,-0.7808964414774454,-0.9044693236705164,,,,-0.5161475500021527,,,,,2.330730393926514,,1.7980803324784986,-1.088591609384093,-0.6071676147695012,-0.6666928917037095,,-0.6610420832678006,,,,,-1.1129122219898209,-0.5683658787989757,,-0.1458664272394502,,,,,-0.3524418016194332,,0.7314700643923825,-0.7009411097189626,0.0,0.0,-0.3785023653266727,0.2421774539219888,4.151913081207441,,1.3769691601656602,-0.7064101984539578,-0.4670283154563761,-0.8265686350566442,-0.3506130086295975,,-0.5448548506770543,-0.3737602773044687,-0.2068760159525913,,,,0.0,0.0,0.0,-0.1412741420036126,-0.3361263329569207,15.275096431233996,-0.4426884873441473,0.1294575966436919,0.0,0.0,-0.3118773809310893,,24.2451,0.0547446806701973
