,totalAssets,intangibleAssets,earningAssets,otherCurrentAssets,totalLiab,totalStockholderEquity,deferredLongTermLiab,otherCurrentLiab,commonStock,capitalStock,retainedEarnings,otherLiab,goodWill,otherAssets,cash,cashAndEquivalents,totalCurrentLiabilities,currentDeferredRevenue,netDebt,shortTermDebt,shortLongTermDebt,shortLongTermDebtTotal,otherStockholderEquity,propertyPlantEquipment,totalCurrentAssets,longTermInvestments,netTangibleAssets,shortTermInvestments,netReceivables,longTermDebt,inventory,accountsPayable,totalPermanentEquity,noncontrollingInterestInConsolidatedEntity,temporaryEquityRedeemableNoncontrollingInterests,accumulatedOtherComprehensiveIncome,additionalPaidInCapital,commonStockTotalEquity,preferredStockTotalEquity,retainedEarningsTotalEquity,treasuryStock,accumulatedAmortization,nonCurrrentAssetsOther,deferredLongTermAssetCharges,nonCurrentAssetsTotal,capitalLeaseObligations,longTermDebtTotal,nonCurrentLiabilitiesOther,nonCurrentLiabilitiesTotal,negativeGoodwill,warrants,preferredStockRedeemable,capitalSurpluse,liabilitiesAndStockholdersEquity,cashAndShortTermInvestments,propertyPlantAndEquipmentGross,propertyPlantAndEquipmentNet,accumulatedDepreciation,netWorkingCapital,netInvestedCapital,commonStockSharesOutstanding,investments,changeToLiabilities,totalCashflowsFromInvestingActivities,netBorrowings,totalCashFromFinancingActivities,changeToOperatingActivities,changeInCash,beginPeriodCashFlow,endPeriodCashFlow,totalCashFromOperatingActivities,issuanceOfCapitalStock,depreciation,otherCashflowsFromInvestingActivities,dividendsPaid,changeToInventory,changeToAccountReceivables,salePurchaseOfStock,otherCashflowsFromFinancingActivities,changeToNetincome,capitalExpenditures,changeReceivables,cashFlowsOtherOperating,exchangeRateChanges,cashAndCashEquivalentsChanges,changeInWorkingCapital,stockBasedCompensation,otherNonCashItems,freeCashFlow,researchDevelopment,effectOfAccountingCharges,incomeBeforeTax,minorityInterest,sellingGeneralAdministrative,sellingAndMarketingExpenses,grossProfit,reconciledDepreciation,ebit,ebitda,depreciationAndAmortization,nonOperatingIncomeNetOther,operatingIncome,otherOperatingExpenses,interestExpense,taxProvision,interestIncome,netInterestIncome,extraordinaryItems,nonRecurring,otherItems,incomeTaxExpense,totalRevenue,totalOperatingExpenses,costOfRevenue,totalOtherIncomeExpenseNet,discontinuedOperations,netIncomeFromContinuingOps,netIncomeApplicableToCommonShares,preferredStockAndOtherAdjustments,adjusted_close,10%DDret
2023-09-30,0.3019036741790202,-0.1703031473257385,,,0.3362278318171675,-0.0131092373323811,,-0.2510272336359292,-0.696969696969697,-1000.0,-1.072588781150794,,,0.4768080226429826,0.108322026232474,,0.2510272336359292,,0.393416581741937,,,0.5000784651599305,0.1206585335491099,,-0.2028437439396343,-0.3385779069896189,,,-0.0650265957446808,1.2277281858392313,,2.325109361329834,,,,0.1331022530329289,,,,,,,0.6664776526929869,,-0.0109427883894276,0.9290078956402334,,,0.2724007910940292,,,,,0.3019036741790202,-0.0531954362737132,,3.4786836537162924,,,0.2485597525164636,-0.0281538025646604,0.2424912432224941,,,,-0.0824298534129207,,0.5476308741173606,0.0204257664154876,0.3527136984128921,0.1279984769640817,,0.2849553248007727,,-1.0096281600931876,,,0.0373619945894567,-0.3378993309471125,,0.0,,,,,0.0,-0.3605597136348845,0.1659551760939167,0.1573380867498514,,,-0.1168572242340399,1.7954545454545454,-0.3502092884193741,,-0.6143135616819827,0.2849553248007727,-1.2852127510181155,-1.1930004093327875,0.4710391822827938,,-0.0991709081596722,0.7751300306171383,2.275256222547584,0.0,1.152503090234858,0.2422895248680188,,,,-0.4909780841012933,-0.1136969326611329,0.1294687215915096,6.365931721194879,0.1010605875899061,,-0.0554177392932366,,,21.6126,0.1141648852983906
2023-06-30,0.3138334273533519,-0.1541481624509236,,,0.3670302839365179,-0.0216359224482839,,-0.2490922121356903,-0.6666666666666666,0.0,-1.0796680866388593,,,0.4976593653272357,-0.0100471667635846,,0.2490922121356903,,0.4401300612256301,0.4580077616962325,,0.5315506869547826,0.1208128449313249,3.899697311413141,-0.2658362863842315,-0.3385779069896189,-0.4119423326998099,,-0.0559397163120567,1.2350918253659984,,2.310936132983377,,1.1509894942584902,,0.1223836821757099,,-0.946236559139785,0.0,-0.2077668237376492,,,0.666406772452857,,-0.0098276413008745,0.9257580958919784,,0.941588719965683,0.2787678903474451,,,,-0.0135695621646487,0.3138334273533519,-0.0756645213514566,,3.4992121730518164,,,0.2652295562224811,-0.0356028308311013,0.0150856484813588,,0.0,0.077007029820563,-0.4576942527971886,,-0.9492086681275872,0.6061361158698022,0.0117111731911727,0.3568980835131362,,0.2839893745472108,-0.4081071796633459,-1.0097009628160094,,,0.002851502522483,-0.3297288024215004,0.2735445836403832,0.0,,0.4655250795575087,,-0.8374837061762068,0.3942506869583597,-0.0520663846404165,-0.3165243685521167,0.3716577540106952,,,-0.269438906294503,1.306818181818182,-0.2816424157863265,,-0.0722794640923295,0.2839893745472108,0.8503019238870945,0.881839268658753,0.4701873935264054,-0.0144773670495125,-0.2274720701686994,0.8946475340292892,2.139458272327965,134000.0,1.0706118665018542,0.2570158377327035,,,,-0.0006195307054905,0.5343993481692723,0.1999957717595822,6.924964438122333,0.108923564549555,,-0.2434823309150479,-0.2468221145307386,,22.6664,0.0623654395934069
2023-03-31,0.4407673883088419,-0.1379288150865675,,,0.5544802373357487,-0.0237946453932365,,-0.1398232202580028,-0.6666666666666666,0.0,-1.0816833453788417,,,0.5401898998912468,0.477805776313239,,0.1398232202580028,,0.523187777224917,0.5023393275056708,,0.7205347939135652,0.1213522864019253,3.698142322986528,0.0,-0.0831117557643121,-0.4152245673702111,,-0.0308953900709219,1.278810683455102,,1.510586176727909,,0.9777669191302224,,0.1117984268764164,,-0.946236559139785,0.0,-0.2085840629844386,,,0.6663389739622979,,-0.0087092335483197,0.9223023229202426,,0.9382238736957044,-0.8261883996531337,,,,-0.0104705021259477,0.4407673883088419,0.0169407334954329,,3.519560617656327,,,0.4055764627360141,-0.0399882763664236,0.4826179166066887,,0.4253557999563672,-0.241252848842808,-0.418564989645511,,0.3234477720964207,0.4091382842356211,0.608139265367865,-0.0400431526843508,,0.3409804395073654,0.3304706286499485,-1.0096281600931876,,,0.0353147620092125,-0.2767686577362693,0.5168754605747974,0.0,,-0.0092943375258877,,0.147077660319924,-0.0179243288945254,0.1757240481614058,0.3765563856278904,0.0,,,-0.5464458640192049,-1.6590909090909092,-0.2473589794698026,,-0.0766112812896438,0.3409804395073654,0.5517483499508496,0.5957838722881703,0.520442930153322,0.2221793263198533,1.4931335830212236,1.001844405916854,2.0092728160078086,-5000.0,0.930083436341162,0.0480689080300083,,,,-0.0436769147370866,0.4188351920693928,-0.2694234794190397,5.764224751066856,-1.736681701816409,,-0.5491223964427803,-0.574937203460787,,19.9785,0.2052956928698349
2022-12-31,0.5681406231215262,-0.1217094677222115,,,0.7368270783286732,-0.0191552846782069,,-0.1185140946010511,-0.6666666666666666,0.0,-1.0757239021526517,,,0.670636276177463,0.1372682044323835,,0.1185140946010511,,0.7286195895408211,0.5428532289127955,,0.893231995322861,0.1209528922361923,3.4131699210635644,-0.1774915816011706,0.0016197175301205,-0.4106513203961188,-0.4854582785937364,-0.0509751773049645,1.3187646411805682,,1.3545056867891514,,0.7107256291228927,,0.1013198240234635,,-0.946236559139785,0.0,-0.2061673554933206,,,0.6664129359519987,,-0.0074669205637035,0.9190525231719876,,0.9350595811769162,-0.8267436844139909,,,,-0.0127649985007552,0.5681406231215262,-0.0429543412737591,,3.538468464412732,,,0.5394822383911261,0.0,0.5119754330406411,3728000.0,0.4124071198490818,0.1138333386832728,-0.3532486517015692,,0.5458388117847577,0.0753776670300576,0.4075488270528101,0.251110547023734,,-0.5969572567012799,,-1.0097009628160094,,,0.019960517657381,-0.3190518697716613,1.489904200442152,12.356164383561644,-19.062111801242235,0.6297923927867859,,0.3191253701429336,0.3114774889029803,0.201757240481614,0.9637139807897546,0.2458110516934046,,,-0.9450299060096838,-1.0340909090909092,-0.274865457444688,,-0.9241622574955908,-0.5969572567012799,0.1145906473809858,0.1047891936144085,-0.3066439522998296,0.079335971431329,1.0945292743045552,3.239551440481021,1.686920448999512,56000.0,0.7126081582200248,0.0,,,,-0.0247812282196236,0.5002461339987438,-0.249381619838904,16.35810810810811,-1.6557357064488605,,-1.0080973554879475,-1.0839063253241317,,18.9119,0.0190260126662983
2022-09-30,0.6831240231936596,-0.1055544828473965,,-0.8041534793555465,0.8798093962903162,0.0,,-0.0407787864309603,-0.6666666666666666,0.0,-1.0573941742495814,,,0.7707363152170882,0.0522872649738321,,0.0407787864309603,,0.8681373944649476,0.5770033962596322,,1.0383863870640184,0.1210190256857131,3.240845154015075,-0.2445302445302445,-0.0016197175301205,-0.3893011653496049,-0.4854582785937364,-0.0892287234042553,1.3524428181791714,,0.7851268591426072,,0.5988272660640117,,0.0906279162778296,,-0.946236559139785,0.0,-0.1987341794310284,,,0.6663636279588648,,-0.0077799443078588,0.9132166151733608,,0.9293772248931772,-0.828769353261333,,,,-0.0123850656594721,0.6831240231936596,-0.0590855989967406,,3.4788637284473056,,,0.6653695105179348,-0.0068126281309152,-0.5585528525502615,0.0,-0.3610038114548978,0.259605816454274,0.5164176790440648,-0.7128000777529401,0.3286876065254444,-0.1248427635283265,0.0676686225952447,-0.2825866226678512,,0.6848587297754166,1.1518066269010965,-0.3027137214931838,,,-0.0418220369964173,0.6809742991809118,-0.0138540899042004,7.397260273972603,,-0.3901601252715058,,0.1511313376381678,-0.3382794335235679,0.2004555808656036,0.0562966915688367,-0.2431372549019607,,,-0.2862025470968792,-0.9318181818181818,-0.2650986645405621,,-0.0847798508617222,0.6848587297754166,0.2779104058418761,0.3540046391049256,0.823679727427598,0.6642216002316379,1.243445692883895,0.8413810911505404,0.9799902391410444,0.0,0.0598733003708281,-0.7377049180327869,,,,7.063579338650972,0.4939994228582098,-0.275258451195535,6.645448079658606,-1.3040351091064244,,-0.2502223262344957,-0.2573770075863293,,19.7965,-0.1007753895890688
2022-06-30,0.5213787650393497,0.0900431228679925,,-0.8188222823008425,0.6507206710510771,-0.0006357141504559,,-0.1012661251791686,-0.6666666666666666,0.0,-1.0591529006652574,,,0.6758735116142885,-0.3693222200684887,,0.1012661251791686,,0.7531497540065403,0.5248032079325623,,0.8250965429173654,0.1221770094194779,0.5903020950798267,-0.4739514465541863,-0.3385779069896189,-0.3995354856456937,-0.4854582785937364,-0.1410017730496454,1.3009640900082442,,1.2281714785651794,,0.6088443684339115,,0.079562724970004,,-0.946236559139785,0.0,-0.1994473882229022,,,0.5502710398747577,,0.0264439850531162,0.9859938208032956,,0.9328312061636852,-0.8271931413616802,,,,-0.0057325161052413,0.5213787650393497,-0.1438628551804916,,4.481339755998739,,,0.4973989517284702,0.0131532541431511,-1.9215661436591327,0.0,-1.6186555959087818,1.815732032228036,1.6042924063389403,0.6208572261638643,-0.4849671292914536,0.1753501132102596,-0.1362155831798275,0.1538900875745653,,0.8094663124849071,-0.0015614752818462,-0.302640918770362,,,-0.0943920450391167,1.1552836569075855,0.0988946204863669,0.3013698630136986,,0.3108551800777895,,-0.4783339235527694,0.2418093426336926,0.3019850309144158,0.0361970828886517,0.1809269162210338,,,-0.2832729788013183,0.2727272727272727,-0.261510863065577,,-0.1962932021411553,0.8094663124849071,-0.2230023873051537,-0.123891390367035,0.9335604770017036,-0.0403435961779751,0.7867089215403822,-0.289387288354421,0.1022449975597852,0.0,-0.4844715698393078,-0.6965823839955543,,,,4.835127391001317,0.3080239683590501,-0.2699308682691698,5.979018492176387,-0.8669998780933804,,-0.2468523285747718,-0.262147007332606,,17.9071,0.0082202031596406
2022-03-31,-0.1012364403096187,-0.5009976185878869,,-0.8309338650149566,-0.2178815684112419,0.0004138904894457,,0.0375298614429049,-0.6666666666666666,0.0,-1.0608548939707505,,,0.1816527704191182,0.3525715577954384,,-0.0375298614429049,,-0.0545655800735984,0.3694461560450523,,0.0285459328892102,0.1241726835138387,1.567778503175263,-0.0949383826096154,-0.2268616865625133,-0.3696171351405422,-0.4854582785937364,-0.2161347517730496,1.147754231962456,,0.2115485564304462,,,,0.0672710305292627,,-0.946236559139785,0.0,-0.2001375902795543,,,0.6387942962978942,,-0.0672185883933404,-0.0005263760155624,,-0.0277321270396595,-0.8308099625058283,,,,0.0057325161052413,-0.1012364403096187,-0.006831484928113,,0.9623193625354522,,,0.0,0.0366319881037485,-0.0095350511011947,0.0,-0.0194294367516651,-0.2241517670850319,-1.438945429443663,-0.6834483428904655,-3.8660822985147294,2.554993830340349,0.1694704353872616,-0.519355248127935,,2.4052161313692344,0.0054963929920989,-0.3027137214931838,,,-0.1961687504569715,0.2146784562644111,-0.3899778924097273,0.2465753424657534,,-0.3455068949840885,,-3.094055862385943,-0.3255125766222786,-0.0195248942401561,-0.129758093205265,-0.4493166963755199,,,-0.5402612198396876,,-0.2431732110823201,,-0.4926513815402704,2.4052161313692344,-0.505266114309788,-0.2854413971892482,2.340715502555366,0.0225846925972396,0.529338327091136,-0.2366372791323914,0.0,280000.0,-0.8199938195302843,-1.6704640177827177,,,,0.0446062107953225,-0.3137274872264942,-0.2094670302953425,2.8723328591749646,-0.8144581250761916,,-0.542476012169436,-0.610965924948621,,21.3468,-0.1150008432177189
2021-12-31,0.3545679857212876,-0.443715002896312,,-0.6845245069974458,0.4110877013350136,0.015273370610529,,-0.0145962732919254,-0.6666666666666666,0.0,-1.054019787522169,,,0.5739992610356655,-0.359145829295083,,0.0145962732919254,,0.56355518422236,0.5049725222848599,,0.6077818976260443,0.128293705132993,0.0,-0.3497822675904867,-0.225665879479729,-0.3552284435330599,-0.4854582785937364,0.4554521276595745,1.281407484780983,,0.5933508311461068,,,,0.0551126516464471,,-0.946236559139785,0.0,-0.197365778831753,,,0.635894369951709,,-0.0641503035678185,0.0,,0.0024846381397525,-0.8294516313979916,,,,0.0294075468816639,0.3545679857212876,-0.1419311516325961,,0.971503173817134,,,0.4473756837494818,0.0952546512437352,-0.643577563456648,4181000.0,-0.4989861786635525,-0.3239736140981606,1.5245794527071177,0.0981630867917193,2.760886291697102,0.8589244426341451,2.5926585583057835,0.340144688412235,-1.0,0.992030910408114,0.4881171731051497,-0.3029321296616493,,,-0.1781823499305403,-0.403344973671126,-0.9814296241709654,3.150684931506849,4.183229813664596,0.0,,2.032745876626557,0.4684844641724794,0.0026033192320208,-0.527570259694059,0.3628045157456922,,,0.2565813565528746,,-0.2459637233406418,,0.083727838113803,0.992030910408114,0.1617750315966858,0.2628598717423932,1.094548551959114,0.0144773670495125,1.1375524184512948,0.4099376590800103,-0.0356271351878965,0.0,-0.5242583436341162,-0.5257015837732704,,,,4.485092542399133,-0.006823852930692,0.5316589501279043,,-0.7966597586248934,,0.3741633512754505,0.4113363610991297,,21.4031,-0.1173287981647517
2021-09-30,-0.159902619921763,-0.4975220441526678,,0.3110131072715031,-0.3030165793722679,0.0019477199503331,,0.1395843287147635,-0.6666666666666666,0.0,-1.0720313166768212,,,0.0926337107163771,0.8434289591006009,,-0.1395843287147635,,-0.1981012338254976,0.3524517171119318,,-0.0439374124959613,0.1319803207601975,0.7967238411775179,0.1475908393716613,-0.180339096722761,-0.3680135290587176,-0.4915471573432349,0.9092198581560283,1.130994673610406,,-0.5359580052493438,,,,0.0426609785361951,,-0.946236559139785,0.0,-0.2046699171182363,,,0.6666194131732467,,-0.0731236509002693,0.0005263760155624,,0.0049804181545712,0.1623417329491161,,,,0.0505869403673056,-0.159902619921763,0.0863440823948218,,0.9518750281366768,,,-0.0531987986101568,0.0952546512437352,-1.6201679381987428,0.0,-1.367182988334638,0.7197220171412063,1.8459119148606296,-0.3308387598406064,0.7150328707085464,0.4210942460436309,0.8655532919375892,-0.5005711384693489,1.0,1.965708765998551,-0.0015614752818462,-0.3414447700343992,,,0.0255904072530525,-0.357962194586516,-0.045246868091378,1.8630136986301369,,0.202454917411729,,0.450018460054702,-0.1721411963644049,0.0156199153921249,0.3969228032728566,-0.4352346999405823,,,-1.1336615534849657,,-0.2722742674905322,,-0.1245088028713759,1.965708765998551,-1.0434629967701166,-0.8394051030154182,1.953151618398637,-3.557378631406235,0.0386055891673869,-0.2494743443136965,-0.0455100048804294,0.0,-0.7187886279357231,-1.2028341205890525,,,,,-0.2353041027991377,-0.2241813069491131,,-0.791722540533951,,-1.225087760355722,-1.3248420571892523,,20.9223,-0.0970447799716092
2021-06-30,-0.7289541583050503,-0.4920512325416747,,0.1292786538287573,-1.1425589729452998,0.0281580791153023,,0.0796942188246536,-0.6666666666666666,0.0,-1.0478457451400691,,,-0.3041779370346616,0.5341959035988887,,-0.0796942188246536,,-0.8313780689313852,0.1672870731341588,,-0.8351862393648938,0.1324341777667123,0.8057748234316576,-0.016087516087516,0.2680126350621392,-0.3379888966690007,-0.4915471573432349,4.11156914893617,0.9483891949773872,,-0.0972878390201224,,,,0.0302359685375283,,-0.946236559139785,0.0,-0.1948620458639266,,,0.6666656394168097,,-0.0727454138760817,0.0008467788076438,,0.0053369581566881,0.0022653377183398,,,,0.053194322611405,-0.7289541583050503,0.0276448241076602,,0.9547562238328906,,,-0.6247227184389784,0.1167287568864145,-1.2113583801161172,0.0,-1.025480281816665,-0.2802779828587937,1.0329830156849282,0.7952181941879677,-0.1527343559775992,0.5169575790974327,0.4197113683773925,0.2804924482802386,,5.3185220961120505,-0.0015614752818462,-0.4678302968531023,,,-0.2250493529282737,5.610268696989698,-1.6487840825350035,1.7808219178082192,,0.318634136485326,,-0.2213096843707381,0.3176495455506235,-0.765375854214123,-0.9302739238705088,0.2962566844919786,,,0.3772632949505635,,-0.3775164440900936,,-0.244314489928525,5.3185220961120505,0.552871787670271,0.9484240687679084,4.909710391822828,-0.0233568188398803,1.4941579435961458,-0.2456379800066398,0.4630307467057101,0.0,-0.5791872682323856,-1.8588496804667964,,,,,-0.3667566328868972,-0.2197839369146529,,-1.045775935633305,,0.5129885326468523,0.6923603887042347,,20.48,-0.0775439453125
2021-03-31,-1.0970147873452138,-0.4866447834202227,,0.0907618901330276,-1.2805431943186445,-0.2887575981366812,,0.1479694218824653,-0.6666666666666666,,-1.0726874474293735,,,-0.5466715233819469,0.2140434192672998,,-0.1479694218824653,,-0.8804650061332063,-0.7715559520588621,,-0.9529393664322968,-0.0058158533549109,0.8149445070924091,-0.1897974295234569,-0.2148846346698639,-0.7044488346503951,-0.483365718196622,0.7662677304964539,0.9215513207330124,,-0.5973753280839895,,,,0.0179176109852019,,-0.9032258064516128,-0.7142857142857143,-0.2049359950125399,,,0.6670107953687467,,-0.0739029495966558,-0.0099782583819659,,-0.002662908140811,-0.0215571255422897,,,,-0.7410441075954907,-1.0970147873452138,-0.0331271827483542,1.7078891257995736,0.8555350470445234,,,-0.9825576762968,0.1789893683288761,0.3641360779233242,0.0,0.2914608010471876,0.1881439989728116,-0.0485867322266396,0.0948585868403149,0.9005113221329437,-0.0349454314568782,0.5173288765813133,-0.0159918771417692,,1.3021009418014973,-0.0031229505636925,-0.4677574941302804,,,-0.6053959201579294,0.5332127623074038,-0.9557848194546794,1.178082191780822,,-0.1494165782694347,,0.593509595461087,0.0130205030648911,-0.9632281158477058,-0.5901814300960512,0.019964349376114,,,0.3298205639418969,,-0.4409009368148295,,-0.0109533091989232,1.3021009418014973,0.1624069653138604,0.2853731750579888,1.3679727427597956,0.3140623491940932,1.1381286212746886,-0.2133977645800287,-0.1443387018057589,0.0,-0.6598423980222496,-0.765768268963601,,,,,-0.1107093751591383,-0.1828291156635166,,-0.7423503596245277,,0.4584132927685467,0.7326516631568264,,19.6112,-0.0366780207228522
2020-12-31,-1.1024132318533657,-0.4812383342987706,,-0.8564678183062241,-1.2835328633875478,-0.2926097553717846,,-0.891662685140946,-0.6363636363636364,,-1.0985084125335771,,,-0.4655196452971194,-0.4584060218388576,,0.891662685140946,,-0.7774537481740075,-0.7715559520588621,-0.2021697751369206,-0.9619120882502268,0.0065018258019004,0.8266069202920054,-0.6217185874720121,-0.3116880651809765,-0.7091627488246474,-0.483365718196622,0.0187056737588652,0.910772145418034,,-0.2566929133858268,,,,0.0057592321023863,,-0.9032258064516128,-0.7142857142857143,-0.215407060416937,,,0.6604620775306557,,-0.0735768831964941,-0.0098409428996452,,-0.0024846381397525,-0.0233723837963922,,,,-0.670279753490633,-1.1024132318533657,-0.1543952388106838,1.7078891257995736,0.8665196056363391,,,-0.9925946625681152,0.1789893683288761,0.6791075284295379,718000.0,0.5549580996624873,-0.6795252463647161,-1.3576377737664131,0.7538147536203713,-1.713737521305089,1.0209648628897967,-0.0446732460688275,0.1131488767610102,,1.166867906302825,0.0,-0.0910762062501137,,,-0.3016743437888425,-0.3472445546771187,-2.8707442888725128,0.136986301369863,-1.0,2.6619184724958327,,-1.428943858829557,0.3550200803212851,-0.9645297754637162,-0.1095695482034863,0.1434343434343434,,,1.2243967937502542,,-0.3338648594777755,,-0.7578823602215415,1.166867906302825,0.9560454992276366,1.0469368263064538,1.2487223168654171,0.1847312035517807,-13.234482537853324,0.6115681139105095,-0.106515373352855,0.0,-0.7894004944375772,-1.3178660739094192,,,,-0.0560675288468984,-0.930250717183548,0.7627745713621277,,13.608557844690967,,1.48326702550901,1.848425646360338,,16.7627,0.1270201101254571
2020-09-30,-0.7411151082463263,,,-0.8154636540200024,-0.716270231953688,-0.3374641227279982,,-2.79156712852365,0.0303030303030303,,-1.1514478043053031,-0.7494942426584233,,-0.3656932322021137,1.039784842023648,,2.79156712852365,,-0.5743262120732366,-0.7132339638923976,0.321365387601682,-0.4416111512839054,0.0134069359724469,-0.1711674283340257,0.2924313746231554,-0.323095685129443,-0.7506970841252376,-0.4819221661933494,0.2252659574468085,1.04175190712583,,-0.5135608048993876,,,,-0.0066657778962804,,0.043010752688172,,,,,0.6593125849407225,,-0.0889280893161083,,,,0.0818889393127292,,,,,-0.7411151082463263,0.1311197441565967,,-0.1393778418043488,,,-0.6332031173318152,0.2767184665980476,0.0095350511011947,0.0,0.8582446774379836,-0.2994735659487048,-0.3872098989652894,-0.1693070269219554,1.6631896761626492,0.0,1.0305588425457162,-0.2261073740322376,,0.7592368992996861,-0.7541925611317573,-0.0910762062501137,,,,-0.4759143868178263,-0.5655121591746499,0.136986301369863,,,,,-0.1018812090467131,1.4917019199479336,-0.4460156527926005,-0.1742127153891859,,,-0.0686821011514831,,0.7853298784133944,,-0.3306414183607166,0.7592368992996861,-0.1041286336188737,-0.1341929321872015,-0.637137989778535,,-0.0540350203271551,-0.0553690656239625,-0.228648121034651,0.0,-0.6684177997527813,-0.6046123923312031,,,,4.5501432664756445,-0.4614757855069512,-0.0016912961671,,0.1023406070949652,,0.0,0.2356582853373252,,13.2909,0.4214161569193959
2020-06-30,-0.6353009719512083,,,-0.8261660942468009,-0.529460218695441,-0.3676429612917711,,-5.40303392259914,0.0303030303030303,,-1.1651895502544356,-0.7494942426584233,,-0.1724314018013998,0.0,,5.40303392259914,,-0.245615622247707,-0.6346096623559533,0.8395945789868348,-0.2595535178546702,0.0069077036391551,-0.1746097691257641,-0.2788120801819432,-0.0532355597595099,-0.7855700460138041,-0.4827167098027801,1.7263297872340426,-0.006943265891295,,-0.4922134733158355,,,,-0.0219437408345553,,0.043010752688172,-0.7142857142857143,-0.2424479766451628,,,0.660292581304258,,-0.0899649804686226,,-0.364617436643628,-0.067263499774377,0.1187207533944271,,,,-0.6679480087980526,-0.6353009719512083,-0.0668737371104781,,-0.1602665106018997,,,-0.5223251350755257,0.2256375624808791,0.6011842042128497,0.0,0.4898617866355248,-0.846997078933008,-0.9103459986636988,-0.1312080863057634,-0.7262527392257122,0.4485881662333928,-0.0090883583618996,0.1293311333925625,,0.7041777348466554,-0.7541925611317573,-0.0910762062501137,,,-0.7693938729253491,-0.9697108912272948,5.435372144436257,0.136986301369863,,-2.917411729049856,,-0.6649989828133124,-0.0853096596913971,-0.0572730231044581,3.8416933475631447,0.1585858585858585,,,-3.4506245676852343,,0.0657763603747259,,-0.0574275194158235,0.7041777348466554,-3.0599634882741187,-3.006481102469641,-0.641396933560477,-0.7719332110800116,-2.714747591152085,2.976908037920986,-0.2879453391898487,0.0,-0.4671662546353523,0.2542372881355932,,,,4.383489506698676,-0.1617015497954541,3.474006892031881,,,,-3.890381465012872,-3.982036383934235,,9.2149,0.1011188401393394
2020-03-31,-0.0966286887444166,,,-0.7939786327614397,0.1189501043594691,-0.2718476017345528,,-6.459030100334449,0.0303030303030303,,-1.0764219660736,-0.7494942426584233,,0.0,-0.2420042643923241,,6.459030100334449,,0.2967247879986057,-0.6026801055366034,1.050048956175904,0.3215256088742557,0.0059805386115606,-0.1744020416641937,0.2417182348689198,-0.3385779069896189,-0.6748743373011904,-0.1877168278043062,-0.3156028368794326,0.0010445432732762,,-0.5167104111986002,,,,-0.0182109052126383,,0.043010752688172,-0.7142857142857143,-0.2064504383658316,,,0.4291428729918549,,0.1546043836366837,,0.999393718928095,-0.0673749185250385,0.2362780233605559,,,,-0.67327451823957,-0.0966286887444166,0.1171501546895936,,-0.1590059874848061,,,-0.4105626231961543,0.2222336244805086,-0.4947939158389712,0.0,-0.4261578737984934,-0.1194668250248772,0.5906673015943329,-1.508795801341238,0.2693937180423666,0.2848346171816036,0.4477083917875398,-0.4696027414646528,,-0.2617725187152862,-0.7541925611317573,0.1705039768487341,,,,0.621093920370785,2.80825350036846,0.136986301369863,,-1.9690862251856345,,0.1052599853826505,-0.6845064468399915,-0.3397331597787179,-0.0064034151547491,-0.4021984551396316,,,-16.72124343898767,,0.1235798285828184,,-11.680683189455118,-0.2617725187152862,-14.173711557365538,-13.804270705416837,-0.6345826235093697,-73.16417334234147,-13.155286660904638,1.1889409421225423,0.4254514397266959,0.0,0.0,0.3098082800777993,,,,-0.0281886470998218,-12.914905535468758,1.4245787615483816,,,-0.0401606425702811,-19.156096419377487,-20.537183162915788,,4.6523,-0.3620144874578165
2019-12-31,0.7477203998779282,,,-0.826713723080734,0.6140570235891781,0.3079805119798303,,0.1083373148590539,0.0303030303030303,,-0.5778094606161216,-0.7494942426584233,,0.9958224115334208,0.3589842992828067,,-0.1083373148590539,,0.5905838652770053,0.5468451435575383,-0.1598596368399571,0.7758388848716095,0.0053347649280053,-0.1739569113893999,-0.175649230443751,-0.21490361573467,-0.0048577073121936,1.5566210656324488,0.5820035460992907,-0.003761349910635,,-0.3070866141732283,,,,0.3203572856952406,,0.043010752688172,-0.7142857142857143,-0.0042502442590068,,,6.379640729635028,,7.639465120677174,,0.1787316599975748,-0.0671297972735831,0.3281894790968281,,,,-0.6769844506897458,0.7477203998779282,1.5909970349883638,-0.1553222896506478,-0.1563048665196056,,,,0.2287360797905774,0.2972371767189674,-4060000.0,0.2358225427665772,-0.05053285397875,-0.1686914214627699,1.3079988337058994,0.5199902605308011,-0.0330406239143196,0.2809583643394776,0.3269450437872827,,0.4800772760202849,-0.7541925611317573,0.1122617985912673,,,0.0905900416758061,0.3573922929527011,0.3476787030213706,0.0,1.096273291925466,1.282517553164621,,0.2991282333350914,0.2344536038892411,-0.2525219655060202,-0.0031127712557808,0.343612596553773,,,-0.2098710176180982,,0.1074347219453856,,-0.2058231999752467,0.4800772760202849,0.2509479005757618,0.2105334970664483,-0.6405451448040886,-0.9093716822700512,1.7423092928710906,1.1522003762588071,0.6395802830649097,0.0,0.0953337453646477,0.1650458460683523,,,,0.0356230155657089,-0.3245234336541562,1.38246548698759,,-1.721809094233817,0.0562248995983935,-0.1624151649894687,0.0557176566107629,,16.6209,-0.0794000324892153
2019-09-30,0.789028326227886,,,-0.8247794154699681,0.6607857808582418,0.3177948563962312,,0.1576445293836598,0.0303030303030303,,-0.5655526421596075,0.2505057573415766,,-0.7250704107526282,-0.1041545519157459,,-0.1576445293836598,,0.7063857188091203,0.5575370520279183,-0.1601349019012273,0.8215302244718987,0.0044581725382795,-0.1737195085761766,3.807205444191746,0.3286950992472426,0.0064831949584875,1.3644123130659156,4.418528368794326,-0.0024853171016089,,-0.668241469816273,,,,0.3026263164911345,,0.043010752688172,-0.7142857142857143,0.0007202108417239,,,-0.7869987149104289,,1.4413504366029095,,0.3966290772402085,-0.0666841222709369,0.3374332273187652,,,,-0.6820204232526349,0.789028326227886,1.3532503211840423,-0.1526980482204362,-0.1548642686714986,,,,0.2260232556407143,0.4234268989012043,0.0,0.3412920447108042,-0.314985715661413,-0.4062946433515321,-0.3910972883662163,0.1333333333333333,-0.1131144202316916,-0.0427335830090395,0.0665059017641832,,-0.412460758270949,,0.0543108312250878,,,0.0905900416758061,-0.157455679971156,-0.187177597641857,0.0,,2.7500126281759862,,0.0,-0.1983512999365884,-0.2694435405141555,-0.0048025613660619,0.0997623291740938,,,0.2943402368067705,,-0.12397847319115,,0.0998793279495033,-0.412460758270949,0.799396152225811,0.7434165643334698,-0.6405451448040886,-0.0878293601003764,0.2315695124683888,-0.1481795713600649,0.9522938018545632,0.0,0.4636897404202719,0.7777160322311754,,,,-0.0226128707504065,0.0108977949788664,-0.1080738250776939,,0.0973424356942582,-0.3293172690763052,0.4175988766674468,0.6820084743612513,,16.3287,-0.0629260137059289
2019-06-30,0.8989485171039369,-0.6932483748471391,,-0.8270361076825282,0.8236193701676315,0.3121843408726326,0.0,0.0445293836598184,0.0303030303030303,,-0.5704908894025017,0.2505057573415766,0.0,-0.5447526560887873,-0.1708987529883052,,-0.0445293836598184,,0.8446715608145323,-0.8014895515558405,-0.1604054210131652,0.9687339415665338,0.0036892090958131,-0.1734821057629532,3.5444456197880854,2.4811478482590408,0.0,1.2614205810395147,1.2356382978723404,0.8222976969631556,0.0,0.1602799650043744,0.0,-0.0034204739799657,0.0,0.316517797626983,0.0,-1.3333333333333333,-1.4285714285714286,-0.0012823754154028,0.0,0.0,-0.7065342336151079,0.0,1.3562144995206824,-0.0809474768280123,-0.3739541651509639,-0.106037225004596,0.3672137964607444,0.0,0.0,0.0,-8.760174843603625,0.8989485171039369,1.260295519980867,-0.1845169755617516,-0.1415387385765092,0.0,,,0.2235155437040568,-2.458031764310733,0.0,-2.0670341234295395,2.650370750810516,2.2798849747320937,0.3399747302944892,-0.0344387630874117,-0.09000515136631,-0.1242726263525795,0.2490163726361213,,-0.165177493359092,-0.0062459011273851,-0.0038585443095571,0.0,0.0,0.0905900416758061,1.8183583925284728,0.184966838614591,0.0,0.0,-0.1196140829418598,0.0,-0.129793021345851,0.1196364404988374,-0.4516758867556134,-0.0004446816079686,0.2706476530005942,0.0,0.0,0.0,0.0,-0.0703607733705401,,-0.0230205142485844,-0.165177493359092,0.4806206993399803,0.4336198662846227,-0.641396933560477,-0.5885532284528521,0.0,-0.0524180161569958,0.8142996583699366,0.0,0.2972805933250927,0.4934704084467908,0.0,0.0,0.0,-0.007434368465887,-0.123949686815705,0.0016912961671,-0.5373399715504978,0.018285992929416,-1.1164658634538152,0.0790077229113035,0.3100499835079796,-0.3642857142857142,15.7984,-0.0292656621728786
2019-03-31,0.1538545124984972,-0.6932483748471391,,-0.8300608159426774,-0.2335879966920017,0.3118353743815313,0.0,0.1376970855231724,0.0303030303030303,,-0.5683498311573307,0.2505057573415766,0.0,-1.1033730933325898,-0.0335013245461006,,-0.1376970855231724,,-0.0156536454660837,0.3652965521313343,-0.1606759401251032,0.0,0.0031549545624299,-0.1732447029497299,3.5710847834135504,-0.3370404407403248,-0.0004032459737921,1.242603271002305,-0.2648049645390071,-0.0055820222102138,0.0,-0.5221347331583552,0.0,-0.0034204739799657,0.0,0.3009198773496867,0.0,0.043010752688172,-0.7142857142857143,-0.0004141212339912,0.0,0.0,-0.6918157976646502,0.0,1.3406415682489583,-0.0809474768280123,-0.1321692736752758,-0.0655030835139245,0.1712306467386669,0.0,0.0,0.0,-0.6895073351249774,0.1538545124984972,1.2717079018939894,-0.1845169755617516,-0.1400981407284023,0.0,,,0.2181686266420857,-0.719834940741807,0.0,-0.6133811583229598,0.6071084646743492,0.4542538307917769,-1.2368548935756634,-0.6265984903822742,0.2972937356989685,-0.1007404877215668,-0.3644498032745272,,-0.5525235450374306,0.0021860653945848,-0.0644304096973226,0.0,0.0,0.0905900416758061,0.3245880570715779,0.0150331613854089,0.0,0.0,-0.6857604687578926,0.0,-0.5879037666046308,-0.5662227858803636,-0.0989261308167914,-0.0071149057274991,-0.3037433155080214,0.0,0.0,-0.067786955283395,0.0,0.0,,-0.0034654537578514,-0.5525235450374306,0.2445583485465524,0.2054168372219948,-0.626916524701874,-0.1082907055303542,-0.053330772431896,0.0255634660075989,0.5475841874084919,0.0,0.0495982694684796,0.2100583495415393,0.0,0.0,0.0,-0.0306667699217842,-0.1024935920286534,0.0910762985983383,-0.5373399715504978,0.094111910276728,0.0883534136546184,0.0010297215071378,0.2330195620734275,-0.3642857142857142,15.4693,-0.012360660181892
2018-12-31,0.0,-0.6932483748471391,,-0.8275715939702544,-0.4388381312435185,0.3010038873244008,0.0,-20.30250836120401,0.0303030303030303,,-0.5663074391907392,0.2505057573415766,0.0,0.4321651655001254,0.4051495767913678,,20.30250836120401,,-0.264105709336576,-0.1891367574586034,-0.1609464592370411,-0.203757096481376,0.0022692850325739,-0.1733930797079945,-0.1504557394968353,-0.129355956653575,-0.012919500850255,1.1565329578262546,1.145921985815603,-0.0062573183712509,0.0,0.3854768153980752,0.0,-0.0034204739799657,0.0,0.1902946273830155,0.0,0.043010752688172,-0.7142857142857143,0.0004141212339912,0.0,0.0,5.687356506035607,0.0,6.5756050162055,-0.0809474768280123,-0.2474839335515945,-0.0654807997637922,0.1300088459601477,0.0,0.0,0.0,-0.6945954553327486,0.0,1.287879020166372,-0.1274397244546498,-0.1409985143834691,0.0,,,0.2187631566576958,-0.7708190585864402,-208000.0,-0.6568278942032519,1.5272124674991172,0.9486557621531432,1.0160365438818155,0.7986754321889457,-0.1919782444622812,0.2936454686299147,0.4589414900368067,,-0.0280125573532963,-0.0059336060710158,-0.1220901661722148,0.0,0.0,12.184543394019157,-0.3400858923176678,0.0,0.0,-3.7142857142857135,-1.1949285245239178,0.0,0.5147266028225047,0.3031917142253223,-0.5532053368044256,0.1429206688011383,0.4672014260249554,0.0,0.0,0.0552549131301623,0.0,-0.0404624277456647,,-0.0868219932547418,-0.0280125573532963,0.4146889481814352,0.3696957292945831,-0.6396933560477002,-0.2576971334813241,1.1718044751752617,1.3282304769633702,0.591020009760859,,,,0.0,0.0,0.0,-0.1387748780298923,-0.1939535910101678,1.5842371197226277,-0.5373399715504978,-0.9800682677069364,0.0401606425702811,0.1425696232155394,0.4179331692588739,-0.3642857142857142,14.095,0.0855764455480666
2018-09-30,-0.2808902000314427,-0.6932483748471391,,-0.8340791707855195,-0.8589670381601229,0.3186578045408926,0.0,-0.1046106067845198,0.0303030303030303,,-0.5708140214648489,0.0120271483771252,0.0,-1.109112266807953,-0.1563772048846675,,0.1046106067845198,,-0.5210192031887351,0.2230629916426487,0.0,-0.6078280536024739,0.0018374725092327,-0.1738880455813401,2.71868443786252,-0.0411256404132177,0.0074803691107332,0.8960642557643745,1.6550088652482269,0.6067310574740231,0.0,1.252668416447944,0.0,-0.0034204739799657,0.0,0.4218904146113851,0.0,0.043010752688172,-0.7142857142857143,-0.0014134137768831,0.0,0.0,-0.4204677479498661,0.0,1.053540102906556,-0.0809474768280123,-0.3739541651509639,-0.0662161635181584,0.0482618404203729,0.0,0.0,0.0,-0.6970761932964202,-0.2808902000314427,0.9782453386153672,-0.1244874528456618,-0.1393778418043488,0.0,,,0.2158615316603609,-1.0978974137517394,0.0,-0.9151405875030478,1.5803453920970694,0.7409901180153342,-0.2563096666342696,-0.6908595081568054,0.2348424041306769,-0.2045795566832981,-0.0540677750983627,,-0.0763100700313933,0.1406576933887136,-0.2373368763991773,0.0,0.0,0.0905900416758061,0.7371503173712415,-0.0175386882829771,0.0,0.0,1.54498156286306,0.0,-0.6376178241246544,-0.1692665398435848,-0.0026033192320208,-0.0419779437922447,-0.0131313131313131,0.0,0.0,-0.0604630345444928,0.0,-0.0332868247956946,,-0.1232092577121816,-0.0763100700313933,0.1672517904788653,0.1311229362805294,-0.616695059625213,-0.4159830132226619,-0.0475687441979576,-0.0416466856025674,0.2946559297218155,,,,0.0,0.0,0.0,-0.1548826763726477,-0.2338782230822766,0.0140377581869305,-0.5373399715504978,0.0562078769962209,5.24672530120482,0.0094547156564474,0.2828508360185725,-0.3642857142857142,14.5747,0.0518746648701414
2018-06-30,-0.5519845930474508,-0.6932483748471391,,-0.8319031431648697,-1.2291445148925555,0.3065981718484132,0.0,0.10224558050645,0.0303030303030303,,-0.573988608978138,-0.0120271483771251,0.0,-1.2493185493990686,0.362747948568844,,-0.10224558050645,,-0.8812898625150669,0.1487114212573415,0.5632129980636528,-0.9255657953444004,0.0008545479065521,-0.173154722535462,2.696426367659244,-0.3222984804075867,-0.0064550615184555,0.7609367747822872,-0.3223404255319149,-0.0069503667972996,0.0,-0.2624671916010498,0.0,-0.0034204739799657,0.0,0.3575523263564858,0.0,0.043010752688172,-0.7142857142857143,-0.0027007906564646,0.0,0.0,-0.3148099639127125,0.0,0.9417482376111072,-0.0809474768280123,-0.3658299987874379,-0.052088265934274,-0.0160192183308712,0.0,0.0,0.0,-0.7027230382707841,-0.5519845930474508,0.9714506480405474,-0.1845169755617516,-0.1604465853329131,0.0,,,0.2126340646561988,-0.7269132959071062,0.0,-0.4942507346996393,-1.8537380027605688,0.7143305389133139,0.1202597278647099,0.5527343559775992,-0.1031710852611024,0.2300513583740988,0.063967508567077,,-0.9215165418980924,1.2193872770994034,-0.3525835866261398,0.0,0.0,0.0896395408349784,0.5599225399003835,-0.1942520265291083,0.0,0.0,0.033641460827398,0.0,0.3244599492160128,0.0427816529274994,-0.1301659616010413,0.0527392387050871,0.0973856209150326,0.0,0.0,0.0152174797574968,0.0,-0.0107634044249551,,-0.0351496024010643,-0.9215165418980924,0.0334924870102513,0.0,-0.631175468483816,0.4997587105491748,0.0119081916834725,-0.0006270980117304,0.1527574426549536,,,,0.0,0.0,0.0,-0.0418183226206148,-0.1372578975064079,0.0610557916323122,-0.5373399715504978,0.0942338168962574,-4.799534939759036,0.0965129885326468,0.2946236013498084,-0.3642857142857142,14.1948,0.0804558742532729
2018-03-31,-0.7886399156594194,,,-0.7987312253468366,-1.5463349479515351,0.2911570809088277,,0.0586000955566173,0.0303030303030303,,-0.5813565133310475,,,-1.1673109366721508,0.0608322026232474,,-0.0586000955566173,,-1.090348382084119,0.0786801048165611,2.948741921729804,-1.2248411465144544,0.0,-0.1723247670484895,1.9332081592355568,-0.2948265526115572,-0.0242979143743122,0.4947331985493679,-0.3308510638297872,0.3808620641907701,,0.0572178477690288,,,,0.3025729902679642,,0.043010752688172,-0.7142857142857143,-0.0056886653567831,,,-0.1211713113768949,,0.7368676757334863,,,-0.0417931733731469,-0.0765651777938387,,,,-0.7076323665532456,-0.7886399156594194,0.7066263564085031,,-0.1563048665196056,,,,0.2001887494730915,-0.4305589942901012,0.0,-0.2562914672176379,1.50048951946843,-0.8248374843575234,0.9802701914666148,-2.7690674458242026,1.601787404310376,-0.1141473411977114,0.118542962304861,,-0.098526925863318,1.1246369569969707,0.0038585443095571,,,-12.002412809826716,0.6792820402478491,0.6100221075902726,0.0,,0.4957316765166439,,-2.245375567929234,0.398139928133587,0.2707452001301659,-0.0287264318747776,0.1484848484848485,0.0,0.0,-0.7463889001912357,0.0,0.1528802072951963,,-0.5603514960240107,-0.098526925863318,-0.6390956326358658,-0.6539091281211625,-0.6362862010221465,-2.2671556799536723,-0.5851659784244054,0.0006270980117304,-0.0638116154221571,,,,0.0,0.0,0.0,-0.0520405792612096,-0.7135170002206719,0.0624933933743472,-0.5373399715504978,0.0922223576740217,4.650602409638554,-0.7795927919494501,-1.6066779996447873,0.8642857142857143,13.8539,0.1048994475936022
2017-12-31,-0.5059463808458102,,,-0.7668946834468561,-1.543128683757991,0.6192856737082153,,0.171954132823698,0.0,,-0.546413850772187,,,0.0507654555087699,1.9990308199263425,,-0.171954132823698,,-1.5663463917854947,0.036268891885465,1.7101677947471834,-1.406083357693432,0.1387298228142246,-0.1719389874770016,0.7193631988152536,0.2154350855492408,0.3548533309992998,0.3412958140925289,3.038962765957447,-0.0069439759818955,,-0.7730533683289589,,,,0.3063858152246367,,0.0,0.0,0.0084814829541348,,,5.314745247171724,,5.540305067723991,,-0.364738692858009,1.23860882547924,-0.1132320249903043,,,,0.089362439168841,-0.5059463808458102,0.9549299834118792,-0.0834836804986058,-0.1451402331967766,,,,0.1917529477977216,-0.1724447003502711,158000.0,-0.6606970984176688,0.0,-0.1008058413345293,-0.0948585868403149,-1.973859264670076,2.543648844536557,1.342966586558989,0.4853407792867115,,0.3564356435643564,-0.4904281565222823,-0.1042534990808656,,,0.0868611537617898,-0.3387890753345991,2.587030213706706,1929.945205479452,,,,,-0.0417670682730923,-0.570126911812561,1.1736036997509782,-3.6936423054070113,,,-0.5987712088538064,,0.2246362367948973,,-0.2097218354528296,0.3564356435643564,-0.6690773767729251,-0.683039978168918,-0.6362862010221465,,-0.4148660328435609,2.04681102216976,0.0361151781356759,,,,,,,0.1669635251297142,-0.3288010728047393,2.4078983531003573,-0.5373399715504978,0.0406558576130683,-52.0722891566265,-0.6729698104376316,-1.5609062999517926,,13.6712,0.1227024924975603
2017-09-30,-0.465292741346305,,,,-1.6796394019349163,0.7793801381258065,,0.1837314859053989,0.0,,-0.5126132503878819,,,-1.107648280862218,3.638463526523228,,-0.1837314859053989,,-1.8134973112342776,0.0424677362535369,,-1.3795929042878905,0.1974576227229345,,3.3404911761076144,-0.1879631577532113,0.5398432029608883,0.2525429328885987,0.1384308510638298,-0.0068353321200251,,-0.8593175853018372,,,,0.3113718170910545,,0.0,0.2857142857142857,0.0221884956821109,,,0.0453048004413065,,0.5607266063661204,,-0.3461864920577179,0.1027837974852788,-0.1078727800281751,,,,0.4267502518917489,-0.465292741346305,1.1969448421982174,-0.0739708053140889,-0.1422590375005627,,,,0.200353019053987,-0.0608262559378148,,0.2232781078757234,-0.3826838506724874,-0.1138440071318619,,3.5142342342342343,0.3842559869658452,2.5811059739182416,9.73442061175276,,0.0714803187635836,2.7847350176446706,-0.1042534990808656,,,0.0916867734152226,-0.3866201053154958,20.35254237288136,2247.178082191781,,0.3296459059453452,,2.615556175076666,0.2648911435214542,0.1770257077774162,0.0213447171824973,14.025430778371955,,,1.6443015827806486,,0.392864261510863,,-0.528852996689254,0.0714803187635836,0.9530964752141552,0.8939828080229226,-0.6252129471890971,10.901843451404304,1.2936393610550914,0.2599505699214283,-0.1285993167398731,,,,,,,1.3406644466816386,-0.678956391845326,0.359738694742183,,0.3662684383762038,,1.9705125204774163,0.953492502473803,,13.4081,0.1394316692481829
2017-06-30,-0.5008415562316777,,,,-1.6425261555021726,0.7109935265363317,,0.2284758719541328,0.0,,-0.5399388762404201,,,-0.1431586542483477,0.7268689022420366,,-0.2284758719541328,,-1.6072938590772785,-0.0315202127581059,,-1.6957767281566842,0.1803173886883273,,0.0824474180638564,0.5699950491055964,0.4608194958487546,-0.0337209027903427,3.521897163120568,-0.0066542590169079,,-1.1870516185476816,,-0.1750549719032494,,0.2851353152912945,,0.0,0.2857142857142857,0.0111072516479199,,,0.1362102492827228,,-0.088725928148008,,-0.3152661573905663,2.710093981716183,-0.171839467922656,,,,0.3282805990274464,-0.5008415562316777,0.4211083072451148,,-0.1382973934182685,,,,0.196319102715624,0.2998934791996545,,0.3866188416770401,-0.1695663339004269,-0.6192168979353777,,-1.0687314341368397,1.0434751356726126,0.3821990167494175,-2.467762406396751,,0.0019319005071238,1.439992504918647,-0.1041078936352219,,,0.0877385391533231,-0.9804983150102204,-5.3018422991893885,0.0,,-0.4655250795575087,,-0.9299497434429131,-0.3059818220249419,-0.0325414904002603,-3.219050160085379,-2.273083778966132,,,0.2880742157301542,-1.0795454545454546,0.2100857085907913,,0.2916550635848881,0.0019319005071238,-0.047605673360483,-0.0779096738982125,-0.6201022146507666,3.5234050767300453,0.2266397772015749,0.0789036851230218,-0.0683260126891166,,,,,,,-0.0498722217919925,0.2213169017670723,0.1522166550390055,,0.0926490308423747,,0.4103908261174818,-0.0796691446984497,,12.793,0.1960603455014461
2017-03-31,-0.3123306483682132,,,,-1.378463881122094,0.7136391794688676,,0.2373148590539895,0.0,,-0.542151467537561,,,-0.0961106773374975,1.6157201007947275,,-0.2373148590539895,,-2.8915446899205213,0.0461406721487089,,-3.011603612474422,0.1792060873895182,,0.5662453059713334,0.213954562494365,0.4638766629988997,-0.025319194128244,0.381427304964539,,,-1.2517935258092738,,-0.1634497923283655,,0.3579789361418478,,0.0,0.2857142857142857,0.0102099889742722,,,0.0755614177280725,,-0.0898378145725595,,,2.112064979415386,-0.4380424842643379,,,,0.3218962373611801,-0.3123306483682132,0.5963812753536091,,-0.0684283977850808,,,,0.1917476819237445,0.2571853557890696,,0.2407825674062857,0.7659775944531827,-0.4648261147225698,,0.8160701241782323,0.543505085476741,1.0534810242396886,3.7879172483817753,,-1.3204539966191742,0.3678835764029855,-0.1054911453688367,,,0.0851794984280178,-0.4376728241242851,8.156669123065585,0.0,,0.38318937212709,,0.5281836059644813,0.1580215599239061,0.0377481288643019,0.4848808253290644,3.5841354723707664,,,0.1358994181551857,-1.1477272727272727,-0.1379310344827586,,0.2199325474179275,-1.3204539966191742,0.0,-0.0576477009141765,-0.944633730834753,2.634301708329312,0.1069176350075226,0.186616990667306,-0.0796730112249878,,,,,4.0,,0.4222101757918376,0.1426219212031708,0.27568127523731,,0.1855418749238083,,0.2353381699040486,-0.0557176566107629,,12.3404,0.2399273929532267
2016-12-31,-0.1788769385848908,-0.6795391645748857,,0.0978786364649162,-1.182615944026569,0.7080773569440274,,0.1880315336837076,0.0,,-0.5449437232213553,,,-0.5476022001617356,0.9415907475608968,,-0.1880315336837076,,-1.3177320174656686,0.0564091957325251,,-1.3200147699124576,0.1782037117722727,,1.47030200454858,0.3722250078692331,0.4567839101730519,0.0,0.4988918439716312,-0.0069290640792858,,-0.8908136482939633,,-0.1511116540434889,,0.3539528062924943,,0.0,0.2857142857142857,1.0437345532904758,,,0.0,,0.6086616278538962,,-0.3621923123560082,3.0708010451078813,-0.0958196146249057,,,,0.3161376474334977,-0.1788769385848908,0.488153751337628,0.0739708053140889,-0.0774321343357493,,,,0.1790481919942789,,,,,-0.6832117003879703,,0.0318480642804967,0.5258466809627065,0.5443621680309371,6.560477217921056,,-21.19971021492393,,0.7289008608921974,,,0.0845945748336623,-0.6306136037846121,,0.7671232876712328,,,,,-0.204861551469034,-2.83501464367068,12.24048381358947,6.181758764111705,,,-0.3550474020425601,,0.0922862268287821,,2.5309570221850923,-21.19971021492393,-2.853110518185648,-2.7833265111202072,-0.3645655877342419,,-0.5626300457761132,5.237116824670774,-0.1904587603709126,,,,,,,0.4020754278633934,0.3351835820135458,6.06397327752056,-25.08143669985776,1.1277581372668537,,,,,11.4046,0.3424931564539902
2016-09-30,0.0614174211387828,0.9728390294136576,,0.0,-0.8922931516559682,0.7498802963780524,,-0.0139034878165312,0.0,,-0.5176378306245328,,,0.2059305373525557,0.917781223751373,,0.0139034878165312,,-1.9223570670235723,0.2078960201280631,,-2.023758019600905,0.1789233993111747,,0.2207119056434125,1.7948051989136504,0.4248368260478143,0.4395045509255253,1.7925531914893618,-0.0054655673517384,,0.5882764654418198,,-0.1491570974835084,,0.4560191974403413,,0.0,0.2857142857142857,0.0201508991757336,,,-0.3500528520051403,,0.0,,-0.1122832545167939,,-0.2381928842623459,,,,0.320272210706284,0.0614174211387828,0.8262417327687445,0.8346727898966705,0.3871606716787467,,,,0.1752317177203851,0.2211640516290005,,0.7834593123981366,0.6976535165152634,-0.3402400174235964,,0.9651034818602386,-0.0657817497873563,0.5263806375269906,-2.164487879172484,,-0.6153103115189568,5.943349676774616,0.7318129698050707,,,0.0,0.0974997019647068,9.453352984524686,649.6438356164383,,-4.576349952012931,,0.6434798333320776,-1.6902134855210316,1.310771233322486,1.9773212379935965,-0.5802139037433155,,,-3.4455792000651013,-0.7159090909090909,2.162248355590991,,-1.6079086605402395,-0.6153103115189568,-3.0629125122876,-2.9838313548915267,-0.3228279386712095,-3.1134060418878486,-2.212362751688594,3.2904570437861964,-0.0960224499755978,,,,,571.6836158192091,,3.762719739797104,-1.8628439510447965,3.833322762732289,-0.536628733997155,-0.3803486529318542,,-3.8845775801544575,-5.563849491284602,0.6233990147783252,11.0011,0.390879093908791
2016-06-30,0.5986401006168329,1.0269035206281778,,0.1752205845300318,-0.3196484595492196,0.90626327222362,,-3.446679407548973,0.0,,-0.3583287905734237,,,0.671408354479797,0.1200652581249596,,3.446679407548973,,-0.161278048443017,-0.6978034568871958,,-0.1391510377402034,0.1781881509606207,,-0.1927592954990215,2.9163014129820994,0.6029183755126538,0.5125671625353021,0.1125443262411347,-0.0048080234557127,,0.5350831146106737,,-0.1414610310285854,,0.2904679376083189,,0.0,0.2857142857142857,0.9680573988034996,,,-0.3655232348508895,,0.0397507548437163,,0.0,,0.1430792034029244,,,,0.3160482514708429,0.5986401006168329,0.7317722306883304,,-0.0525818214559042,,,,0.170183414243701,0.6007005422004702,,0.4509259140433505,0.9748017847398324,-0.3367036179802655,,-0.1183345507669832,0.0089250416302277,-0.0760738291876593,-2.43584211194314,,2.3375996136198984,-0.3809999687704943,0.7365451467884899,,,0.0383856108795788,0.1425103003904989,-0.1299926308032424,0.136986301369863,,-3.814618376521695,,-0.1946970667349814,0.9571760727119002,0.8538887081028311,-0.2501778726431874,-2.24349376114082,,,-0.6479228547015502,-0.6818181818181818,1.8554913294797688,,0.6873975061109564,2.3375996136198984,-0.1261058840050554,-0.1219811706917724,-0.2180579216354344,3.685165524563266,-0.5097474310957457,1.639713748201704,0.4549780380673499,,,,,,,-1.1225896383489506,0.6555991241024597,1.941185175789096,-0.536628733997155,0.693039132024869,,-0.6663234261642874,-0.4856265699134803,0.6414614121510673,9.7031,0.5769393286681577
2016-03-31,0.6828766426530292,0.948703095835747,,0.1449061107970913,-0.2368500505388624,0.9364123539548184,,-3.5539417104634494,0.0,,-0.322347665432516,,,0.730441844901146,0.2207953737804484,,3.5539417104634494,,-0.1065448362660082,-0.6933341541815828,,-0.0566672307952674,0.1770898170048549,,-0.1217097723947039,0.9790243416338584,0.641554966489947,0.6892115138022452,-0.1613918439716312,-0.0050508744410699,,0.2346456692913386,,-0.1341314439286587,,0.2212771630449273,,0.0,0.2857142857142857,0.9534661272087404,,,-0.4962418063983284,,0.0218268848268261,,-0.0414696253182975,,0.1597663819898492,,,,0.3097383864401224,0.6828766426530292,0.8885928306202608,,-0.043758159636249,,,,0.1970541416612573,0.2409097452137613,,0.3379361677553482,-0.2011283022501845,-0.2914096501622388,,-0.1400925249573898,0.0970134055323278,0.0,-1.778588653382409,,-0.3535377928036706,1.4474251272602354,0.7523433376408277,,,-0.6814359874241427,0.0614272546733387,-1.3638909358879885,0.6301369863013698,,-2.599888872051321,,-0.2115296227367596,0.6943140984992602,0.6560364464692483,-0.2080220562077552,-1.629174093879976,,,0.4703584652317207,-1.0227272727272727,1.609726928443293,,0.7527460626875832,-0.3535377928036706,0.4344895379862379,0.432050757265657,-0.1013628620102214,2.6686613261268217,0.3700502576907071,0.7381681360433804,0.1054172767203514,,,,,,,0.1942228761713002,0.7274363022186009,0.907634088074248,-0.5352062588904695,0.5325490674143606,,0.620079569389188,0.6519676248953391,0.3642857142857142,7.7534,0.9734826011814172
2015-12-31,1.455427575300787,0.9948510008367124,,0.4368894196530753,0.7313596923036533,1.0179947682078,,-4.432919254658385,0.0303030303030303,,-0.2721955960306556,,,1.346345960793062,0.3395683918071978,,4.432919254658385,,0.6542122222429175,-0.6668603580518463,,0.8457221102512423,0.1911632744097265,,-0.186244953368241,0.8778236311093325,0.7335857007102131,0.3269428951281103,0.7766400709219858,-0.0041994758111187,,0.2393700787401574,,0.9611531883703884,,0.1938674843354219,,0.043010752688172,0.2857142857142857,0.9331281732727256,,,-0.2048747114711964,,-0.0170304480804471,,0.1039165757245058,,0.3423274524195039,,,,0.3905895849978675,1.455427575300787,0.6287388428789128,0.937018205674922,-0.0046819430063476,,,,0.2190164323523994,,,,,-0.1442097919135317,,-0.5029072315558802,0.4082397901117727,0.0897002671611384,1.65674577992131,,8.26853417049022,,1.293704384543982,,,-0.6768297141185933,0.6477804366725886,,0.1095890410958904,,,,,0.5685056013527795,1.073869183208591,0.9268943436499466,1.5884729649435532,,,-0.245839606135818,,2.5471397249352203,,6.916921934465794,8.26853417049022,-1.2981322847914618,-1.0874607722745258,1.945485519591141,,-0.1934120810525305,3.105352465970711,0.3433382137628111,,,,,,,-0.4212808797336018,1.1211828011746532,3.616414029301706,-67.25711237553342,-2.035170059734244,,,,,8.1573,-0.1060645066382258
2015-09-30,1.5146370673152507,0.96769003025037,,0.400036791915007,0.7283864319563135,1.0842010155195407,,-3.724844720496894,0.0303030303030303,,-0.2417940489434075,,,1.257572641588355,0.7592072106997481,,3.724844720496894,,0.5467786697461305,-0.6871885929454933,,0.8014216040740342,0.2026419664716378,,0.3921739743657552,1.1367000469781354,0.8114090477143143,0.4312247771737847,1.4004432624113474,-0.0016964064444982,,-0.0069991251093613,,1.210603469337894,,0.2817757632315691,,0.043010752688172,0.2857142857142857,0.9207995640723822,,,-0.3056756581846646,,0.0186053487932282,,0.5313447314174852,,0.3333650816772837,,,,0.4565340067829186,1.5146370673152507,0.7896865427719026,0.8825651959980318,0.0320533021203799,,,,0.278958646449478,,,,,0.0157993628574698,,-0.7813781348916484,0.8907311346183796,0.4066216925085089,-1.1699454245462622,,3.411736295580777,,1.3489616511657536,,,-1.037435110038751,0.380851305103818,,6.2465753424657535,,,,,-1.353709575142676,-1.2808330621542467,0.6578619708288865,-1.044385026737968,,,0.3192415673190381,20.78409090909091,1.5587004185768387,,0.8184040347783038,3.411736295580777,0.5236624069653139,0.5178059762586983,-0.1124361158432708,1.9054145352765173,0.2511604084637792,0.7339628905529529,0.2438994631527574,,,,,,,-0.5984666615039108,0.8015141484612381,0.9002769497473626,-0.5138691322901849,0.4120443740095087,,0.4462438567750995,0.3581559383959607,0.6398193760262726,7.9726,-0.0716579284047863
2015-06-30,1.4873142333977605,0.875265495269357,,0.3566186894428453,0.5603906588429882,1.1666571985835748,,-3.462183468705208,3.121212121212121,,-0.2075346503637085,,,1.1578438275563985,1.4097693351424694,,3.462183468705208,,0.2974458721259742,-0.6952768283719717,,0.6370140160315092,0.222767282874808,,0.7920523262989017,1.0279828347903937,0.9111796038811644,0.5052825349874525,0.4052304964539007,-0.0020336994797166,,0.0346456692913385,,2.296848277547032,,0.3076389814691374,,4.43010752688172,0.2857142857142857,0.9069064968769608,,,-0.3874652917954581,,0.0187390360172945,,0.4737480295865163,,0.3001040225151785,,,,0.5721527851498407,1.4873142333977605,0.970907931329472,,0.1139873047314635,,,,0.2747244984640344,,,,,-0.933129565849751,,-1.4061845629413197,1.7574904460124832,0.8979420052944262,1.4831831450691713,,3.7749335909200674,,1.3501264947309028,,,6.668494552899028,-0.3641787746533341,,1.8356164383561644,,,,,-4.550412175015853,0.0416531077123332,9.20908929206688,1.4222222222222225,,,-2.3436546364487123,,1.663145305959737,,1.1333890281258705,3.7749335909200674,-1.849178486167673,-1.7881702824396235,-0.1183986371379897,,-1.8438490348602707,3.5773728282120327,0.1093216203025866,,,,,,,0.861767211337412,1.1465091409074706,4.160250311832731,-0.5202702702702703,0.7364378885773497,,,,,9.4025,-0.1029088008508374
2015-03-31,1.854875477421324,-0.0992469588723691,,0.3630803454068694,0.8981280930440148,1.3216821807971044,,-3.1828236980410893,3.121212121212121,,-0.0781905591171341,,,1.3301514876885754,2.5784551269625897,,3.1828236980410893,,0.3633971310962873,-0.7060889839104743,,0.9359108881948398,0.2238539462218349,,1.4576435535339645,2.0342892935722205,1.137647544263279,0.6258092938001998,1.3558510638297872,-0.0007065401474574,,0.615923009623797,,2.145492303933545,,0.4151446473803493,,4.43010752688172,0.2857142857142857,0.8544541414499095,,,-0.4720007642738936,,-0.0314425829675955,,0.700375894264581,,0.3605734124427363,,,,0.5783956032085701,1.854875477421324,1.2867046670570956,,0.1789942826272903,,,,0.2843051782035972,,,,,1.1510278814457156,,2.6806330654979305,0.1107783355096857,1.7805618923304014,0.0,,-0.3593334943250422,,1.7177074422583405,,,0.0902244644293339,1.6628973682756696,,4.684931506849315,,,,,5.527457197209892,0.3071916693784575,-6.7349697616506585,0.0273321449792038,,,0.8800097652276518,,1.918676499900339,,1.5483771156285775,-0.3593334943250422,0.5516079202359219,0.5406603902305908,-0.166098807495741,,0.6923397035756587,-0.0914456453576303,-0.0006100536847242,,,,,,,0.5300085185472005,1.6017721647909555,-0.0449884780448616,-0.5209815078236131,0.1101426307448494,,,,,9.5842,-0.1199161119342249
2014-12-31,1.3830791710208723,-0.0666151766750337,,0.3279361739201178,0.217294136179262,1.333576798327125,0.1139742319127849,-2.5817725752508363,3.090909090909091,,-0.0484870759508345,,,1.3185476562282146,0.3581281902177424,,2.5817725752508363,,0.1764181542907166,-0.7214662077836935,,0.296721387140945,0.2130767874185651,,-0.176116429541087,1.1755669406794271,1.2016604981494448,0.5929655356875949,1.894991134751773,-0.0009792149380339,,-0.0496937882764654,,,,0.4329289428076256,,4.387096774193548,0.2857142857142857,0.842408615122077,,,-0.4324403450326819,,-0.0708053187951194,,0.653813507942282,,-0.8372343332816644,,2.8843679360111283,,0.5164814494065412,1.3830791710208723,0.8396348773674867,1.1308840413318024,0.2074460901274028,,,,0.269278428848153,,,,,0.8795520068513125,,-1.6207061115169223,1.1094725240496928,0.1037170775743232,-4.408490925244321,,-1.9917894228447235,,1.796552791074386,,,,1.394997077800296,,13.780821917808218,,,,,3.781695201860072,1.7051740969736413,-9.590803984347207,-4.120083184789067,,,0.1730886601293892,,2.081921467012158,,1.139762987716204,-1.9917894228447235,-0.0855919112484201,-0.0775003411106562,-0.1541737649063032,,0.2350907519446845,0.6800324615441367,-0.1440946803318692,,,,,,,-0.5207155579648416,1.1518731646042335,0.8412507135155705,,0.0,,,,,9.0904,-0.0721090381061339
2014-09-30,1.0668990964830347,-0.0332754070927463,,0.205698982636766,-0.2046167578991585,1.3251664353749226,,-0.7618490205446727,3.090909090909091,,0.0,,,0.8764186720950337,1.7047069845577307,,0.7618490205446727,,-0.3804317457952281,-0.7777922386277866,,-0.0907211102050863,0.1862188265073239,,0.8072407045009785,1.2119030257399055,1.1744273281984596,0.6138046052062274,1.5380762411347515,-0.0007278428654712,,0.3079615048118985,,,,0.3781895747233702,,4.387096774193548,0.1428571428571428,0.8227458588501784,,,-0.4132287182079009,,-0.0532922924424329,,0.6967382078331514,,0.1528769913526226,,2.0,,0.3621840178642932,1.0668990964830347,1.111489956674649,0.2953911759881909,0.0911178138927654,,,,0.2727817762743351,,,,,0.0983547252276695,,-1.1469783296810323,1.8168150180297824,1.1206860795627829,-2.125142784617337,,0.1120502294131852,,1.484738729228473,,,,0.7387786077535698,,0.821917808219178,,,,,-2.084125977594589,0.0520663846404165,-0.2695659907506225,-1.9540701128936424,,,0.4142897831305692,,1.9571457046043448,,1.098177542621987,0.1120502294131852,0.0231709029630669,0.0270159639787146,-0.1686541737649063,,1.011171932520247,0.4087572392932236,-0.4048316251830161,,,,,,,-0.1155424765739952,1.1062450136646806,0.5303059131942243,,-0.5582104108253079,,,,,9.3862,-0.101350919434915
2014-06-30,0.9891429998242904,0.0,,0.1732953838289212,-0.2428261069323566,1.2978496630715002,1.0,0.0574056378404204,3.0303030303030303,,0.0471945477014457,,,0.7137070912690667,2.658444789041804,,-0.0574056378404204,,-0.567136657415858,0.3360577934771006,,-0.124950382325338,0.1667094588987095,,1.3060330389097512,0.7394390146296557,1.1028589826948083,0.5488447650589614,1.3097960992907802,0.0,,0.0659667541557305,,0.044099682384559,,0.0,,4.301075268817204,0.1428571428571428,0.8036072560242011,,,-0.3612057037021057,,-0.0430407648213482,,0.8210258275736632,,-0.8350082141058515,,,,0.2501038296857918,0.9891429998242904,1.2418922109420274,,0.0785125827218295,,,,0.2397617924110279,,,,,1.1654909430521565,,1.086691015339664,1.1504079163322272,1.8409720273748675,-0.9530397258535348,,0.777589954117363,,1.414411298982582,,,,1.2504107071723285,,2.5753424657534247,,,,,-1.7886281969985205,1.6557110315652457,-0.4987548914976876,-0.8604278074866311,,,0.6716035317573341,,2.341040462427746,,1.2479346514434233,0.777589954117363,0.3366802415391097,0.3451357620412061,0.0,,0.5569320400781075,0.4316278726622155,-0.5242801366520253,,,,,,,-0.1802834352977619,1.27056067627438,0.5565210037842752,,0.0669876874314275,,,,,9.527,-0.114632098247087
