,totalAssets,intangibleAssets,earningAssets,otherCurrentAssets,totalLiab,totalStockholderEquity,deferredLongTermLiab,otherCurrentLiab,commonStock,capitalStock,retainedEarnings,otherLiab,goodWill,otherAssets,cash,cashAndEquivalents,totalCurrentLiabilities,currentDeferredRevenue,netDebt,shortTermDebt,shortLongTermDebt,shortLongTermDebtTotal,otherStockholderEquity,propertyPlantEquipment,totalCurrentAssets,longTermInvestments,netTangibleAssets,shortTermInvestments,netReceivables,longTermDebt,inventory,accountsPayable,totalPermanentEquity,noncontrollingInterestInConsolidatedEntity,temporaryEquityRedeemableNoncontrollingInterests,accumulatedOtherComprehensiveIncome,additionalPaidInCapital,commonStockTotalEquity,preferredStockTotalEquity,retainedEarningsTotalEquity,treasuryStock,accumulatedAmortization,nonCurrrentAssetsOther,deferredLongTermAssetCharges,nonCurrentAssetsTotal,capitalLeaseObligations,longTermDebtTotal,nonCurrentLiabilitiesOther,nonCurrentLiabilitiesTotal,negativeGoodwill,warrants,preferredStockRedeemable,capitalSurpluse,liabilitiesAndStockholdersEquity,cashAndShortTermInvestments,propertyPlantAndEquipmentGross,propertyPlantAndEquipmentNet,accumulatedDepreciation,netWorkingCapital,netInvestedCapital,commonStockSharesOutstanding,investments,changeToLiabilities,totalCashflowsFromInvestingActivities,netBorrowings,totalCashFromFinancingActivities,changeToOperatingActivities,changeInCash,beginPeriodCashFlow,endPeriodCashFlow,totalCashFromOperatingActivities,issuanceOfCapitalStock,depreciation,otherCashflowsFromInvestingActivities,dividendsPaid,changeToInventory,changeToAccountReceivables,salePurchaseOfStock,otherCashflowsFromFinancingActivities,changeToNetincome,capitalExpenditures,changeReceivables,cashFlowsOtherOperating,exchangeRateChanges,cashAndCashEquivalentsChanges,changeInWorkingCapital,stockBasedCompensation,otherNonCashItems,freeCashFlow,researchDevelopment,effectOfAccountingCharges,incomeBeforeTax,minorityInterest,sellingGeneralAdministrative,sellingAndMarketingExpenses,grossProfit,reconciledDepreciation,ebit,ebitda,depreciationAndAmortization,nonOperatingIncomeNetOther,operatingIncome,otherOperatingExpenses,interestExpense,taxProvision,interestIncome,netInterestIncome,extraordinaryItems,nonRecurring,otherItems,incomeTaxExpense,totalRevenue,totalOperatingExpenses,costOfRevenue,totalOtherIncomeExpenseNet,discontinuedOperations,netIncomeFromContinuingOps,netIncomeApplicableToCommonShares,preferredStockAndOtherAdjustments,adjusted_close,10%DDret
2023-09-30,1.665455786625058,,,0.7141403865717192,1.6054379921259845,1.8177565124933543,,0.5030046739372357,1000000.0,0.0,3.226435536294692,,0.0,0.2513842746400886,-0.3291421254801536,0.2,1.6431102772566186,0.6222222222222222,2.6261994455895943,1.7328747492118086,1.848354792560801,2.592732284035686,1.157177401626731,2.076006958383514,0.4376470588235294,0.4981949458483754,,1.6373262739907346,0.6067588325652842,3.06071504125238,1.1061843640606768,1.7891906925002317,,,,0.3058823529411765,,,,,,,0.1518256439286725,,1.6748844006804189,,1.289723504694714,,1.717458542947643,,,,1.9108614232209733,1.665455786625058,-0.3253863854433586,,1.7326303393640938,,-2.432220039292731,0.8647214854111406,0.3265839320705421,-101.73333333333332,,-5.469360269360269,,-0.5965740580881939,,0.405,0.5045329128892393,0.4940218105373801,2.0427432593759915,0.0,1.673913043478261,-1.5714285714285714,-8.375,-0.459946949602122,-0.9239130434782608,1.0588235294117647,-0.1989765205813428,,1.1794378211861924,,,,,-0.1666666666666666,0.5,0.0096364643812185,0.6182065404475043,,,1.8551694433867447,-1.0,,,0.9163547267406248,1.876543209876543,1.8111197425369,1.91,2.1129943502824857,,1.4103635603844549,0.5144124168514412,1.7054263565891472,1.137931034482759,1.5132275132275133,-1.4328358208955223,,,,0.1604492579221821,0.9486348912540492,0.2718446601941747,0.3832844189408209,5.7430007178750895,,3.266115702479339,2.202492211838006,,76.11,-0.0590405177966356
2023-06-30,1.6018723943730648,,,1.108850457782299,1.5677903543307086,1.6706007442849549,,0.4718450923659025,1000000.0,0.0,2.754062838569881,,0.0,0.2148394241417497,-0.3342637644046095,-0.2,0.9977069001459246,0.1555555555555555,2.6233563153031487,1.1481799942676985,1.1187410586552218,2.5895408718357875,1.1395911189272367,1.9974575137160444,0.3611764705882353,0.6173285198555957,1.6002899951667473,4.524156187954997,0.3026113671274961,3.27184260630421,0.8774795799299884,0.9140632242514136,,-1.0,,0.3294117647058823,,1000000.0,,1.123964769291442,,,-2.2268893291819984,,1.618630058218932,,1.3932665871245526,0.8886088709677419,1.787218185205888,,,,1.8808988764044945,1.6018723943730648,-0.3303643765003976,2.0089585666293392,1.669789101809228,,-1.0392927308447937,0.7823780417483566,0.3239712606139778,-122.8,0.1593984962406015,-3.403367003367004,0.6419753086419753,1.0170818468838834,,0.105,0.4572329523058731,0.4940218105373801,0.8803613673803247,-0.0470588235294117,1.173913043478261,-1.2142857142857142,-8.34375,-0.7994694960212202,1.2391304347826086,0.5882352941176471,1.0954561846870257,-0.9444444444444444,1.653598664596065,0.5093167701863354,-0.6292134831460674,,0.16,0.0533333333333333,0.25,-0.0385458575248741,-0.979039586919105,,,0.426963626943652,-1.5,1.0464135021097047,,-0.0147008779691009,1.7530864197530864,0.5326822772167351,0.9166666666666666,2.0,1.7266187050359711,0.2193898871709151,0.4811529933481153,1.1472868217054264,0.0689655172413793,1.3227513227513228,-1.0746268656716418,,,,-0.3369434416365824,0.3933364183248496,0.087378640776699,0.4854935973250397,4.931489746871001,,1.5801652892561984,0.6074766355140186,,81.0209,-0.0356310969540114
2023-03-31,1.5157617573201356,,,1.3448626653102749,1.470226377952756,1.6323232323232324,,0.5208101491208547,1000000.0,0.0,2.650054171180932,,0.0,-0.0631229235880398,-0.318898847631242,1.0,0.5924536168438608,,2.486601748525126,0.7687016337059329,0.6452074391988555,2.450859505331109,1.1228841503627172,1.9150274320888527,0.4117647058823529,0.4151624548736462,1.556790720154664,1.4506949040370616,0.4961597542242703,3.209646710387138,0.499416569428238,0.710114026142579,,-1.0,,0.3529411764705882,,1000000.0,,1.086104903378467,,,-0.0587602604019247,,1.5298881142336904,,1.362763915547025,0.8079637096774194,1.7414570523569963,,,,1.852434456928839,1.5157617573201356,-0.3154304033292804,1.9323130521338807,1.60384327159833,,0.0,0.6513666243801176,0.3226649248856956,-1.0666666666666669,-2.4270676691729323,-0.9117845117845118,1.1851851851851851,1.598271473674674,,0.2764285714285714,0.346866377611352,0.4467218499540139,0.4268418750934907,-0.3294117647058823,1.5543478260869563,-1.5,-8.34375,0.4525198938992042,1.1521739130434785,0.1568627450980392,1.578126006990485,-0.6587301587301587,1.7430629746733994,0.9316770186335404,0.5056179775280899,,0.64,-1.0133333333333334,0.75,-0.2890939314365559,-1.491948364888124,,,0.5518067927166497,0.0,1.0717299578059072,,0.0125229701218267,1.7407407407407407,0.2663411386083675,0.9733333333333334,2.870056497175141,1.6115107913669064,0.3113246970330129,1.1019955654101996,0.9302325581395348,0.0344827586206896,-0.0846560846560846,-0.8656716417910447,,,,-0.3529883674288006,0.9523368810735772,0.0485436893203883,1.1960907422819902,-3.246043884016355,,1.7388429752066117,0.7757009345794392,,85.057,-0.0629702411711997
2022-12-31,1.5001584708779288,,,2.219735503560529,1.4627214566929134,1.5902179691653375,,-6.8105942577342535,1000000.0,0.0,2.507042253521127,,0.0,-0.3233665559246955,-0.318898847631242,1.0,1.100271002710027,35.44444444444444,2.363209894093397,0.8397821725422757,0.7339055793991416,2.3249437876260246,1.1650912288415036,1.851732905125117,1.1247058823529412,0.1949458483754512,1.5089415176413727,0.2064857710125744,0.8463901689708141,2.999788449333616,0.6721120186697783,2.5456568091220912,,-1.0,,0.3764705882352941,,1000000.0,,1.0340475877481268,,,1.6530993489951882,,1.4564795514985984,,1.2598433366187685,0.7202620967741935,1.641587479038569,,,,1.850936329588015,1.5001584708779288,0.8792874503600955,,1.553206294829247,,-0.005893909626719,0.5284280936454849,0.2847811887655127,-121.06666666666666,0.562406015037594,-7.392592592592592,-0.2935528120713306,0.8974251590151913,,0.4907142857142857,0.1576665352778872,0.3363552752594928,1.067104687733727,13.741176470588234,1.6304347826086956,0.7142857142857143,-7.96875,0.3358090185676393,1.2282608695652173,13.019607843137257,0.3138601656160827,-0.5952380952380952,1.653598664596065,-0.1697722567287784,-0.5730337078651685,,1.24,0.7,0.25,-0.2023657520055891,-0.8103648881239243,,,0.0024968633154599,-1.0,1.0464135021097047,,-0.1889335057510379,1.8271604938271604,0.1376095882809899,0.6366666666666667,2.056497175141243,0.6906474820143885,0.1901379022147931,1.2328159645232817,1.0232558139534884,-0.2758620689655172,1.2804232804232805,-0.9552238805970148,,,,-0.4973926995587645,0.922720962517353,0.0517799352750809,1.337236750526864,-8.302381472580294,,1.084297520661157,0.146417445482866,,87.3354,-0.1023484640702139
2022-09-30,1.476070897432772,,,2.5127161749745675,1.4701033464566928,1.4596491228070176,1.195744680851064,-5.871355441798353,1000000.0,0.0,2.4925966052726616,5.7932161830813245,0.0,1.35437430786268,-0.3342637644046095,-0.2,0.9410047946633312,34.8,2.3236903831118063,0.8008025222126683,0.6852646638054364,2.2837455574091536,0.8476588261156298,1.7642178509300148,0.9482352941176472,0.0216606498194945,1.1619139681005315,,0.8248847926267281,2.954093505394542,0.8028004667444574,1.288588115324001,,-1.0,,0.7294117647058823,,1000000.0,,1.0287892730379913,,,0.447325219360317,,1.447183689115695,,1.237433210561809,0.9012096774193548,1.6790013042668157,,,,1.3835205992509363,1.476070897432772,-0.3303643765003976,1.7920865994774169,1.4831923776897549,,0.074656188605108,0.4248644908315073,0.2756368386675376,-0.1333333333333333,-0.3518796992481203,-0.7555555555555555,0.2688614540466392,0.6034115831092619,-2.104815864022663,0.2478571428571428,0.0578110629352253,0.1471554329260281,1.3072032424738154,0.0,1.5543478260869563,-0.1428571428571428,1.5625,-0.9480106100795757,-1.25,0.4313725490196078,0.7252264914428949,0.4047619047619047,1.5879915038726864,-0.8985507246376812,0.3033707865168539,,0.56,-1.1866666666666668,0.25,0.0481823219060926,-0.5177659208261618,,,1.6953701911973085,0.0,1.2151898734177216,,0.8156264888041924,-6.666666666666667,1.3672178448562868,-0.54,-5.062146892655368,1.0359712230215827,1.347680735478479,1.0931263858093123,0.8992248062015504,1.4482758620689655,1.2063492063492065,-0.6567164179104478,,,,0.304853590052146,1.4039796390559929,0.2006472491909385,1.071979597101153,-4.432098380099254,,2.988429752066116,1.947040498442368,,78.1752,-0.0696458323661555
2022-06-30,1.422532120827949,,,2.1424211597151577,1.4420521653543308,1.3231259968102074,1.265531914893617,-5.292677498330737,1000000.0,0.0,2.059227157818707,5.753167143440948,0.0,1.4595791805094132,-0.3342637644046095,-0.2,1.2853867000208463,33.82222222222222,2.2264553273153744,1.0874175981656635,1.0429184549356223,2.1845216508304923,0.8291932292811607,1.6943663856550248,0.8047058823529412,0.1913357400722021,1.0067665538907684,4.7452018530774325,0.5391705069124424,2.703617516395177,0.3593932322053675,1.5741169926763696,,-1.0,,0.7294117647058823,,1000000.0,,0.8710398317339293,,,0.5514859892442683,,1.406262727904358,,1.1145925195829227,0.8765120967741935,1.583454443823365,,,,1.352059925093633,1.422532120827949,-0.3303643765003976,1.727136991414707,1.4273097098811691,,-0.9764243614931236,0.2719409526006228,0.2743305029392553,-102.4,1.2481203007518795,-0.3946127946127946,0.5569272976680384,0.935031546631066,-2.0141643059490084,0.0764285714285714,0.0210222047037183,0.0472999605833661,0.3811088170477596,0.0,1.315217391304348,-0.1428571428571428,1.59375,-0.7888594164456233,-2.097826086956522,0.4313725490196078,0.993985824316412,-0.2142857142857142,1.2032949705401483,-0.5755693581780539,-2.764044943820225,,0.08,-0.78,0.75,0.0096364643812185,-0.9101927710843374,,,0.267164374754215,-1.5,1.0886075949367089,,-0.1072619614782549,1.469135802469136,0.0799023415825102,0.7,2.4180790960451977,1.1510791366906474,0.1358127872962808,0.4501108647450111,0.8992248062015504,0.0,-0.0317460317460317,-0.835820895522388,,,,-0.3690332932210188,0.3304025913928736,0.0420711974110032,0.4854935973250397,-4.182402696713381,,1.3818181818181818,0.4205607476635514,,87.1349,-0.0342150598095397
2022-03-31,1.3336909086476338,,,1.3489318413021365,1.3390748031496065,1.2916533758639022,1.1719148936170212,0.9837525038949476,1000000.0,0.0,1.981220657276996,5.776052308949734,0.0,1.0764119601328903,-0.3342637644046095,-0.2,0.9159891598915988,,2.1007889686544887,1.064488392089424,1.0143061516452074,2.0562849060709363,0.78434820839745,1.6263883313261074,0.3752941176470588,0.6859205776173285,1.1696471725471242,,0.3241167434715822,2.525068753966575,-0.014002333722287,0.8065263743394827,,-1.0,,0.7294117647058823,,1000000.0,,0.8426449322991981,,,0.0816303424851401,,1.353937564388222,,1.027027027027027,0.890625,1.5247251723495434,,,,1.3220973782771537,1.3336909086476338,-0.3303643765003976,1.6639293268632571,1.3729258109410127,,-0.8231827111984283,0.1529235382308845,0.2691051600261267,-0.1333333333333333,-1.542857142857143,-0.4161616161616162,0.8614540466392319,1.263232747642336,-0.0481586402266288,-0.0378571428571428,0.0262777558796478,0.0105111023518591,0.0152443526819103,-0.3294117647058823,1.3043478260869563,-0.0714285714285714,1.5625,0.8238726790450929,0.0108695652173913,0.1568627450980392,1.2737149258786442,-0.5,1.2629378439250378,-0.9648033126293996,0.0898876404494382,,-0.24,-1.5733333333333333,-0.25,-0.1060011081934038,-1.3095043029259896,,,0.4769008932528511,0.0,0.3881856540084388,,-0.0582590349145851,1.4567901234567902,0.177560759072245,0.7666666666666667,2.3954802259887007,1.0935251798561152,0.2277475971583786,0.6385809312638581,0.2170542635658914,-0.0689655172413793,-0.0317460317460317,0.0,,,,-0.4011231448054553,0.6136048125867654,-0.1197411003236245,0.8140230992743148,-2.933924279784013,,1.6727272727272726,0.7009345794392523,,89.8409,-0.0814256330729637
2021-12-31,1.2886364190457615,,,1.8006103763987793,1.295275590551181,1.2465709728867624,1.0970212765957448,0.0044513687959047,1000000.0,0.0,1.836764174792344,5.746628524724152,0.0,1.3266888150609082,-0.3291421254801536,0.2,0.6499895768188451,-1.1555555555555554,1.9421422986708363,0.4270564631699627,0.2188841201716738,1.894683397403351,0.8502967685205539,1.5839689549043223,0.3011764705882352,0.9205776173285198,0.9197680038666022,4.318994043679682,-0.0138248847926267,2.5246456526338057,0.3220536756126021,2.3083341058681746,,-1.0,,0.7058823529411765,,1000000.0,,0.7900617851978441,,,0.5684687234644777,,1.3156999448956612,,1.026819525859833,0.8724798387096774,1.519209986957332,,,,1.3146067415730338,1.2886364190457615,-0.3253863854433586,,1.3389894015630015,,-0.3202357563850687,0.0,0.2677988242978446,-326.6666666666667,0.6947368421052632,-0.6909090909090909,0.869684499314129,1.3726331479794258,-1.6175637393767706,0.1192857142857142,-0.0262777558796478,0.0157666535277887,0.3239424944905956,-0.0470588235294117,1.2065217391304348,0.6428571428571429,1.25,0.0811671087533156,-0.717391304347826,0.4705882352941176,1.3038817897726105,-0.8174603174603174,1.5641343545187305,1.1469979296066253,-1.348314606741573,,0.2,0.0,0.0,-0.163819894480715,-1.378351118760757,,,-0.1822710220285766,-1.0,1.0126582278481011,,-0.5074525284148914,8.641975308641975,-0.1953168349794695,2.23,8.305084745762711,0.8345323741007195,-0.1232762223150856,0.2971175166297117,-0.1240310077519379,-0.2413793103448276,0.8888888888888888,0.1492537313432835,,,,-0.4813477737665463,-0.0046274872744099,-0.0711974110032362,0.4027528338711483,-5.930272480414494,,0.8330578512396695,-0.0903426791277258,,84.7276,-0.0097476238805898
2021-09-30,1.184289440963503,,,2.1912512716174977,1.1654773622047243,1.2401913875598083,1.051063829787234,-0.1157355886935232,1000000.0,0.0,1.8613217768147343,5.364119329791581,0.0,0.6578073089700996,-0.3342637644046095,-0.2,0.2589118198874296,5.111111111111111,1.783779941715829,-0.0773860705073086,-0.4105865522174535,1.7327917603539569,0.8335897999560343,1.4900307774655426,0.5788235294117647,0.6209386281588448,1.111164813919768,5.053606882859034,0.4101382488479262,2.4747196953670403,0.3360560093348891,1.255214610178919,,-1.0,,-1.4823529411764709,,1000000.0,,0.7990009202050743,,,-0.6248514010755731,,1.190541220441314,,1.0023343881309332,0.6365927419354839,1.4318613750698714,,,,1.2861423220973782,1.184289440963503,-0.3303643765003976,1.5371407241508026,1.2638368483031794,,1.0648330058939095,-0.1321646868873255,0.263879817112998,-117.6,0.1834586466165413,-0.7016835016835017,-0.3319615912208505,-0.0461532938922098,-1.5325779036827196,-1.7664285714285717,0.6148994875837603,-0.036788858231507,1.4177247994176658,1.2705882352941176,1.065217391304348,-8.714285714285714,1.21875,-0.6615384615384615,-1.934782608695652,5.490196078431373,-0.2346282688196666,0.1825396825396825,1.486598619118374,-0.989648033126294,0.4044943820224719,,-5.08,-0.4266666666666667,0.25,-0.163819894480715,-0.3008984509466437,,,1.5205897591151116,-1.0,1.19831223628692,,0.4698836180494113,1.1851851851851851,1.3228276550882254,-0.6133333333333333,-5.19774011299435,0.9784172661870504,1.0760551608859172,0.1396895787139689,-0.0930232558139534,1.1724137931034482,0.8253968253968254,0.1194029850746268,,,,0.1764941837144003,0.4877371587228135,0.0,0.1764325103060921,-2.559380754705203,,2.816528925619835,1.7788161993769471,,76.6095,0.0772223991409645
2021-06-30,1.111246556305922,,,1.6785350966429298,1.1141732283464567,1.098989898989899,1.0825531914893618,0.1068328511017137,1000000.0,0.0,1.4510653665583244,5.131181038005721,0.0,0.1860465116279069,0.1369270166453265,36.6,0.1088180112570356,4.511111111111111,1.7226526405572535,-0.2734307824591573,-0.6552217453505007,1.6971059693914556,0.7219169048142449,1.4179044560417502,0.4752941176470588,0.5992779783393501,0.7520541324311262,4.892124420913302,0.0506912442396313,2.495028559339962,0.0186697782963827,1.1365532585519609,,-1.0,,0.3764705882352941,,1000000.0,,0.6496647824372289,,,-0.7188225304273989,,1.1271951891516327,,1.0122944441562485,0.4929435483870967,1.396534376746786,,,,1.2157303370786516,1.111246556305922,0.1276108007471964,1.4700758989672764,1.2061342468686436,,1.2455795677799608,-0.2371122131242071,0.2455911169170476,-115.6,0.0992481203007518,-0.6612794612794612,0.7517146776406035,1.6187840487378784,-0.0991501416430594,1.3335714285714286,0.1156221258704506,0.6043883852319012,0.3315646708315508,5.694117647058824,1.0326086956521738,0.5714285714285714,1.25,-0.5660477453580902,-0.5978260869565217,10.07843137254902,1.1804718920245667,-0.7222222222222222,1.528348630487797,-0.7163561076604554,-1.0112359550561798,,3.6,-0.4666666666666667,0.0,-0.2601845382929003,-1.33015834767642,,,0.2372020149686955,64.0,1.029535864978903,,-0.2733274348329136,1.148148148148148,0.1908778160026634,0.4966666666666666,1.4463276836158192,0.7769784172661871,0.0396991224404513,-0.0620842572062084,-0.0310077519379844,-0.1724137931034483,-0.0317460317460317,0.2388059701492537,,,,-0.4492579221821099,-0.1397501156871818,-0.0809061488673139,0.015818087130891,-3.1211960423234184,,1.375206611570248,0.4205607476635514,,75.2182,0.0971477816600793
2021-03-31,1.0013409074286272,,,0.034587995930824,1.000738188976378,1.0118022328548644,1.0629787234042554,-0.0489650567549521,1000000.0,,1.357168652943301,5.060073559460564,0.0,0.0598006644518272,-0.3393854033290653,,0.2172190952678757,2.4,1.604947046698415,0.2516480366867297,0.0,1.5500108798143175,0.668278742580787,1.322494312859628,0.1305882352941176,0.3826714801444043,0.8516191396810053,4.731965585704831,-0.2749615975422427,2.086735773217685,-0.2613768961493582,0.4023361453601557,,-1.0,,-1.4823529411764709,,1000000.0,,0.6154857368213488,,,-0.7505236343051231,,1.0472699393852272,,0.8120558178139752,0.4490927419354839,1.2397242407303894,,,,1.004494382022472,1.0013409074286272,-0.3353423675574367,1.3813612044295136,1.1298040894979124,,0.4145383104125736,-0.4013377926421405,0.2286087524493795,0.2666666666666666,-1.500751879699248,-0.7097643097643098,1.6598079561042525,2.644412801898097,-2.5410764872521248,-1.8664285714285715,0.793588227565366,0.1051110235185915,-1.5968459434301128,,0.75,-13.785714285714286,1.1875,0.6328912466843502,-0.3260869565217391,-0.5490196078431373,4.383644349129344,-0.5793650793650794,1.555187923510997,-0.0372670807453416,-4.977528089887641,,-5.36,-3.9066666666666654,0.25,-0.1156375725746223,-3.1029638554216867,,,0.3520577274798534,0.5,1.080168776371308,,-0.1862111209419451,0.8271604938271605,0.3062923093996227,0.4966666666666666,1.152542372881356,0.6906474820143885,0.1650647722524028,0.0798226164079822,0.0930232558139534,-0.3103448275862069,-0.0211640211640211,0.1492537313432835,,,,-0.5134376253509828,0.0342434058306339,-0.0744336569579288,0.1666983028409284,-3.558163488248697,,1.5471074380165288,0.5825545171339563,,75.9705,0.0862837935569141
2020-12-31,0.9273228173684084,,,0.5635808748728383,0.9315944881889764,0.922488038277512,0.9361702127659576,0.4130380592032049,1000000.0,,1.222824124232575,5.071516142214957,0.0,-3.2046965669988925,0.3417925736235595,,0.1113195747342088,-2.2397555555555555,1.3260359655981235,-0.2057896245342505,-0.5708154506437768,1.3039820120403278,0.5662783029237195,1.255586779071323,-0.0694117647058823,0.2815884476534296,0.750120831319478,-0.1064592984778292,-0.2319508448540706,1.896763274804316,-0.0093348891481913,1.800315194215259,,0.0,,0.3764705882352941,,1000000.0,,0.5665834100170896,,,-0.0768751769034814,,0.9908239296581136,,0.7188877937438398,0.4561491935483871,1.1748835476057389,,,,0.8307116104868913,0.9273228173684084,0.3267304430287591,1.319148936170213,1.0762766299111444,,0.3300589390962672,-0.6453696228808673,0.147615937295885,-0.4,0.3037593984962406,-1.9461279461279464,1.4567901234567902,3.629016404931906,-1.3286118980169972,1.876428571428572,0.0945999211667323,0.7830771252135068,0.0533552343866863,,0.6195652173913043,-39.71428571428572,0.78125,0.4419098143236074,-0.1521739130434782,44.588235294117645,-0.2291433844753091,-0.6428571428571429,2.9448668733789254,0.5507246376811594,-2.5730337078651684,,5.12,-0.1266666666666666,0.0,-0.1060011081934038,-3.216561101549053,,,-0.2721581013851349,0.0,0.9367088607594936,,-0.5319539916967263,0.6790123456790124,-0.2041948729330817,0.0733333333333333,1.0169491525423728,0.3453237410071942,-0.2737150020894275,-0.2150776053215077,0.3410852713178294,-0.5172413793103449,0.9629629629629628,-0.2985074626865671,,,,-0.609707180104292,-0.4062933826931976,-0.145631067961165,-0.1034259543173643,1.93514154624052,,0.8528925619834711,-0.1526479750778816,,72.3487,0.1406632973690775
2020-09-30,0.7797742399492893,,,0.4252288911495422,0.8006889763779528,0.7315257841573631,0.9174468085106384,0.4406855107945693,0.0,,1.240158902130733,5.003677973028198,0.0,-0.2425249169435216,-0.3393854033290653,,0.048780487804878,0.1111111111111111,1.1435070012083304,-0.055603324734881,-0.3834048640915594,1.0791325161383911,0.1037590679270169,1.0861769035193365,-0.1435294117647058,0.0,0.5331077815369744,-0.1067028457974851,-0.0230414746543778,1.513433467315422,0.1586931155192532,0.6211180124223602,,0.0,,0.0470588235294117,,0.0,,0.572893387669252,,,-0.8637418624398528,,0.8518651620786315,,0.5308917362660165,0.4143145161290322,1.0274641326625675,,,,0.1625468164794007,0.7797742399492893,-0.3353423675574367,1.1616274729376632,0.9407451022374478,,0.3536345776031434,-0.9276900011532696,0.1410842586544742,0.2666666666666666,-0.5984962406015037,-0.109090909090909,-0.2469135802469135,0.0495720564027439,-0.7620396600566572,0.0478571428571428,0.0683221652870844,0.0840888188148732,0.9565831307898766,,0.7282608695652174,-0.5714285714285714,0.65625,-0.3856763925729443,-0.5869565217391305,0.3529411764705882,0.2069049209011116,-0.1666666666666666,0.8782413105924998,0.4016563146997929,-0.4269662921348314,,0.0,-0.4933333333333333,0.0,-0.1541834300994965,-0.015184165232358,,,1.2009912547362376,0.5,1.080168776371308,,0.2765942966038249,0.8024691358024691,1.1141937631783376,1.096666666666667,1.1299435028248588,0.7482014388489209,0.9089009611366484,-0.1773835920177383,0.4031007751937984,0.9310344827586208,0.9947089947089948,-0.3582089552238806,,,,0.0641797031688728,0.1490050902360018,-0.1003236245954692,-0.0961252987184915,2.8090764380910764,,2.433057851239669,1.4174454828660437,,72.8114,-0.0549798822008014
2020-06-30,0.730916449277129,,,0.103763987792472,0.7712844488188977,0.6200956937799043,0.964255319148936,0.6810594257734254,0.0,,0.8876850848681834,4.894973436861463,0.0,-0.3200442967884828,-0.3291421254801536,,-0.0387742338961851,0.4888888888888889,1.099438481768427,-0.2298652909143021,-0.6008583690987125,1.0347428737216218,0.0888107276324467,1.024621972434096,-0.108235294117647,-0.1805054151624548,0.4064765587240213,,0.1858678955453149,1.5130103659826528,-0.0420070011668611,0.5321219987021415,,0.0,,0.0235294117647058,,0.0,,0.4445905087419482,,,-0.8694027738465893,,0.8009775030546971,,0.5306842350988225,0.3472782258064516,1.007490217998882,,,,0.1370786516853932,0.730916449277129,-0.3253863854433586,1.1043921861391066,0.8914998394176212,,0.618860510805501,-1.0234113712374582,0.124101894186806,-1.7333333333333334,0.5022556390977444,-0.0148148148148148,0.1508916323731138,0.5658051954933873,-0.2577903682719547,-0.595,0.2785442123242675,0.0578110629352253,0.0762217634095519,,0.7065217391304348,-1.5714285714285714,0.625,-0.3856763925729443,-0.8695652173913043,0.5098039215686274,0.6073014780392086,-0.6428571428571429,0.7350984144687647,-1.2877846790890268,-1.0337078651685394,,-1.8,-0.9933333333333332,0.0,-0.3180033245802115,-0.6451325301204819,,,0.5118569796692904,0.0,1.0042194092827004,,-0.1344858095691826,0.7777777777777778,0.4927311064254799,0.5566666666666666,0.8813559322033898,0.7482014388489209,0.3238612620142081,-0.376940133037694,0.3410852713178294,0.4827586206896552,-0.0211640211640211,-0.0895522388059701,,,,-0.1444043321299639,-0.2767237390097177,-0.1359223300970873,-0.2883758961554747,2.8090764380910764,,1.6066115702479338,0.6448598130841121,,64.3683,0.0689761564676989
2020-03-31,0.6583611673208669,,,0.0874872838250254,0.6972194881889764,0.5597022860180755,0.9293617021276596,0.9926552414867572,0.0,,0.7128927410617552,4.751123825091949,0.0,-0.5227021040974529,-0.1550064020486555,,0.2672503648113404,,1.0050465562584403,0.3376325594726282,0.1072961373390558,0.9482846159425544,0.0703451307979775,0.9706945002007226,-0.2917647058823529,-0.5848375451263538,0.3378443692605123,,-0.2811059907834101,1.1774910090966786,-0.2427071178529755,0.2651339575414851,,0.0,,0.0235294117647058,,0.0,,0.3809649007493098,,,-0.8999716954429663,,0.7446273269603968,,0.3661358095139285,0.2585685483870967,0.8630519843487983,,,,0.1056179775280898,0.6583611673208669,-0.1561346895040303,1.0542490979221102,0.8483567069906862,,-0.4086444007858546,-1.12489908891708,0.1267145656433703,-1.4666666666666666,-1.3203007518796992,-0.1575757575757575,0.8532235939643347,1.3657956229583577,-0.1331444759206798,0.3621428571428571,0.1366443305741689,0.2680331099724083,-0.358242288024894,,0.6521739130434783,-2.357142857142857,0.625,0.3039787798408488,-0.0978260869565217,25.058823529411764,-0.2702800170579903,-0.4365079365079365,0.9080627472849446,-0.0372670807453416,-0.3370786516853932,,0.88,-1.16,0.25,0.0,-1.2372151462994836,,,-0.1123588491956979,0.5,1.0548523206751057,,-0.4693391410875927,0.7160493827160493,-0.0887803795361225,0.17,1.0508474576271187,-0.0287769784172661,-0.1483493522774759,-0.0332594235033259,-0.1240310077519379,-0.5172413793103449,-0.0211640211640211,0.3582089552238806,,,,-0.609707180104292,-0.1989819527996298,-0.1682847896440129,0.113160161782528,0.686663129311152,,0.971900826446281,0.0404984423676012,,66.2009,-0.0410538562513515
2019-12-31,0.6253017041714412,,,0.0508646998982706,0.6587106299212598,0.5486443381180224,0.8442553191489361,0.1958602270198086,0.0,,0.6782231852654388,4.737229260318758,0.0,-0.5636766334440753,-0.288169014084507,,0.3823222847613091,-0.6,0.8552135901627692,0.23445113212955,-0.0214592274678111,0.7878436208022049,0.1398109474609804,0.9302823497925866,-0.3305882352941176,-0.2057761732851985,0.3252779120347994,0.7372600926538716,-0.2780337941628264,0.98159509202454,-0.1353558926487748,1.4888291461944934,,0.0,,0.0,,0.0,,0.3683449454449848,,,-0.3044438154542881,,0.7153022353194853,,0.2700627691030762,0.2646169354838709,0.7958263461896776,,,,0.1041198501872659,0.6253017041714412,-0.285562456987046,1.0166728878934923,0.8160261214002783,,,,0.1188765512736773,2.1333333333333333,0.0030075187969924,-0.0309764309764309,0.0658436213991769,0.4598235576668313,-0.1274787535410765,0.2764285714285714,0.0262777558796478,0.1261332282223098,0.4497084041163563,,0.5869565217391305,0.0714285714285714,0.625,-0.0037135278514588,0.7934782608695652,20.47058823529412,-0.2236585001309516,-0.8333333333333334,0.8603484485770329,0.5755693581780539,0.0112359550561797,,0.64,0.8133333333333334,0.0,-0.2312751451492447,-0.4523614457831325,,,-0.3620451807416932,-6.0,0.8945147679324894,,-0.7034642346695705,0.6419753086419753,-0.3595605371212962,-0.0533333333333333,0.9830508474576272,0.2589928057553957,-0.4074383618888424,-0.1707317073170731,-0.1860465116279069,-0.4137931034482758,-0.0105820105820105,0.4477611940298507,,,,-0.5615724027276374,-0.4285053216103656,-0.2459546925566343,0.0206851908634728,1.7478697837011143,,-0.396694214876033,-0.2834890965732087,,69.386,-0.0515379887805493
2019-09-30,0.5875612550893532,,,0.0020345879959308,0.6107283464566929,0.549920255183413,0.9940425531914894,0.0667705319385711,0.0,,0.7186710003611412,4.813240702901512,0.0,-0.5382059800664452,-0.2676824583866837,,0.198874296435272,1.3333333333333333,0.7784490724287441,0.232158211521926,-0.0243204577968526,0.7106694712410242,0.0510002198285337,0.865783487220661,-0.2552941176470588,-0.3826714801444043,0.3267278878685355,,-0.053763440860215,0.8698963401734715,-0.1633605600933489,0.4653749884119774,,0.0,,-0.0941176470588235,,0.0,,0.383068226633364,,,-0.9237475233512596,,0.6720812669206258,,0.2152824609638429,0.3119959677419355,0.7704863051984349,,,,0.0726591760299625,0.5875612550893532,-0.2656504927588897,0.9567002612915269,0.764425650358634,,,,0.1188765512736773,-0.4,-0.393984962406015,-0.0498316498316498,-0.6886145404663924,-0.4564047951562973,0.206798866855524,0.4478571428571428,-0.1471554329260281,0.0157666535277887,1.5434907090434264,,0.5217391304347826,-0.0714285714285714,0.46875,-0.5129973474801061,0.5434782608695652,0.6274509803921569,-0.2346282688196666,0.1984126984126984,0.8066698625306322,0.4679089026915113,0.9550561797752808,,1.12,0.5266666666666666,0.0,-0.2505480739116818,0.597552495697074,,,1.330828147140155,0.5,1.1054852320675106,,0.287483835840196,0.5679012345679012,1.167461990900011,0.9866666666666668,0.6214689265536724,0.3453237410071942,1.0175511909736732,-0.1662971175166297,-0.0310077519379844,1.9310344827586208,-0.0105820105820105,0.2985074626865671,,,,0.529482551143201,0.2063859324386858,-0.1715210355987055,-0.0304193983286365,1.93514154624052,,3.0148760330578512,1.398753894080997,,71.8446,-0.0839955265997526
2019-06-30,0.5443596557524929,,,-0.0630722278738555,0.5895669291338582,0.434662413609782,1.0,0.5564210994880926,0.0,,0.361863488624052,4.643236616264814,0.0,-0.5825027685492802,-0.3393854033290653,,0.5882843443819054,-0.7333333333333333,0.7898215935745255,0.7537976497563772,0.6266094420600858,0.7182128091680569,0.0457243350186854,0.8102502341763682,-0.2329411764705882,-0.4368231046931408,0.1957467375543741,,0.1643625192012288,0.6883858684154855,-0.4200700116686114,0.4468341522202651,,0.0,,-0.0941176470588235,,0.0,,0.2531878532930195,,,-0.4572884234361732,,0.6278061285608184,,0.1262644602375888,0.2061491935483871,0.6752375628842929,,,,0.0367041198501872,0.5443596557524929,-0.3353423675574367,0.9050640786363072,0.7199978589016165,,,,0.1149575440888308,0.8,0.5984962406015037,0.1037037037037037,-0.1152263374485596,0.2649540945663898,0.320113314447592,0.0335714285714285,-0.1681776376297464,-0.1576665352778872,0.4115975224115804,,0.358695652173913,-0.5714285714285714,0.46875,-0.2689655172413793,0.7608695652173914,0.6666666666666666,0.3412845873378702,-0.753968253968254,0.6515983917299192,-0.4099378881987577,-0.3595505617977528,,-0.04,0.2933333333333333,-0.25,-0.163819894480715,-0.2458209982788296,,,0.1373274823502974,0.0,0.9957805907172996,,-0.3985571360511808,0.382716049382716,0.0799023415825102,0.2066666666666666,0.7457627118644068,0.4028776978417266,0.014625992478061,-0.2549889135254989,0.0,0.1034482758620689,0.0,0.2985074626865671,,,,-0.3208985158443642,-0.3118926422952336,-0.2103559870550161,-0.0985588505847825,1.498174100315241,,1.4413223140495868,0.2461059190031152,,66.5749,-0.0125459278677215
2019-03-31,0.4864324548357998,,,-0.1444557477110885,0.5270669291338582,0.3980861244019139,0.9651063829787234,-0.0178054751836189,0.0,,0.272300469483568,4.522272170004086,0.0,-1.168327796234773,-0.3291421254801536,,0.2880967271211174,0.1555555555555555,0.7321060487596844,0.524505588993981,0.340486409155937,0.6598970044244579,0.0246207957792921,0.7520406797805433,-0.3411764705882353,-0.5415162454873647,0.1541807636539391,,0.0138248847926267,0.6879627670827163,-0.5647607934655776,0.1835542782979512,,0.0,,-0.0941176470588235,,0.0,,0.2205863020901801,,,-0.4731389753750353,,0.5796976448884736,,0.1260569590703947,0.1320564516129032,0.6531768213154463,,,,0.0007490636704119,0.4864324548357998,-0.3253863854433586,0.8509394052507154,0.6734289690611284,,,,0.1045068582625734,0.1333333333333333,-1.368421052631579,0.1575757575757575,0.2139917695473251,0.5794802455355235,0.0481586402266288,0.1335714285714285,-0.2259887005649717,-0.1786887399816055,0.0114332645114327,,0.4565217391304347,-1.4285714285714286,0.4375,0.9193633952254642,-0.0217391304347826,25.529411764705884,-0.2977044387797777,-0.7222222222222222,0.5919555183450296,0.0372670807453416,-0.0112359550561797,,0.24,-0.5733333333333334,0.25,-0.2601845382929003,-0.5384199655765921,,,0.1423212089812173,0.5,1.0632911392405062,,-0.3577213639147893,0.4938271604938271,0.1154144933969592,0.2633333333333333,0.847457627118644,0.2014388489208633,0.0480568324279147,0.1197339246119734,0.0,-0.3103448275862069,0.8253968253968254,0.2686567164179104,,,,-0.5134376253509828,0.0157334567329939,-0.1877022653721682,0.2956765517543475,1.6230219420081775,,1.447933884297521,0.3208722741433021,,65.1037,-0.0017875547046788
2018-12-31,0.4577614159982446,,,-0.17293997965412,0.5,0.3666135034556087,0.9591489361702128,-0.2270198085911417,0.0,,0.1639581076200794,4.420923579893747,0.0,-0.8062015503875969,-0.288169014084507,,0.5340838023764853,0.2666666666666666,0.638851375364276,0.5726569217540842,-0.463519313304721,0.5670559222455936,0.0808969004176742,0.7207279539676168,-0.2105882352941176,-2.2093862815884475,0.1184146930884485,0.8960953011250827,0.0384024577572964,0.5348000846202665,-0.1866977829638273,1.277463613608974,,0.0,,-0.1176470588235294,,0.0,,0.1811489417641645,,,-0.5603170110387773,,0.5408850235990321,,0.050941536546143,0.0549395161290322,0.5764114030184461,,,,0.0037453183520599,0.4577614159982446,-0.285562456987046,0.8218240637053627,0.6483781179745209,,,,0.1097322011757021,0.1333333333333333,-0.2917293233082706,0.0228956228956228,0.027434842249657,0.4324734575825588,-0.5184135977337111,0.1907142857142857,-0.3048219682039154,-0.2364998029168309,0.3811088170477596,,0.4021739130434782,-1.2142857142857142,0.46875,0.5161803713527852,-2.4456521739130435,22.50980392156863,-0.2264009423031303,-0.6428571428571429,0.7529912764842316,0.8737060041407867,-0.2359550561797752,,0.4,0.9066666666666666,0.0,-0.019272928762437,-0.3903993115318416,0.0,0.0,-0.5318318861929701,-6.0,0.919831223628692,,-0.7524671612332403,0.4320987654320987,-0.4749750305182554,-0.1966666666666666,0.7909604519774012,-0.1151079136690647,-0.4617634768073548,0.0864745011086474,0.0620155038759689,,,,0.0,0.0,0.0,-0.6899318090653831,-0.2378528459046737,-0.2621359223300971,0.3151449666846749,0.9363588126970256,0.0,-0.7669421487603306,-0.4454828660436137,,57.4315,0.1458871274928163
2018-09-30,0.4327961576907136,0.0,,-0.091556459816887,0.4654281496062992,0.3772461456671983,0.9617021276595744,0.2893389717338081,0.0,,0.2347417840375587,4.478953821005312,0.0,-0.7353266888150609,-0.3137772087067861,,0.44486137169064,0.4888888888888889,0.5686260572890752,0.5646316996274005,-0.3547925608011445,0.4939435700297381,0.0008793141349747,0.6630536598420982,-0.0847058823529411,-2.194945848375452,0.1304978250362494,-0.0913302448709463,0.3824884792626728,0.431140258091813,0.0093348891481913,0.4394178177435802,1.0631220177232448,0.0,0.0,0.0,0.0,0.0,-0.9716981132075472,0.206914683843828,0.0,,-0.5082366260968015,,0.5060974148877548,,0.000103750583597,0.0907258064516129,0.5504751257685858,,,,-0.0397003745318352,0.4327961576907136,-0.3104524122722413,0.7681970884658454,0.6022374478107269,,,,0.1032005225342913,-0.2666666666666666,-0.1834586466165413,0.0956228956228956,-1.1659807956104251,-1.0307568969260197,0.7393767705382436,-0.0807142857142857,-0.2837997635001971,-0.3153330705557745,1.8369444981702008,,0.358695652173913,-0.5,0.28125,-0.4705570291777188,0.358695652173913,0.5490196078431373,-0.2044614049257004,1.0396825396825398,0.6694912537453861,0.3436853002070393,1.202247191011236,,-0.36,0.8333333333333334,0.0,-0.1349105013370594,1.020960413080895,0.0,0.0,1.3607905069256747,0.5,1.0717299578059072,,0.2929286054583815,0.382716049382716,1.2162911996448784,1.06,0.7457627118644068,0.2877697841726618,1.0718763058921856,-0.0509977827050997,0.1240310077519379,,,,0.0,0.0,0.0,0.7380665864420377,0.3267006015733457,-0.2071197411003236,0.1228943692476917,1.8102937045475824,0.0,3.0677685950413225,1.355140186915888,,54.7194,0.024583762324809
2018-06-30,0.4015895848062998,0.0,,-0.1363173957273652,0.4592765748031496,0.2624136097820308,1.025531914893617,0.2270198085911417,0.0,,-0.120621162874684,4.331834899877401,0.0,-0.7142857142857143,-0.2215877080665813,,0.5540963101938712,0.2222222222222222,0.6152533939867795,0.7744339352249928,-0.0715307582260372,0.5467469355189671,-0.0184655968344691,0.6120701190954101,-0.0317647058823529,-2.2057761732851984,0.0,-0.0953011250827266,0.554531490015361,0.4307171567590438,-0.2240373395565927,0.3430054695466765,1.0263122017723243,0.0,0.0,-0.0470588235294117,0.0,0.0,-0.9716981132075472,0.0775601419744971,0.0,,-0.4063402207755449,,0.4711181389108507,,-0.000103750583597,0.0,0.5234954350661449,,,,-0.0726591760299625,0.4015895848062998,-0.2208485732455381,-0.5437352245862884,0.5614495236056096,,,,0.0966688438928804,0.1333333333333333,0.4120300751879699,0.2518518518518518,-0.4773662551440329,-0.1521349317187657,0.461756373937677,0.0764285714285714,-0.3205886217317041,-0.2943108658520562,0.678373694345012,,0.3369565217391304,0.2857142857142857,0.3125,-0.1734748010610079,7.304347826086956,0.8627450980392157,-0.0207177793897243,-0.1666666666666666,0.5084554956061841,-1.1884057971014492,0.6404494382022472,,0.08,5.126666666666667,-0.25,-7.362258787250957,0.1603752151462995,0.0,0.0,0.6117315122876886,0.0,1.029535864978903,,-0.1317634247600898,0.3580246913580246,0.5459993341471535,0.4866666666666667,0.5084745762711864,0.2014388489208633,0.4534057668198913,-0.0798226164079822,0.0930232558139534,,,,0.0,0.0,0.0,0.2406738868832731,0.0286904211013419,-0.233009708737864,0.1107266099162371,1.6230219420081775,0.0,2.056198347107438,0.6199376947040498,,52.5332,0.0696161592687271
2018-03-31,0.3469780822585757,0.0,,-0.0874872838250254,0.4095718503937008,0.1960659223817118,1.025531914893617,-0.1112842198976185,0.0,,-0.3055254604550379,4.175725378013895,0.0,-0.8383167220376523,-0.2164660691421255,,1.0827600583698145,0.2444444444444444,0.5950671689530173,1.6652335912869016,0.3905579399141631,0.5264379487923406,-0.0448450208837107,0.5676435166599759,-0.1705882352941176,-2.1985559566787005,-0.0753987433542774,-0.0953011250827266,0.1397849462365591,0.0723503279035329,-0.3267211201866978,0.09085009733939,1.0050443081117928,0.0,0.0,0.0,0.0,0.0,-0.9716981132075472,0.010253713684764,0.0,,-0.5014435324087178,,0.4287596732073121,,-0.1758572391969705,-0.0962701612903225,0.3687721259549096,,,,-0.1176029962546816,0.3469780822585757,-0.2158705821884991,0.6794823939280826,0.5259072904399957,,,,0.0783801436969301,0.0,-1.6451127819548872,0.0767676767676767,0.6419753086419753,1.15725110981578,-0.0764872521246459,0.2764285714285714,-0.4309551964262252,-0.3310997240835632,-0.4801971094801771,,0.3043478260869565,-1.0,0.28125,0.7814323607427056,-0.3478260869565217,0.6274509803921569,1.0433497834156296,-0.6428571428571429,0.6694912537453861,-0.2111801242236025,0.0898876404494382,,0.64,-1.106666666666667,0.25,-0.1541834300994965,-1.071982788296041,0.0,0.0,0.0174780432082196,0.5,1.0548523206751057,,-0.4393929081875723,0.3209876543209876,0.0221950948840306,0.1466666666666666,0.6892655367231638,0.0287769784172661,-0.014625992478061,0.2172949002217294,0.1240310077519379,,,,0.0,0.0,0.0,-0.2727637384677095,0.0694123091161499,-0.2362459546925566,0.4392561118655121,0.7490870501576204,0.0,1.0049586776859505,0.0716510903426791,,48.183,0.1568213474085478
2017-12-31,0.3339103298632274,0.0,,-0.0305188199389623,0.3987450787401574,0.176501860712387,1.0468085106382978,-0.102381482305809,0.0,,-0.361863488624052,2.0784634246015528,0.0,-0.0332225913621262,-0.318898847631242,,0.745048988951428,0.0888888888888888,0.4651361148624636,0.7423330467182574,-0.0801144492131616,0.3880467106694712,0.0043965706748735,0.5408805031446541,-0.1176470588235294,-2.2057761732851984,-0.097631706138231,0.7835870284579749,0.0414746543778801,0.2111275650518299,-0.0046674445740956,1.592657828868082,0.9987730061349692,0.0,0.0,-0.0235294117647058,5540000000.0,0.0,-0.9716981132075472,-0.010253713684764,0.0,,-0.7052363430512313,,0.4116054529337071,,-0.107796856357317,-0.1018145161290322,0.4160238494503447,,,,-0.1265917602996254,0.3339103298632274,-0.3154304033292804,0.6545974866243623,0.5044963066052885,,,,0.0822991508817766,0.0,0.5744360902255639,0.0148148148148148,0.0850480109739369,0.4734986077089675,0.3031161473087819,-0.0092857142857142,-0.7410327158060701,-0.7462882669819998,0.2934537891267749,,0.0217391304347826,-0.5,0.28125,0.4525198938992042,-0.5108695652173914,-0.0392156862745098,1.243548061984678,1.5476190476190477,0.755973420153476,0.0538302277432712,-0.6741573033707865,,-0.16,0.9066666666666666,0.0,-0.2216386807680262,-0.4730154905335628,0.0,0.0,-0.2521831948614553,0.0,0.9535864978902954,,-0.6190703055876948,0.0,-0.2397070247475308,-0.1366666666666666,0.3954802259887006,-0.2877697841726618,-0.2152110321771834,-0.082039911308204,-0.0310077519379844,,,,0.0,0.0,0.0,2.262334536702768,-0.2693197593706617,-0.2944983818770226,0.1545305435094738,0.5618152876182153,0.0,-0.3900826446280991,-1.2429906542056075,,50.5195,-0.0971042265302797
2017-09-30,0.3019235926567033,0.0,,-0.0386571719226856,0.3385826771653543,0.2449760765550239,0.0,0.3294012908969508,0.0,,-0.1162874684001444,0.301593788312219,0.0,0.2580287929125138,-0.3240204865556978,,0.445695226183031,0.0888888888888888,0.3875186580425048,0.6253940957294354,-0.1716738197424892,0.3085515340538188,-0.0553967905034073,0.465944065301753,-0.1541176470588235,,-0.0198163363943934,-0.1111846459298477,0.0906298003072196,0.1383541358155278,0.1120186697782963,0.2799666264948549,1.0207225630538517,0.0,0.0,-0.0941176470588235,0.0,0.0,-0.9716981132075472,0.0791376363875377,0.0,,-1.100367959241438,,0.3831428639881166,,-0.1434870571146962,-0.0806451612903225,0.3966461710452766,,,,-0.1355805243445693,0.3019235926567033,-0.3204083943863194,0.5849197461739455,0.4445455518681083,,,,0.0822991508817766,0.0,-0.1112781954887218,0.268013468013468,-1.064471879286694,-0.9452878341626682,0.2861189801699716,-0.0378571428571428,-0.7357771646301405,-0.7515438181579294,1.509190915509128,,0.1847826086956521,0.2142857142857142,0.125,-0.3007957559681697,-0.1195652173913043,-0.0392156862745098,-0.610342846408155,1.865079365079365,0.4786340589137393,-0.0372670807453416,0.8089887640449438,,-0.24,0.48,-0.25,-0.2023657520055891,0.9452289156626504,0.0,0.0,1.5155960324841915,0.5,1.0886075949367089,,0.3854896889675355,0.1851851851851851,1.309510598157807,1.0766666666666669,0.5649717514124294,-0.316546762589928,1.272461345591308,-0.1596452328159645,0.0,,,,0.0,0.0,0.0,2.3425591656638587,0.3248496066635817,-0.2524271844660194,0.0377200539275093,0.0624239208464683,0.0,1.9173553719008265,0.9252336448598132,,49.1134,-0.0218841343041745
2017-06-30,0.2665236365409464,0.0,,-0.034587995930824,0.3169291338582677,0.1654439128123338,0.0,0.1647006454484754,0.0,,-0.3777537016973636,0.3146710257458112,0.0,0.2181616832779623,-0.318898847631242,,0.5991244527829893,0.0888888888888888,0.4287440471959627,0.9085697907709944,10.57796852646638,0.3509102777979256,-0.0606726753132556,0.4235246888799678,-0.1658823529411764,,-0.1101981633639439,-0.1111846459298477,0.0998463901689708,0.0956209012058388,-0.0513418903150525,0.1835542782979512,0.9952283571915472,0.0,0.0,-0.0941176470588235,0.0,0.0,-0.9716981132075472,-0.0160378598659129,0.0,,-0.974695726011888,,0.3493135916049737,,-0.1644446750012969,-0.2111895161290322,0.3429849077697037,,,,-0.1445692883895131,0.2665236365409464,-0.3154304033292804,0.5454771680975489,0.4106091424900974,,,,0.0666231221423905,0.1333333333333333,0.4962406015037593,0.2841750841750842,-0.392318244170096,-0.1076910190818229,0.1728045325779036,0.005,-0.7462882669819998,-0.7462882669819998,0.5640410492306842,,0.1521739130434782,-1.6428571428571428,0.15625,-0.4281167108753315,-0.2608695652173913,-0.0392156862745098,1.2298358511237844,0.8492063492063492,0.4488126222212944,-0.8074534161490683,-0.1011235955056179,,-0.12,-0.0866666666666666,-0.25,-0.163819894480715,0.1259518072289156,0.0,0.0,0.5817691525021691,0.0,0.9873417721518988,,-0.1535425032328319,0.1481481481481481,0.5060481633558983,0.4633333333333333,0.5310734463276836,-0.3741007194244604,0.5077308817384036,-0.164079822616408,0.0620155038759689,,,,0.0,0.0,0.0,0.8824709185720016,-0.0175844516427579,-0.3009708737864077,0.0693562281892914,-5.805424638721558,0.0,1.2826446280991737,0.3333333333333333,,46.0227,0.0657893007504632
2017-03-31,0.2233220372040861,0.0,,-0.0020345879959308,0.2739911417322834,0.125465178096757,0.0,-0.120186957489428,0.0,,-0.501986276634164,0.3146710257458112,0.0,0.1838316722037652,-0.3291421254801536,,0.5966228893058161,0.0444444444444444,0.4011656834174426,1.051877328747492,10.436337625178826,0.3221875679988394,-0.0659485601231039,0.3845845042151746,-0.308235294117647,,-0.1556307394876752,-0.1111846459298477,-0.2227342549923195,0.0008462026655383,-0.2613768961493582,-0.0463520904792806,0.9824130879345604,0.0,0.0,-0.1411764705882353,0.0,0.0,-0.9716981132075472,-0.0612593663730774,0.0,,-0.9169544296631758,,0.3184551618390474,,-0.2109249364527675,-0.2726814516129032,0.291410471399292,,,,-0.1535580524344569,0.2233220372040861,-0.3253863854433586,0.5092696279706358,0.3794561610105984,,,,0.054866100587851,-0.2666666666666666,-1.2661654135338345,0.232996632996633,0.3155006858710562,0.6341804457040685,0.2124645892351274,-0.0378571428571428,-0.7410327158060701,-0.7567993693338589,-0.2019876730353126,,0.1630434782608695,-2.071428571428572,0.15625,0.696551724137931,0.2391304347826087,-1.568627450980392,0.6594078793106048,-0.3888888888888889,0.4905626335907171,0.3685300207039337,0.0112359550561797,,-0.24,-0.32,-0.25,-0.2120022163868077,-0.6141514629948365,0.0,0.0,-0.1523086622430571,0.5,0.9957805907172996,,-0.5455659157421902,0.1604938271604938,-0.1376095882809899,-0.0166666666666666,0.5423728813559322,-0.460431654676259,-0.0940242373589636,0.1019955654101995,0.0620155038759689,,,,0.0,0.0,0.0,-0.0320898515844364,-0.0620083294770939,-0.3009708737864077,0.3613824521442025,0.1872717625394051,0.0,0.687603305785124,-0.2336448598130841,,45.5961,0.0757594182454945
2016-12-31,0.2123997366945413,0.0,,-0.0305188199389623,0.2554133858267716,0.1420520999468368,1.2229787234042553,-0.4673937235699977,0.0,,-0.4947634525099313,0.3097670617082141,0.0,0.1063122923588039,-0.3240204865556978,,0.5232436939754013,0.0666666666666666,0.2990973061340536,0.643737460590427,-0.3090128755364807,0.2183216073112352,0.0184655968344691,0.3598287167135019,-0.14,-3.2310469314079424,-0.1367810536491058,0.8352084712111185,-0.0906298003072196,0.0,0.0186697782963827,1.2329656067488644,0.9877300613496932,0.0,0.0,-0.1411764705882353,5556000000.0,0.0,-0.9716981132075472,-0.0586302090180097,0.0,,-0.6871214265496745,,0.2940175854716212,,-0.2113399387871556,-0.3034274193548387,0.2820197503260667,,,,-0.1026217228464419,0.2123997366945413,-0.3204083943863194,-0.5881547841234291,0.3596510009634943,,,,0.0822991508817766,0.2666666666666666,0.6646616541353384,0.0956228956228956,-0.1783264746227709,-0.0153844312974032,0.9773371104815864,-0.1521428571428571,-0.693732755222704,-0.7515438181579294,0.6859958706859672,,0.0978260869565217,-0.5714285714285714,0.15625,0.3145888594164456,-0.0108695652173913,-0.0392156862745098,0.1547985196297154,-0.6746031746031746,0.6784376847531195,0.525879917184265,0.2921348314606741,,-0.56,1.8733333333333333,-5.5,0.0867281794309667,-0.0289535283993115,0.0,0.0,-0.6616687785968877,0.0,0.919831223628692,,-0.8776968624515076,0.0864197530864197,-0.6081455998224392,-0.45,0.2711864406779661,-0.3741007194244604,-0.5495194316757208,-0.0066518847006651,-0.0620155038759689,,,,0.0,0.0,0.0,-0.529482551143201,-0.3544655252198056,-0.343042071197411,0.2737745849577292,0.3745435250788102,0.0,0.2181818181818181,-0.6697819314641744,,42.9306,0.1264655220314497
2016-09-30,0.1573006314454982,0.0,,-0.1200406917599186,0.1748277559055118,0.1803296119085592,0.0,0.0311595815713331,0.0,,-0.3864210906464427,0.0841847159787494,0.0,-0.0099667774086378,-0.2779257362355954,,0.2038774233896185,0.0,0.2430876394910796,0.4144453998280309,0.2031473533619456,0.1637774715311525,-0.0413277643438118,0.297470895222802,-0.1329411764705882,,-0.0932817786370227,-0.1111846459298477,0.0230414746543778,0.0050772159932303,0.1306884480746791,0.1501807731528692,1.0,0.0,0.0,0.3529411764705882,0.0,0.0,-0.9716981132075472,-0.0191928486919942,0.0,,-1.001868100764223,,0.2392965811351493,,-0.2088499247808269,-0.4465725806451613,0.2414756847400782,,,,-0.1116104868913857,0.1573006314454982,-0.2756064748729679,0.4282692546970262,0.3097634086286265,,,,0.0587851077726975,0.0,-0.1894736842105263,0.2949494949494949,-1.127572016460905,-1.0136630843733494,0.1954674220963173,0.0478571428571428,-0.7200105111023518,-0.7042438575745631,1.5701683262367696,,0.0543478260869565,-1.1428571428571428,0.03125,-0.3220159151193634,-0.2391304347826087,-0.0392156862745098,-0.6734190163682661,2.515873015873016,0.4368840475443165,-0.186335403726708,0.1123595505617977,,0.0,-0.1533333333333333,0.0,-0.1830928232431521,1.048499139414802,0.0,0.0,2.059912235254461,0.5,1.0886075949367089,,0.646838630640441,0.037037037037037,1.7933636666296748,1.4,0.4293785310734463,-0.3453237410071942,1.7321353949017968,-0.1019955654101995,0.0,,,,0.0,0.0,0.0,2.7918170878459687,0.5765849143914854,-0.2977346278317152,0.1350621285791464,-5.618152876182153,0.0,2.452892561983471,1.4299065420560748,,40.3825,0.214646092702667
2016-06-30,0.1240461272155447,0.0,,-0.1525940996948118,0.1662155511811023,0.0650717703349282,0.0,-0.0267082127754284,0.0,,-0.7721198988804623,0.0997139354311401,0.0,-0.0243632336655592,-0.3035339308578745,,0.3197831978319783,-0.0888888888888888,0.2922737934465846,0.6093436514760676,0.4463519313304721,0.2125190396750562,-0.0457243350186854,0.2542486283955573,-0.1388235294117647,,-0.4229096181730304,-0.1111846459298477,0.0414746543778801,0.0042310133276919,-0.0373395565927654,0.0982664318160749,0.9630538513974096,0.0,0.0,0.3764705882352941,0.0,0.0,-0.9716981132075472,-0.1595898514526094,0.0,,-0.9158222473818284,,0.2070964805098349,,-0.209264927115215,-0.5509072580645161,0.210322340227315,,,,-0.1191011235955056,0.1240461272155447,-0.3004964301581632,0.388080129401518,0.2751846697355743,,,,0.054866100587851,0.0,0.4661654135338345,0.2707070707070707,-0.0658436213991769,0.3059792446927985,0.3144475920679886,0.0478571428571428,-0.7200105111023518,-0.730521613454211,0.1143326451143278,,-0.0326086956521739,-1.2142857142857142,0.03125,-0.2795755968169761,-0.967391304347826,-0.0392156862745098,0.7389387023037886,0.2936507936507936,0.4189911855288496,-1.370600414078675,0.348314606741573,,,-0.22,0.25,-0.2216386807680262,-0.2458209982788296,0.0,0.0,0.2421957415996155,0.0,0.9704641350210972,,-0.3903899816239025,-0.0617283950617283,0.1819997780490511,0.1633333333333333,0.3389830508474576,-0.3453237410071942,0.2026744671959883,-0.2483370288248337,-0.0620155038759689,,,,0.0,0.0,0.0,0.529482551143201,-0.2230448866265617,-0.3462783171521035,0.0109509833983091,-5.493305034489216,0.0,0.9785123966942147,0.0467289719626168,,43.6202,-0.1081081705713368
2016-03-31,0.0842577467879172,0.0,,-0.17293997965412,0.1225393700787401,0.0425305688463583,0.0,-0.1424438014689517,0.0,,-0.8342361863488624,0.1471189211279117,0.0,0.0332225913621262,-0.3035339308578745,,-0.1730248071711486,-0.1333333333333333,0.23057786623072,0.0441387216967612,-0.2589413447782546,0.1495611808225139,-0.0510002198285337,0.210892546500736,-0.2988235294117647,,-0.2498791686805219,-0.1111846459298477,-0.4746543778801843,0.1210069811719906,-0.1866977829638273,-0.1613052748678965,0.0,0.0,0.0,0.2823529411764706,0.0,0.0,-0.9716981132075472,-0.1822006047061916,0.0,,-0.8082649306538353,,0.1810297323845803,,-0.1519946049696529,-0.5710685483870968,0.2455002794857462,,,,-0.1280898876404494,0.0842577467879172,-0.3004964301581632,0.3477665795694911,0.2404988759233486,,,,0.054866100587851,-0.1333333333333333,-1.5609022556390977,0.3111111111111111,-0.6063100137174211,-0.4769173702195016,0.5637393767705382,-4.009285714285714,0.7462882669819998,-0.730521613454211,-0.1333880859667158,,0.0869565217391304,-0.6428571428571429,0.03125,0.6435013262599469,-0.3043478260869565,-0.0392156862745098,0.4701793694302713,-0.5317460317460317,0.4488126222212944,0.4596273291925465,0.8426966292134831,,-11.36,-0.1133333333333333,0.25,-0.2312751451492447,-0.5039965576592083,0.0,0.0,-0.267164374754215,0.5,0.9620253164556962,,-0.687129925815014,0.074074074074074,-0.2707801575851736,-0.14,0.4632768361581921,-0.2589928057553957,-0.236105307145842,0.0,-0.0620155038759689,,,,0.0,0.0,0.0,-0.4492579221821099,-0.2100879222582138,-0.3592233009708738,0.2932429998880566,-0.0624239208464683,0.0,0.7074380165289256,-0.2149532710280373,,40.4404,-0.0379811839081033
2015-12-31,0.1091254845551844,0.0,,-0.0712105798575788,0.1444389763779527,0.0752791068580542,1.1761702127659577,-0.342755397284665,0.0,,-0.8371253159985554,0.1201471189211279,0.0,0.0299003322259136,1.125403329065301,,0.0387742338961851,-0.7777777777777778,0.1452839576373587,0.0212095156205216,-0.7181688125894135,0.143468484804526,0.0712244449329523,0.1839957179178375,0.2411764705882353,,-0.2126631222812953,0.8669755129053607,-0.3056835637480798,0.1205838798392214,0.0700116686114352,1.1291369240752758,0.0,0.0,0.0,0.3294117647058823,0.0,0.0,-0.9716981132075472,-0.1832522676482187,0.0,,-0.6452306821398245,,0.1614796712906394,,-0.152202106136847,-0.6088709677419355,0.2341717905720141,,,,-0.0127340823970037,0.1091254845551844,1.0883630747557362,0.3227572477292522,0.2189808371694679,,,,0.0600914435009797,1.2,-0.2917293233082706,0.0309764309764309,0.5733882030178327,1.105969672157769,0.5580736543909348,3.119285714285714,-0.4099329917225069,0.7357771646301405,0.4001642579001476,,-0.0543478260869565,-2.4285714285714284,0.0625,0.1554376657824933,0.717391304347826,-0.0392156862745098,1.0460922255878082,-0.4047619047619047,0.7172055524532978,1.279503105590062,0.3707865168539326,,8.6,1.3666666666666667,-0.25,-0.2312751451492447,-0.3318795180722891,0.0,0.0,-0.6516813253350479,0.0,0.8776371308016878,,-0.9457564826788266,-0.0864197530864197,-0.6170236377760515,-0.5066666666666667,0.1016949152542373,-0.2877697841726618,-0.5704137066443794,-0.1019955654101995,-0.1860465116279069,,,,0.0,0.0,0.0,-0.4653028479743281,-0.4433132808884775,-0.4077669902912621,0.2178028920330379,0.5618152876182153,-1000000.0,0.2049586776859504,-0.6884735202492211,,34.5818,0.1250003643985529
2015-09-30,0.0914742667674378,0.0,,-0.0101729399796541,0.1138041338582677,0.1041998936735778,0.0,0.3917204540396172,0.0,,-0.7302275189599133,0.1634654679199019,0.0,0.301218161683278,-0.0013572343149807,,0.3689806128830519,-0.7555555555555555,0.0892742909943848,0.5738033820578963,,0.0224849495901936,0.0131897120246207,0.1181587046701458,0.3188235294117647,,-0.1797970033832769,-0.1111846459298477,0.0937019969278033,-0.2597842183202877,0.116686114352392,0.1946787800129786,0.0,0.0,0.0,0.2823529411764706,0.0,0.0,-0.9716981132075472,-0.1443407387932167,0.0,,1.1651287857345032,,0.1378087639857207,,-0.3387456554443119,-0.4808467741935484,0.1380286938699459,,,,-0.0187265917602996,0.0914742667674378,-0.0067949577928583,0.2615403757621002,0.1663098169360882,,,,0.0718484650555192,0.2666666666666666,0.0030075187969924,0.373063973063973,-0.943758573388203,-0.770930946125431,,0.9764285714285714,-0.7778215740375772,-0.420444094074366,1.4367802402700538,,-0.0760869565217391,0.0714285714285714,-0.09375,-0.4493368700265252,0.1847826086956521,-0.0392156862745098,-0.48967539083229,2.0873015873015874,0.3623304558132045,0.0786749482401656,-0.1235955056179775,,2.6,0.0533333333333333,0.25,-0.1927292876243706,1.0140757314974185,0.0,0.0,1.8052321770775464,0.5,1.080168776371308,,0.4399373851493908,-0.1111111111111111,1.5137054710908888,1.15,0.2937853107344633,-0.2302158273381295,1.4605098203092353,-0.0155210643015521,-0.3100775193798449,,,,0.0,0.0,0.0,2.3906939430405134,0.5284590467376215,-0.3333333333333333,0.2567397218936927,0.0,0.0,2.28099173553719,1.2679127725856698,,33.4823,0.161942039894618
2015-06-30,0.0615354609064534,0.0,,-0.0427263479145473,0.1067913385826771,-0.0021265284423179,0.0,0.3917204540396172,0.0,,-1.082701336222463,0.1855333060890887,0.0,0.3078626799557032,-0.3598719590268886,,0.4248488638732541,-0.6888888888888889,0.1384604449498898,0.6918887933505302,,0.0523681729165155,0.0079138272147724,0.0752040679780543,0.328235294117647,,-0.3006283228612856,-0.1111846459298477,0.1397849462365591,-0.2597842183202877,-0.1073512252042007,0.050060257717623,0.0,0.0,0.0,0.2823529411764706,0.0,0.0,-0.9716981132075472,-0.2726436177205206,0.0,,1.0247381828474385,,0.1076211696494885,,-0.3387456554443119,-0.5433467741935484,0.1195453698528041,,,,-0.0277153558052434,0.0615354609064534,-0.3552543317855929,0.2216000995396292,0.1319451878813831,,,,0.054866100587851,0.9333333333333332,0.3759398496240601,0.5104377104377105,-0.48559670781893,-0.1999976068662426,,-0.0807142857142857,-0.7567993693338589,-0.7883326763894364,0.3239424944905956,,-0.108695652173913,-0.7142857142857143,-0.0625,-0.4705570291777188,0.0978260869565217,-0.0392156862745098,0.2836933017221165,0.0079365079365079,0.2191875596894693,-0.2608695652173913,0.0561797752808988,,-0.36,0.2866666666666667,0.25,0.452913825917271,0.174144578313253,0.0,0.0,-0.1672898421358168,0.0,0.978902953586498,,-0.4666167562784999,-0.1481481481481481,-0.1953168349794695,-0.1433333333333333,0.2598870056497175,-0.3453237410071942,-0.1650647722524028,-0.1108647450110864,-0.2480620155038759,,,,0.0,69000000.0,0.0,0.0,-0.2711707542804257,-0.1521035598705501,0.015818087130891,0.4369674459252786,52000000.0,0.6545454545454545,0.0654205607476635,,29.5326,0.038215234206987
2015-03-31,0.0353999561157568,0.0,,-0.0590030518819938,0.0812007874015748,-0.0276448697501329,0.0,0.2092143334075228,0.0,,-1.1549295774647887,0.1160604822231303,0.0,0.3255813953488372,-0.3393854033290653,,0.3948301021471753,-0.6222222222222222,0.1182742199161276,0.7537976497563772,,0.0329295713353158,0.0026379424049241,0.0369329586511441,0.3305882352941176,,-0.3296278395360077,-0.1111846459298477,0.0353302611367127,-0.3109794795853607,-0.3453908984830805,-0.1427644386761843,0.0,0.0,0.0,0.188235294117647,0.0,0.0,-0.9716981132075472,-0.2989351912711976,0.0,,1.0394565525049533,,0.0817460887898608,,-0.3638532966747937,-0.5690524193548387,0.0939072107322526,,,,-0.0367041198501872,0.0353999561157568,-0.3353423675574367,0.1860146820953092,0.1013274809977518,,,,0.054866100587851,,-1.2962406015037593,0.5023569023569023,0.0,0.4119608825193545,,-0.0092857142857142,-0.7620549205097885,-0.7673104716857181,-0.3277535826610732,,-0.0869565217391304,-1.5714285714285714,-0.09375,0.8557029177718833,-0.5869565217391305,-0.0392156862745098,0.4592096007415563,-0.2777777777777778,0.2012946976740025,-0.3933747412008281,0.6853932584269663,,-0.16,-0.4666666666666667,0.75,-0.2698210026741188,-0.39384165232358,0.0,0.0,-0.0774027627792585,0.5,1.0548523206751057,,-0.5972912271149527,-0.1234567901234567,-0.1198535123737654,-0.08,0.2824858757062147,-0.4028776978417266,-0.0856665273715002,0.1906873614190687,-0.2790697674418604,,,,0.0,0.0,0.0,0.1123144805455274,0.0157334567329939,-0.3689320388349514,0.509829115987949,0.3121196042323418,0.0,0.7272727272727273,-0.1962616822429906,,32.7218,-0.0953074887316263
2014-12-31,0.0151156837408879,0.0,,-0.0793489318413021,0.0545029527559055,-0.0238171185539606,1.3463829787234045,-0.3739149788559982,0.0,,-1.1664860960635608,-0.0179812014711892,0.0,0.3421926910299003,-0.3445070422535211,,0.1688555347091932,1.2444444444444445,0.0500390930414386,0.1794210375465749,-1.111587982832618,-0.0369913686806411,0.072103759067927,0.0,0.3929411764705882,,-0.3939101014983083,0.9781601588352083,-0.1705069124423963,-0.2009731330653691,0.0046674445740956,0.8843978863446742,0.0,0.0,0.0,0.188235294117647,0.0,0.0,-0.9716981132075472,-0.3031418430393059,0.0,,-0.5444664590999151,,0.056733510625554,,-0.3099029932043368,-0.672883064516129,0.1019564002235886,,,,-0.0112359550561797,0.0151156837408879,-0.3403203586144757,0.1516735100161751,0.0717803233058559,,,,0.0796864794252122,2.2666666666666666,0.5082706766917293,0.3245791245791246,0.0219478737997256,0.4358922200930929,-1.368271954674221,-0.1378571428571428,-0.7200105111023518,-0.7725660228616477,-0.1371991741371934,,-0.3369565217391304,-3.071428571428572,-0.09375,0.4525198938992042,-0.1739130434782608,-0.0392156862745098,0.4921189068077013,-0.1507936507936507,0.4607411968982723,0.1283643892339544,-1.5617977528089888,,-0.52,0.3666666666666666,0.0,-0.3469127177238671,-0.5212082616179001,0.0,0.0,-0.6217189655495284,0.0,0.8945147679324894,,-1.0029265636697746,-0.4074074074074074,-0.6614138275441127,-0.5633333333333334,0.0225988700564971,-0.1438848920863309,-0.6330965315503552,0.0687361419068736,-0.6821705426356589,,,,0.0,0.0,0.0,-0.6257521058965102,-0.3285515964831096,-0.4271844660194174,0.4197876969351848,0.8739348918505572,2000000.0,0.3107438016528925,-0.5700934579439252,,35.411,-0.0995000797139407
2014-09-30,-0.0629007484701465,-0.6527545909849749,,-0.1607324516785351,-0.0514271653543307,0.0021265284423179,0.0,0.3650122412641887,0.0,,-1.0928132899963885,-0.3064977523498161,0.0,0.0509413067552602,-0.3035339308578745,,0.0604544506983531,-0.7333333333333333,-0.0253038595493638,0.2229865290914302,,-0.1115543628055414,0.0131897120246207,-0.0579419242606717,0.2705882352941176,,-0.2957950700821653,-0.1111846459298477,-0.1152073732718894,-0.3257880262322826,0.1773628938156359,-0.0241030870492259,0.0,0.0,0.0,0.5411764705882353,0.0,0.0,-0.9716981132075472,-0.2763244380176153,0.0,,0.8073591848287575,,-0.0099666978125973,,-0.3711158375265861,-0.8926411290322581,-0.0070057760387553,,,,-0.0187265917602996,-0.0629007484701465,-0.3004964301581632,0.0977976857036207,0.0254255433037148,,,,0.0770738079686479,1.2,-0.7428571428571429,0.4942760942760942,-0.7709190672153635,-0.552130145451251,,-0.495,-0.5465773222966759,-0.730521613454211,0.6288295481288033,,-0.2826086956521739,-1.4285714285714286,-0.15625,-0.6721485411140583,0.7608695652173914,-0.0392156862745098,-0.3196439761572077,1.8492063492063493,0.18638397932778,0.650103519668737,-0.7078651685393258,,-1.52,-0.8,0.0,-0.2409116095304632,0.4873975903614458,0.0,0.0,1.4906273993295922,0.5,1.021097046413502,,0.205812291567413,-0.345679012345679,1.2606813894129398,0.8966666666666666,0.0790960451977401,-0.2302158273381295,1.1888842457166735,-0.2328159645232816,-0.3720930232558139,,,,0.0,0.0,0.0,2.166064981949458,0.2267468764460897,-0.401294498381877,0.0693562281892914,0.686663129311152,-1000000.0,1.9570247933884293,0.956386292834891,,29.1448,0.1296649244722394
2014-06-30,-0.0909866640661189,-0.654424040066778,,-0.1525940996948118,-0.062007874015748,-0.0837852206273259,0.0,0.5430669931003783,0.0,,-1.377392560491152,-0.2746219861054352,0.0,0.0,-0.1345198463508322,,0.2213883677298311,-0.6444444444444445,-0.023313668348852,0.2688449412439094,,-0.0999492275331834,0.0087931413497471,-0.0934029171684731,0.2976470588235294,,-0.3934267762203963,-0.1111846459298477,0.434715821812596,-0.3257880262322826,-0.1493582263710618,0.380087141930101,0.0,0.0,0.0,0.5411764705882353,0.0,0.0,-0.9716981132075472,-0.3799132378072827,0.0,,0.8175488253608831,,-0.0397709576175758,,-0.3711158375265861,-1.033266129032258,-0.0485932550773243,,,,-0.0262172284644194,-0.0909866640661189,-0.136222725275874,0.0648251835261913,-0.0029440102772722,,,,0.054866100587851,2.0,-0.1774436090225564,0.4538720538720538,-0.2277091906721536,0.1384598816766295,,0.2621428571428571,-0.6516883458152674,-0.557088424648535,0.1181437332848054,,-0.3260869565217391,-1.9285714285714288,-0.15625,-0.6509283819628647,0.6304347826086957,-0.0392156862745098,1.6850812517054563,0.1825396825396825,0.2698840020666255,0.2028985507246377,0.1573033707865168,,0.6,-0.0066666666666666,0.25,-0.308366860198993,-0.0702616179001721,0.0,0.0,0.2921330079088146,0.0,0.9620253164556962,,-0.4747839107057782,-0.3950617283950617,0.213072910886694,0.0966666666666666,0.0338983050847457,-0.1438848920863309,0.1901379022147931,-0.2594235033259423,-0.2480620155038759,,,,0.0,0.0,0.0,0.6417970316887285,-0.2378528459046737,-0.4368932038834951,0.0669226763230004,0.8739348918505572,-1000000.0,0.9983471074380166,0.0654205607476635,,30.775,0.0698234349919741
2014-03-31,-0.1321403320574396,-0.657762938230384,,-0.1444557477110885,-0.1066683070866141,-0.1088782562466773,0.0,0.4896505675495214,0.0,,-1.4510653665583244,-0.2689006947282387,0.0,0.0044296788482834,-0.2369526248399487,,0.5657702730873463,-0.5333333333333333,-0.0639704314450209,0.7687016337059329,,-0.1472401537680423,0.0043965706748735,-0.1336812525090325,0.1505882352941176,,-0.4219429676172064,-0.1111846459298477,0.5084485407066052,-0.5792257245610324,-0.4620770128354726,0.3207564661166218,0.0,0.0,0.0,0.4705882352941176,0.0,0.0,-0.9716981132075472,-0.4067306428289733,0.0,,0.8752901217095952,,-0.0682335465631663,,-0.4954090366758313,-1.1224798387096775,-0.1642630892491149,,,,-0.0337078651685393,-0.1321403320574396,-0.2357825464166553,0.0273733980340923,-0.0351675409485065,,,,0.054866100587851,7.466666666666667,-0.6827067669172933,0.8417508417508418,-0.1975308641975308,0.165809981760902,,-0.0807142857142857,-0.6306661411115491,-0.6621994481671265,-0.5526077847192514,,-0.2826086956521739,5.5,-0.15625,1.1421750663129973,-1.0,-0.0392156862745098,0.7032869540654648,0.2619047619047619,0.2549732837204032,-0.7080745341614907,-1.0449438202247192,,-0.36,-0.8866666666666667,1.0,-0.2023657520055891,-0.6589018932874354,0.0,0.0,-0.1423212089812173,0.5,1.0717299578059072,,-0.651738923296808,-0.345679012345679,-0.1598046831650205,-0.17,0.0790960451977401,-0.3741007194244604,-0.1274550773088174,0.2971175166297117,-0.1550387596899224,,,,0.0,0.0,0.0,0.080224628961091,0.0860712633040259,-0.401294498381877,0.6509751242328228,0.3745435250788102,-1000000.0,0.6545454545454545,-0.2710280373831775,,30.7008,-0.0932145507562373
2013-12-31,-0.1442328790501499,-0.6494156928213689,,-0.0834181078331637,-0.1257381889763779,-0.0956937799043062,0.0,0.0890273759180948,0.0,,-1.4496208017334775,-0.2656313853698406,0.0,-0.0354374307862679,-0.2164660691421255,,0.3456326870961017,0.0222222222222222,-0.1128722723718814,0.2573803382057896,,-0.195981721911946,0.0852934710925478,-0.1631205673758865,0.3058823529411765,,-0.4755920734654422,0.8656518861681006,0.2442396313364055,-0.4616035540511952,0.014002333722287,1.236673773987207,0.0,0.0,0.0,0.4705882352941176,0.0,0.0,-0.9716981132075472,-0.4062048113579597,0.0,,-0.505972261534107,,-0.0927669565634059,,-0.4377237121958811,-1.2076612903225807,-0.1480156512017887,,,,0.0112359550561797,-0.1442328790501499,-0.2158705821884991,0.0,-0.0587196231666845,,,,0.0875244937949052,,0.3218045112781955,-2.9562289562289563,,0.4290546950720247,,-2.3664285714285715,0.2312442517409013,-0.6411772434634082,-0.0190554408523879,,-0.3804347826086957,0.0,-0.15625,0.6222811671087534,0.2391304347826087,-0.0392156862745098,1.5616713539574123,,0.2400625653741807,,,,,0.2266666666666666,0.75,-0.5396420053482377,-0.15976247848537,0.0,0.0,-0.5967503323949289,0.0,0.0,,-0.9266997890151772,-0.4567901234567901,-0.4882920874486738,-0.4466666666666666,-0.0225988700564971,,-0.4408692018386962,-0.1396895787139689,0.3720930232558139,,,,0.0,0.0,0.0,-0.5776173285198556,-0.4173993521517816,-0.4854368932038835,0.2348377550970743,0.4369674459252786,0.0,0.0,-0.5700934579439252,,26.675,0.0436394557823128
2013-09-30,-0.0132627934758758,-0.654424040066778,,0.0101729399796541,0.0346948818897637,-0.0829346092503987,0.0,5.32383707990207,0.0,,-1.362946912242687,0.1503882304863097,0.0,0.4219269102990033,0.4954417413572343,,0.9851990827600584,0.0444444444444444,-0.2229014144573175,0.2367440527371739,,-0.2679335606005657,0.0237414816443174,-0.2127659574468085,1.836470588235294,,-0.3924601256645723,-0.1111846459298477,-0.0629800307219662,-0.5589168605881109,0.2707117852975496,-0.2169277834430333,0.0,0.6923076923076923,0.0,-0.0470588235294117,0.0,0.0,-0.9716981132075472,-0.3746549230971474,0.0,,1.3689215963770167,,-0.0887419439852416,,-0.4854489806505161,-0.8210685483870968,-0.0679709334823924,,,,-0.0007490636704119,-0.0132627934758758,0.4760701747399311,-0.0461615030484011,-0.0984369981800663,,,,0.0875244937949052,,,-1.0976430976430978,,-0.5213612828564445,,0.605,0.0,0.2207331493890421,0.6173962836173705,,-0.4673913043478261,0.0,-0.15625,-0.6827586206896552,0.9891304347826086,-0.0392156862745098,-0.294961996607599,0.5476190476190477,0.031312508527067,,,,,-1.1466666666666667,0.0,0.32763978896143,0.6560722891566265,0.0,0.0,1.5106023058532718,0.5,1.021097046413502,,0.1894779827128564,-0.5555555555555556,1.2917545222505826,0.8633333333333333,-0.1129943502824858,-0.2014388489208633,1.213957375679064,-0.3170731707317073,-0.2790697674418604,,,,0.0,0.0,0.0,2.0537505014039312,0.1675150393336418,-0.4401294498381877,0.0060838796657273,0.7490870501576204,-3000000.0,2.0297520661157025,1.0124610591900312,,25.4191,0.0951999460623534
2013-06-30,-0.0238925323646293,-0.656093489148581,,-0.0061037639877924,0.045890748031496,-0.1679957469431153,0.0,5.390607611840641,0.0,,-1.6590827013362224,0.2362076011442583,0.0,0.4097452934662237,0.3981306017925736,,1.0335626433187408,0.1333333333333333,-0.2103916411969578,0.2654055603324735,,-0.260680351055342,0.0193449109694438,-0.2439448681921584,1.9952941176470589,,-0.4891251812469792,-0.1111846459298477,-0.0506912442396313,-0.5589168605881109,-0.0560093348891481,-0.165013442106239,0.0,0.6923076923076923,0.0,0.188235294117647,0.0,0.0,-0.9716981132075472,-0.4824503746549231,0.0,,1.3236343051231247,,-0.1121253503917199,,-0.4854489806505161,-0.8044354838709677,-0.0630519843487982,,,,-0.0082397003745318,-0.0238925323646293,0.3814883446561888,-0.0751524200572352,-0.1233807943475002,,,,0.054866100587851,,,-0.0309764309764309,,-0.2991417196717304,,-0.1807142857142857,0.0578110629352253,-0.0105111023518591,0.0190554408523879,,-0.532608695652174,0.0,-0.15625,-0.4705570291777188,-0.3804347826086957,-0.0392156862745098,-0.1167032554159804,-0.0396825396825396,-0.1565625426353352,,,,,0.4466666666666666,0.0,0.0289093931436555,0.3324922547332186,0.0,0.0,-0.0973776693029381,-1.0,0.9367088607594936,,-0.6626284625331791,-0.6296296296296297,-0.0799023415825102,-0.1866666666666666,-0.1807909604519774,-0.316546762589928,-0.0647722524028416,-0.1596452328159645,0.0930232558139534,,,,0.0,0.0,0.0,0.1123144805455274,-0.2674687644608977,-0.4627831715210356,0.1959009252364195,0.4993913667717469,-10000000.0,0.7008264462809918,-0.2772585669781931,,24.7808,-0.0295474271543707
2013-03-31,-0.0554891874100982,-0.659432387312187,,-0.1851475076297049,0.0071358267716535,-0.1718234981392876,0.0,5.087914533719118,0.0,,-1.6561935716865297,0.2174090723334695,0.0,0.388704318936877,0.4544686299615877,,0.4423598082134667,0.1333333333333333,-0.2206269102281612,-0.3697334479793637,,-0.2679335606005657,0.0149483402945702,-0.269771176234444,1.8635294117647057,,,-0.1111846459298477,-0.0414746543778801,-0.335096255553205,-0.2893815635939323,-0.4876239918420321,0.0,-10.923076923076923,0.0,0.0470588235294117,0.0,0.0,-0.9716981132075472,-0.8831339555672407,0.0,,1.339484857061987,,-0.1324420805481684,,,,-0.0043227128749767,,,,,-0.0554891874100982,0.4362462462836186,-0.0991663556053253,-0.1440423937479927,,,,0.054866100587851,,,0.8686868686868687,,-0.4119608825193545,,-0.3521428571428571,0.1786887399816055,0.0472999605833661,-0.0190554408523879,,-0.4347826086956521,0.0,-0.15625,1.0254641909814324,-0.6086956521739131,-0.0392156862745098,-0.2072038470978791,-0.4523809523809524,-0.2400625653741807,,,,,0.4866666666666667,1.0,0.1349105013370594,0.3944543889845094,0.0,0.0,-0.5018695264074506,0.5,0.0,,-0.8477506295514871,-0.5185185185185185,-0.4394628787038064,-0.4266666666666667,-0.0790960451977401,,-0.3823652319264521,0.1685144124168514,0.1240310077519379,,,,0.0,0.0,0.0,-0.3850782190132371,-0.1341971309578898,-0.4368932038834951,0.5365981865171492,0.2496956833858734,0.0,0.0,-0.5327102803738317,,24.9529,-0.040139808682855
2012-12-31,-0.066899090620962,-0.659432387312187,,-0.0427263479145473,-0.0381397637795275,-0.0650717703349282,0.0,-0.0801246383262853,0.0,,-1.3066088840736727,0.3212096444626072,0.0,0.5238095238095238,0.7003072983354673,,-0.2905982905982906,0.0888888888888888,-0.0002843130286445,-0.3697334479793637,,-0.0291579023717995,0.0712244449329523,-0.1777064097417369,0.7729411764705882,,,1.3090668431502317,-0.0199692780337941,0.0131161413158451,0.8448074679113186,0.5654955038472235,0.0,-10.923076923076923,0.0,0.2117647058823529,0.0,0.0,-0.9716981132075472,-0.8831339555672407,0.0,,-0.4482309651853948,,-0.0548168379692853,,,,0.071846469163406,,,,,-0.066899090620962,0.6751898170214937,-0.0135622744805275,-0.0703886093565999,,,,0.054866100587851,,,-1.843771043771044,,-0.4803361327300357,,-1.295,0.7778215740375772,0.2995664170279858,-0.2096098493762677,,0.4347826086956521,1.2857142857142858,-0.125,0.579840848806366,0.2934782608695652,-0.0392156862745098,0.1630258461462517,-1.0555555555555556,0.0104375028423556,,,,,1.4933333333333334,470.25,-1.3394685489893758,-0.0668192771084337,0.0,0.0,-10.529272601294624,0.0,0.0,,-0.964813176342476,0.4691358024691358,-0.6569748085673066,-0.5666666666666667,0.0,,-8.744254074383619,0.3569844789356984,0.4031007751937984,,,,0.0,0.0,0.0,-13.172884075411153,-0.0712633040259139,-0.4110032362459547,0.7239816802215505,-121.3521021255345,0.0,0.0,-0.8130841121495327,,21.6307,0.0943168471877855
2012-09-30,0.0952775678377258,-0.662771285475793,,0.9867751780264497,0.0115649606299212,0.4699627857522594,0.0,0.6810594257734254,0.0,,0.5034308414590105,0.1626481405803024,0.0,0.4008859357696567,1.156133162612036,,-0.4173441734417344,-0.1777777777777777,-0.0224607292629184,-0.5348237317282889,,-0.025966490171901,0.012310397889646,0.0547303626388331,0.8164705882352942,,,-0.1111846459298477,0.1397849462365591,0.0786968478950708,1.087514585764294,-0.0537684249559655,1.0942058623040218,606.4615384615385,8026000000.0,0.4470588235294118,8026000000.0,0.0,147.78301886792454,3.337189430787433,-8026000000.0,,1.3994905179733936,,0.1010086489853614,,,,0.1547233091112353,,,,,0.0952775678377258,1.118231021097971,0.2025631454522831,0.1155657852478321,,,,0.0587851077726975,,,-1.0383838383838384,,-0.0803409189975504,,2.5621428571428573,-0.173433188805676,0.7673104716857181,0.6555071653221465,,-0.5108695652173914,0.0,-0.15625,-0.693368700265252,0.0652173913043478,-0.0392156862745098,2.1266144414262347,0.4365079365079365,-0.0670982325580008,,,,,-0.9733333333333334,4.0,-0.1252740369558409,0.8040929432013769,0.0,0.0,1.7003639178282284,0.5,0.0,,1.5588375416865174,-0.6049382716049383,1.5669736988125624,1.0566666666666666,-0.1581920903954802,,1.4981195152528208,0.3370288248337029,0.4961240310077519,,,,0.0,0.0,0.0,1.5884476534296028,0.8394261915779732,0.9676375404530744,-0.3346133816150023,0.4369674459252786,0.0,0.0,1.0560747663551402,,22.6526,-0.09702022854772
2012-06-30,0.044761927981081,-0.666110183639399,,0.9338758901322484,-0.0120570866141732,0.3342902711323764,0.0,0.8457600712219008,0.0,,0.1047309498013723,0.1945239068246833,0.0,0.2646733111849391,0.2291165172855313,,-0.369814467375443,-0.1555555555555555,-0.0008529390859336,-0.5371166523359129,,-0.0564299702618408,0.0026379424049241,0.035594807975378,0.52,,,-0.1111846459298477,0.1090629800307219,0.0351174106198434,0.7607934655775963,0.0241030870492259,1.049761417859577,581.3846153846154,7700000000.0,-0.3058823529411765,7700000000.0,0.0,141.6320754716981,3.1657683712370184,-7700000000.0,,1.2885366544013586,,0.0755169026569874,,,,0.1176076020122973,,,,,0.044761927981081,0.2172146397738996,0.1847704367301231,0.1002569318060164,,,,0.054866100587851,,,-0.0336700336700336,,-0.7299057959990223,,-1.3235714285714286,0.3048219682039154,-0.1839442911575351,0.1105215569438502,,0.0,0.0,-0.15625,-0.5023872679045093,-0.9130434782608696,-0.0392156862745098,-0.4622509691105026,0.0873015873015873,-0.2072589850124914,,,,,-0.2866666666666667,-102.25,3.671492929244261,0.4736282271944922,0.0,0.0,0.3620451807416932,0.0,0.0,,0.9217994963588104,-0.5308641975308642,0.319609366330041,0.2766666666666666,0.3728813559322034,,0.3614709569577936,0.1840354767184035,0.4651162790697674,,,,0.0,0.0,0.0,-0.080224628961091,0.2082369273484497,1.0906148867313916,-0.5950034313081315,0.6242392084646836,0.0,0.0,0.1339563862928348,,22.88,-0.0712880957137467
2012-03-31,0.0368627642197137,-0.671118530884808,,1.121057985757884,-0.0071358267716535,0.2819776714513556,0.0,0.9659470287113288,0.0,,-0.0599494402311303,0.2893338782182264,0.0,0.3798449612403101,0.6951856594110115,,-0.3606420679591411,-0.1333333333333333,0.0002843130286445,-0.4270564631699627,,-0.0288677739899905,-0.0008793141349747,0.0148534725010036,0.4847058823529411,,,-0.1111846459298477,-0.250384024577573,0.0346943092870742,0.4760793465577596,-0.3949198108834708,0.0,-10.923076923076923,0.0,-0.4235294117647059,0.0,0.0,-3.650943396226415,-0.8831339555672407,0.0,,1.4062836116614774,,0.0706293873835022,,,,0.121930314887274,,,,,0.0368627642197137,0.6702118259644546,0.1654846335697399,0.0836634193341184,,,,0.054866100587851,,,0.8067340067340067,,-0.4598235576668313,,-0.695,0.5518328734726055,0.2943108658520562,0.0304887053638207,,-0.4130434782608695,0.0,-0.375,0.9087533156498674,1.1195652173913044,-0.0392156862745098,-0.2647951327136328,-0.5476190476190477,-0.1386696806198684,,,,,0.86,262.25,-4.191862005830061,0.3221652323580034,0.0,0.0,-3.6179549441014727,0.5,0.0,,0.4344926155312053,-0.4938271604938271,-0.3284874042836533,-0.3366666666666666,-0.0564971751412429,,-2.918930213121605,0.5277161862527716,0.4961240310077519,,,,0.0,0.0,0.0,-3.032490974729242,0.2045349375289218,1.019417475728155,-0.1642647509746375,-39.2646462124286,0.0,0.0,-0.6386292834890965,,21.6895,-0.0420286204922724
2011-12-31,0.1096130872565034,-0.674457429048414,,0.982706002034588,0.0244832677165354,0.4891015417331207,,0.1736033830402849,0.0,,0.6623329721921272,0.1912545974662852,0.0,0.3610188261351052,0.9359026888604354,,-0.2180529497602668,-0.1333333333333333,-0.0068235126874689,-0.4018343364860992,,-0.0224849495901936,0.0008793141349747,0.0940719925063562,0.6858823529411765,,,9.85837193911317,0.1274961597542242,0.0346943092870742,0.882147024504084,0.81765087605451,,,,-0.7764705882352941,,0.0,-0.9716981132075472,,,,1.4096801585055194,,0.1257337262512278,,,,0.1347493944475498,,,,,0.1096130872565034,0.9041774056452908,0.239143959188752,0.1470399314848517,,,,0.054866100587851,,,,,-1.058106997010292,,-3.837857142857143,1.955065037445802,0.5413217711207463,-0.2743983482743869,,-0.717391304347826,0.8571428571428571,-0.1875,0.1342175066312997,1.5217391304347827,20.431372549019606,0.6347258997609961,,-0.2311161343664473,,,,,1.2533333333333334,0.25,-0.3372762533426486,0.1534905335628227,0.0,0.0,-0.7415684046916061,0.0,0.0,,0.2929286054583815,-0.8395061728395061,-0.4616579735878371,-0.53,-0.3728813559322034,,-0.5369828666945257,0.4811529933481153,0.5581395348837209,,,,0.0,0.0,0.0,-0.6738868832731648,0.0564553447478019,1.0420711974110033,-0.2324042032307834,0.4993913667717469,0.0,0.0,-0.7133956386292835,,22.134,-0.0520603935002674
2011-11-23,,,,,,,,,,,,,,,,,,,,,,,,,,,,,,,,,,,,,,,,,,,,,,,,,,,,,,,,,,,,,,0.5333333333333333,-0.1654135338345864,-1.138047138047138,-0.6611796982167353,-3.902517405774632,0.065155807365439,-0.0235714285714285,1.955065037445802,1.944553935093943,5.693765726693528,,5.663043478260869,0.0,-3.1875,0.346419098143236,-0.0652173913043478,2.5098039215686274,-0.2017189627535216,-1.1031746031746033,1.978652324543713,,,,,,,,,0.0,0.0,-4.332057852323019,-2.0,0.0,,-2.1599401075342,,-1.2917545222505826,,,,-0.2737150020894275,-2.69179600886918,7.1937984496124034,,,,0.0,0.0,0.0,0.1604492579221821,5.975937066173068,-1.3980582524271843,-5.595952516535985,-0.1872717625394051,0.0,0.0,-3.560747663551402,,20.7504,0.0163482840374673
2011-09-30,0.0814296511202672,-0.676126878130217,,0.8565615462868769,-0.0214074803149606,0.5222753854332801,0.0,0.8190518584464723,0.0,,0.7648970747562297,-0.1577441765427053,0.0,-0.1040974529346622,2.3033802816901408,,-0.1655201167396289,-0.1333333333333333,-0.0241666074347857,-0.171395815419891,,0.0372814970624501,-0.0149483402945702,0.0600829653418975,1.1388235294117648,,,9.85837193911317,0.5821812596006144,0.0368098159509202,0.9848308051341892,-0.231760452396403,0.0,-10.923076923076923,0.0,-0.188235294117647,0.0,0.0,-3.650943396226415,-0.8831339555672407,0.0,,-0.0157373337107274,,0.061141857734972,,,,0.0697596422582448,,,,,0.0814296511202672,2.233301017874721,0.2075401269130272,0.1198479820147735,,,,0.0431090790333115,,,-0.3542087542087542,,-0.9623816467153384,,2.0335714285714284,1.1982656681119432,1.944553935093943,1.063293599563249,,-0.6956521739130435,0.8571428571428571,-0.125,-0.8843501326259947,1.2934782608695652,20.431372549019606,-0.1797794253760916,0.3888888888888889,-0.3086518697668038,,,,,-0.78,49.0,-0.2890939314365559,1.4512530120481928,0.0,0.0,1.2908783340927958,0.5,0.0,,1.7140134758048051,-0.3950617283950617,1.8510709133281544,1.2133333333333334,-0.3502824858757062,,1.1429168407856247,0.8425720620842572,0.4961240310077519,,,,0.0,0.0,0.0,1.668672282390694,1.3336418324849606,1.0258899676375404,0.1764325103060921,-7.116326976497394,0.0,0.0,0.9065420560747663,,19.6858,0.0713107870047932
2011-06-30,0.0848428700294999,-0.679465776293823,,0.7426246185147508,0.0086122047244094,0.4333864965443912,0.0,0.7789895392833296,0.0,,0.4875406283856988,-0.0228851655087862,0.0,-0.0598006644518272,1.565864276568502,,-0.2664165103189493,-0.0888888888888888,0.0696566920179117,-0.3846374319289194,,0.0912453760789149,-0.0334139371290393,0.0697176502074133,1.0482352941176472,,,-0.1111846459298477,0.9201228878648232,0.1942035117410619,0.6114352392065344,0.0352275887642532,0.0,-10.923076923076923,0.0,-0.0941176470588235,0.0,0.0,-3.650943396226415,-0.8831339555672407,0.0,,0.1359750919898103,,0.0718752246100769,,,,0.1241662008570896,,,,,0.0848428700294999,1.516470305661096,0.2164986935423665,0.1275559361952681,,,,0.0365774003919007,,,0.3434343434343434,,-1.0854570970945647,,-2.809285714285714,2.2230981474182103,1.187754565760084,-0.1333880859667158,,-0.1521739130434782,0.3571428571428571,-0.34375,-0.7888594164456233,-0.7934782608695652,1.2156862745098038,-0.2099462892700578,0.1031746031746031,-0.2132232723509804,,,,,-0.9933333333333332,19.0,-0.905827651834542,0.2602030981067125,0.0,0.0,0.1622961155048969,0.0,0.0,,0.8183488736132852,-0.4074074074074074,0.1109754744201531,0.0733333333333333,0.2146892655367231,,0.1650647722524028,0.5565410199556541,0.2170542635658914,,,,0.0,0.0,0.0,0.4171680705976734,0.4322073114298935,1.1197411003236246,-0.2080686845678742,0.5618152876182153,0.0,0.0,-0.0093457943925233,,18.8175,-0.0995135488433392
2011-03-31,0.0787965965331447,-0.674457429048414,,0.8524923702950152,0.0087352362204724,0.4065922381711855,0.0,0.9748497663031382,0.0,,0.4225352112676056,-0.0196158561503882,0.0,-0.1893687707641196,2.564583866837388,,-0.1746925161559308,-0.0888888888888888,0.075627265619447,-0.2161077672685583,,0.1539131065496482,-0.050120905693559,0.0620901913555466,1.18,,,-0.1111846459298477,0.901689708141321,0.2233975037021366,0.2287047841306884,-0.2651339575414851,0.0,-10.923076923076923,0.0,-0.0705882352941176,0.0,0.0,-3.650943396226415,-0.8831339555672407,0.0,,0.0974808944240022,,0.055200172500539,,,,0.1079187628097633,,,,,0.0787965965331447,2.487178561783714,0.2094064949608062,0.1214538058023766,,,,0.0287393860222077,,,1.0114478114478114,,-1.0170818468838834,,0.3764285714285714,2.0759427144921823,2.212587045066351,0.6478849889811913,,-0.1413043478260869,0.0,-0.21875,1.4923076923076923,0.1195652173913043,0.6274509803921569,-0.4019172413225702,0.0238095238095238,-0.3623304558132045,,,,,1.5733333333333333,-22.5,0.5107326122045821,1.138,0.0,0.0,-0.3620451807416932,1.0,0.0,,0.589668549649493,-0.3950617283950617,-0.284097214515592,-0.22,0.2259887005649717,,-0.20685332218972,1.0266075388026608,0.6821705426356589,,,,0.0,0.0,0.0,-0.2246289610910549,0.6598796853308654,1.135922330097087,0.2956765517543475,0.4993913667717469,0.0,0.0,-0.4267912772585669,,18.0725,-0.0623978490425004
2010-12-31,0.0969354170222103,-0.674457429048414,,1.1007121057985758,0.031126968503937,0.4087187666135035,0.0,0.3783663476519029,0.0,,0.454315637414229,-0.0269718022067838,0.0,-0.1428571428571428,2.4211779769526247,,-0.1321659370439858,-0.0888888888888888,0.1191271590020612,-0.290627687016337,,0.190179154275767,-0.0677071883930534,0.0574066639903653,1.3905882352941177,,,-0.1111846459298477,0.9600614439324116,0.3037867569282843,0.8588098016336057,0.6619078520441272,0.0,-10.923076923076923,0.0,0.0,0.0,0.0,-0.9716981132075472,-0.8831339555672407,0.0,,0.1631474667421454,,0.0558710079302331,,,,0.1274455002794857,,,,,0.0969354170222103,2.34779481218662,0.2050516361826552,0.1177068836313028,,,,0.0287393860222077,,-0.0030075187969924,-1.3104377104377103,,-0.2957229571611963,,-0.9235714285714286,2.4070424385757456,2.065431612140323,-0.1753100558419694,,-0.7282608695652174,1.7142857142857142,-0.53125,0.4737400530503979,-0.9891304347826086,-3.176470588235294,1.199668987229818,-0.9603174603174603,-0.0790268072349787,,,,,1.12,16.25,-0.0674552506685297,0.0674320137693631,0.0,0.0,-0.53682561282389,0.5,0.0,,0.6196147825495134,-0.8518518518518519,-0.2574631006547553,-0.38,-0.384180790960452,,-0.3280401170079398,0.7804878048780488,0.7131782945736435,,,,0.0,0.0,0.0,-0.4653028479743281,0.4007403979639056,1.2653721682847896,-0.0717897800555823,0.1872717625394051,0.0,0.0,-0.5451713395638629,,17.8992,-0.0533201914953534
2010-09-30,0.1082477996928103,-0.671118530884808,,1.2349949135300102,0.0423228346456692,0.4189261031366295,0.0,1.5579790785666592,0.0,,0.5135427952329361,0.0253371475275847,0.0,-0.0454042081949058,2.743841229193342,,-0.1104857202418178,-1.3555555555555556,0.1014997512260999,-0.2275723703066781,,0.1904692826575759,-0.0457243350186854,0.0309112806101967,1.656470588235294,,,0.0913302448709463,1.165898617511521,0.2809392849587476,1.0408401400233371,-0.2169277834430333,0.0,-10.923076923076923,0.0,0.1647058823529411,0.0,0.0,-3.650943396226415,-0.8831339555672407,0.0,,0.7586753467308237,,0.0453293083207551,,,,0.1371343394820197,,,,,0.1082477996928103,3.4230408805070582,0.1804155779519721,0.0965100096349427,,,,0.0117570215545395,,,1.6848484848484848,,-1.488871073337584,,1.4335714285714285,1.8709762186309289,2.3965313362238865,1.3262586833262031,,-0.0869565217391304,0.0,-0.4375,-0.6721485411140583,-0.4456521739130434,-2.6666666666666665,-0.2154311736144153,0.4682539682539682,-0.4607411968982723,,,,,-0.7533333333333333,141.0,-0.1252740369558409,1.8643339070567984,0.0,0.0,-1.0911292688559997,1.0,0.0,,1.7412373238957326,-0.1234567901234567,1.7179003440239706,1.3,0.2824858757062147,,-0.783535311324697,0.802660753880266,1.0232558139534884,,,,0.0,0.0,0.0,1.2515042117930204,1.3077279037482648,1.0453074433656957,0.1180272655151099,-36.08102624925871,0.0,0.0,-1.8161993769470408,,17.795,-0.0477747059756622
2010-06-30,0.1359436331277275,-0.4974958263772955,,1.1739572736520854,0.0414616141732283,0.5197235513024987,0.0,1.20186957489428,0.0,,0.88912964969303,0.0,420000000.0,0.4883720930232558,2.2214340588988475,,-0.2388993120700437,-1.3555555555555556,0.2069798848532234,-0.3708799082831757,,0.2685138173641836,-0.0923279841723455,0.0432222668272447,1.3152941176470587,,,0.1085373924553275,0.8095238095238095,0.4476412100698117,0.7141190198366394,-0.0278112542875683,0.0,-10.923076923076923,0.0,0.0941176470588235,0.0,0.0,-3.650943396226415,-0.8831339555672407,0.0,,0.7994339088593263,,0.1003378135556673,,,,0.159046021986212,,,,,0.1359436331277275,2.979999676430581,0.1918626353116834,0.106359062198908,,,,0.0,,,0.1764309764309764,,-0.0803409189975504,,2.0621428571428573,1.103665746945211,1.8604651162790693,0.0266776171933431,,-0.25,0.0,-0.21875,-0.3644562334217506,-0.1304347826086956,4.666666666666667,-0.1742945410317341,0.0873015873015873,-0.3265447317822707,,,,,-0.4666666666666667,7.25,-0.3565491821050856,0.5355903614457831,0.0,0.0,0.2322082883377756,1.0,0.0,,0.7448444837677806,-0.3086419753086419,0.177560759072245,0.0933333333333333,0.1129943502824858,,0.2277475971583786,0.352549889135255,0.5581395348837209,,,,0.0,0.0,0.0,0.3850782190132371,0.2896807033780657,0.9838187702265372,-0.3297462778824205,1.186054496082899,0.0,0.0,0.0778816199376947,,14.69,0.1534972137582694
2010-03-31,0.1138064704878465,-0.4791318864774624,,1.027466937945066,0.0246062992125984,0.4814460393407762,0.0,1.5045626530158025,0.0,,0.8024557602022391,0.0098079280751941,420000000.0,0.5116279069767442,1.473674775928297,,-0.3389618511569731,-1.3555555555555556,0.2314308053166536,-0.5428489538549728,,0.2511061144556466,-0.1266212354363596,0.0330523216914224,1.1129411764705883,,,0.1972203838517538,0.7603686635944701,0.4857203300190396,0.5227537922987164,-0.1687216093445814,1.1056578050443082,612.9230769230769,8110000000.0,0.3058823529411765,8110000000.0,0.0,149.3679245283019,3.38135927435257,-8110000000.0,,0.8130200962354939,,0.0950669637509284,,,,0.1565120178870877,,,,,0.1138064704878465,2.586738382924495,0.1824063705362697,0.0982228883417193,,,,-0.0104506858262573,,,0.8309764309764309,,-1.1880199724105864,,-3.766428571428572,2.48062015503876,1.0931546445933518,-0.0114332645114327,,-0.25,0.0,-0.28125,1.630238726790451,-0.0869565217391304,0.7450980392156863,-0.2922195544354203,-0.4682539682539682,-0.1625268299738242,,,,,0.3333333333333333,-6.75,-0.2601845382929003,0.3118382099827883,0.0,0.0,-0.052434129624659,1.5,0.0,,0.6141700129313279,-0.3086419753086419,0.0310731328376428,-0.0166666666666666,0.1129943502824858,,0.0898453823652319,0.8957871396895787,1.0852713178294573,,,,0.0,0.0,0.0,0.2567188126754914,0.6820916242480333,0.9352750809061487,0.3029772073532203,0.7490870501576204,0.0,0.0,-0.2336448598130841,,15.86,-0.0720878198853307
2009-12-31,0.1237535655947534,-0.4707846410684474,,0.4170905391658189,0.0433070866141732,0.4610313662945242,0.0,0.5297128867126641,0.0,,0.7865655471289275,-0.048222313036371,420000000.0,0.4883720930232558,2.815544174135723,,-0.2797581821972066,-1.288888888888889,0.219489658113583,-0.5199197477787332,,0.3149343584536157,-0.1486040888107276,0.0248896025692492,1.3294117647058823,,,-0.1111846459298477,0.8740399385560675,0.5703405965728792,1.208868144690782,0.8213590432928525,1.0988411724608045,609.0769230769231,8060000000.0,0.0235294117647058,8060000000.0,0.0,0.0283018867924528,3.355067700801893,-8060000000.0,,0.8016982734220209,,0.0872086058602266,,,,0.1685858021240916,,,,,0.1237535655947534,2.731100123578628,0.174816473808635,0.0916925382721336,,,,-0.0104506858262573,,,-3.134006734006734,,0.8564000088887825,,0.8192857142857143,2.1705426356589146,2.4701090526869005,-0.5830964900830722,,-0.8152173913043478,0.0,-0.9375,0.8875331564986737,0.0869565217391304,-2.588235294117647,3.766594860389125,,0.2370804217049362,,,,,-0.8733333333333333,15.25,-0.3758221108675227,-0.6657865748709122,0.0,0.0,-0.3270890943252539,1.0,0.0,,0.4916626965221534,-0.9506172839506172,-0.0577072466984796,-0.2566666666666666,-0.4745762711864407,,-0.1316339323025491,0.4789356984478936,1.0852713178294573,,,,0.0,0.0,0.0,-0.2406738868832731,0.2360018509949097,0.9611650485436892,-0.1739989584398012,0.6242392084646836,0.0,0.0,-0.3769470404984423,,16.7449,-0.1062612883804936
2009-09-30,0.1046395397030499,-0.4557595993322204,,1.65412004069176,0.0209153543307086,0.4555023923444976,0.0,1.0950367237925662,0.0,,0.8039003250270856,0.2370249284838577,420000000.0,0.7142857142857143,2.51336747759283,,-0.1004794663331248,-1.288888888888889,0.1558035396972066,-0.1312697047864717,,0.2328280264016827,-0.166190371510222,-0.0203398902716445,1.2564705882352942,,,0.2051621442753143,0.0721966205837173,0.3071715675904379,1.558926487747958,-0.1093909335311022,1.0969325153374234,608.0,8046000000.0,-0.0941176470588235,8046000000.0,0.0,148.16037735849056,3.347706060207704,-8046000000.0,,1.060968015850552,,0.0743668990632262,,,,0.109409353456307,,,,,0.1046395397030499,2.437398651213323,0.1327609804653477,0.0555079755914784,,,,-0.263879817112998,,,-1.938047138047138,,-0.2888854321401282,,4.433571428571429,0.5308106687688872,2.1600315333070554,1.7302340293968286,,-0.1956521739130435,0.0,-0.5,-1.213262599469496,-0.0543478260869565,2.4705882352941178,-0.3772352617729614,0.1825396825396825,0.2818125767436035,,,,,1.08,8.5,-0.2409116095304632,1.37207917383821,0.0,0.0,0.8614178438336839,0.5,0.0,,1.0960321241407474,-0.2469135802469135,0.8611696815003884,0.6233333333333333,0.1694915254237288,,0.8712912661930631,0.2572062084257206,1.1472868217054264,,,,0.0,0.0,0.0,1.219414360208584,0.4951411383618695,0.9029126213592232,-0.3735502114756572,0.6242392084646836,0.0,0.0,0.5451713395638629,,14.9294,0.0325205448001565
2009-06-30,0.0652412414364775,-0.4357262103505843,,1.7192268565615465,0.0563484251968503,0.1607655502392344,0.0,1.1573558869352325,0.0,,0.5958829902491874,0.1585615038823048,420000000.0,0.689922480620155,0.915416133162612,,0.4156764644569523,-1.4222222222222225,0.3954794228445518,0.4775007165376899,,0.3868861971422354,-0.655968344691141,-0.0559346982470226,1.12,,,0.2554599602911979,1.0061443932411671,0.3071715675904379,0.9801633605600932,0.1872624455362936,0.0,-10.923076923076923,0.0,0.0941176470588235,0.0,0.0,-3.650943396226415,-0.8831339555672407,0.0,,1.080215114633456,,0.0467668128129567,,,,0.0600708030557108,,,,,0.0652412414364775,0.8842654414171345,0.0996640537513997,0.0270313670913178,,,,-0.3239712606139778,,,-0.6909090909090909,,0.0153844312974032,,-0.7807142857142857,0.8093548810931547,0.520299566417028,-0.0495441462162087,,-0.2717391304347826,0.0,-0.375,-0.746419098143236,0.1739130434782608,1.803921568627451,0.9665614025946244,0.119047619047619,0.2609375710588921,,,,,-0.24,-1.75,-0.0578187862873111,-0.2113975903614458,0.0,0.0,0.2971267345397345,1.0,0.0,,0.821071258422378,-0.3333333333333333,0.3284874042836533,0.1366666666666666,-0.1242937853107344,,0.369828666945257,0.2328159645232816,0.8372093023255814,,,,0.0,0.0,0.0,0.3850782190132371,0.2526608051827858,0.964401294498382,-0.446556767464385,0.4369674459252786,0.0,0.0,0.1588785046728972,,14.4842,-0.0075866197085067
2009-03-31,0.0536362971450861,-0.4190317195325542,,1.007121057985758,0.0516732283464566,0.1241892610313663,,1.406632539505898,0.0,,0.4774286746117732,0.2239476910502656,420000000.0,0.7043189368770764,1.1868629961587709,,0.6958515739003543,-1.4,0.3411756343734451,0.8019489825164804,,0.3468484804526002,-0.6761925697955594,-0.0860430884517596,1.2294117647058824,,,0.3176704169424222,0.9047619047619048,0.1290459064946054,0.6254375729288215,0.1724297765829238,,,,0.5411764705882353,,0.0,,,,,1.1198414944806114,,0.0264500826565083,,,,0.0043227128749767,,,,,0.0536362971450861,2.7609680699208625,0.0716685330347144,0.0029440102772722,,,,-0.3357282821685173,,,,,0.2923041946506623,,3.005,-0.3048219682039154,0.7988437787412955,0.5830964900830722,,-0.4130434782608695,,-0.375,2.022811671087533,0.2934782608695652,13.647058823529411,-0.2099462892700578,-0.6428571428571429,0.1804196919892911,,,,,1.58,-13.0,-0.1830928232431521,0.4529741824440619,0.0,0.0,0.1173525758266178,1.5,0.0,,0.6332267065949772,-0.4938271604938271,0.1331705693041837,0.01,-0.0564971751412429,,0.1859590472210614,0.844789356984479,0.6511627906976745,,,,0.0,0.0,0.0,0.1764941837144003,0.6820916242480333,0.883495145631068,0.2859423442891838,0.5618152876182153,0.0,0.0,0.0093457943925233,,13.2791,0.0824697656410139
2008-12-31,0.0132627934758758,-0.4073455759599332,,1.0356052899287895,0.0123031496062992,0.1654439128123338,,0.0801246383262853,0.0,,0.3907547851209823,0.1168778095627298,420000000.0,0.7508305647840532,0.1010755441741357,,0.8476130915155305,-1.2,0.3534010946051603,1.0048724562912008,,0.2978167839268876,-0.536381622334579,-0.114679512913154,0.9447058823529412,,,,1.218125960061444,-0.0173471546435371,1.488914819136523,1.262630944655604,,,,0.4941176470588235,,0.0,0.0283018867924528,,,,-2.625417492216247,,0.0099666978125973,,,,-0.0383081796161729,,,,,0.0132627934758758,0.092764863347923,0.0450416822197337,-0.0199657424258644,,,,-0.3357282821685173,,0.1774436090225564,,,0.5897365330671257,,-1.6521428571428571,0.2943108658520562,-0.3153330705557745,-0.3658644643658492,,-1.4456521739130437,,1.96875,1.2907161803713527,-0.4565217391304347,,0.6539229949662474,,1.1466342408245032,,,,,-0.0066666666666666,24.25,-0.0096364643812185,-1.519487091222031,0.0,0.0,-0.4369510802054918,14.0,0.0,,0.5352208534676377,,-0.6170236377760515,-0.5366666666666666,0.0,,-0.4492269118261596,1.164079822616408,10.635658914728682,,,,0.0,0.0,0.0,-0.8182912154031288,0.6672836649699213,1.2588996763754046,0.3540817965453298,3.9327070133275073,0.0,0.0,-0.514018691588785,,18.6958,-0.2050514691212234
2008-09-30,-0.1016164029548723,0.6227045075125208,,2.081383519837233,-0.1188484251968503,0.1165337586390218,,0.2492766525706654,0.0,,0.5034308414590105,-0.4127503064977523,-197000000.0,0.0642303433001107,0.6849423815620999,,0.7267041901188243,-1.2222222222222223,0.2388229440614116,1.1447406133562623,,0.2139696815841009,-0.7474170147285117,-0.1936304027833534,0.9823529411764704,,,,-0.17357910906298,-0.1912418024116776,2.0210035005834306,0.1353481041994993,,,,1.6,,0.0,0.0283018867924528,,,,0.1121992640815171,,-0.10599199789166,,,,-0.2332774361840879,,,,,-0.1016164029548723,0.6602558438503765,-0.0283687943262411,-0.0831281447382507,,,,-0.3670803396472893,,,,,-0.6991369334042157,,-0.0092857142857142,0.2890553146761266,0.2837997635001971,1.3948582703948005,,,0.1428571428571428,0.5,-2.40159151193634,0.7608695652173914,,-0.4677358534548601,-0.4047619047619047,0.4577590532290279,,,,,1.4866666666666666,,2.881302849984341,0.8660550774526679,0.0,0.0,0.6267126921804483,-0.5,0.0,,0.984414346967944,,0.7324381311730107,0.3566666666666667,-0.4067796610169492,,0.6330965315503552,0.926829268292683,0.4961240310077519,,,,0.0,0.0,0.0,0.8664259927797834,0.9486348912540492,0.9546925566343042,0.3224456222835477,-0.4993913667717469,0.0,0.0,0.4018691588785046,,21.5257,-0.1350252665989143
2008-06-30,-0.0854279932710827,0.6393989983305509,,3.330620549338759,-0.0706200787401574,0.0204146730462519,,0.6677053193857111,0.0,,0.4008667388949079,-0.2664487127094401,-197000000.0,0.4606866002214839,0.679820742637644,,0.8601209089013967,-1.4666666666666666,0.2567346648660175,1.2123817712811693,,0.2319576412562559,-0.7808309518575511,-0.2486283955573397,1.24,,,,0.2872503840245776,-0.1832028770890628,0.9148191365227538,0.2020951144896635,,,,-1.152941176470588,,0.0,0.0283018867924528,,,,0.3805264647608264,,-0.1110711804307721,,,,-0.1986957331842742,,,,,-0.0854279932710827,0.6552778527933375,-0.0795072788353863,-0.127127716518574,,,,-0.3775310254735467,,,,,0.8085373337413057,,0.2478571428571428,0.1891998423334647,0.2785442123242675,-0.8193839566526832,,,0.1428571428571428,1.4375,-1.669496021220159,,,0.832181736157866,,-0.2698840020666255,,,,,-1.1666666666666667,,0.5107326122045821,-0.294013769363167,0.0,0.0,0.6666625052278076,-0.5,0.0,,0.8809637242224189,,0.6081455998224392,0.3933333333333333,0.0338983050847457,,0.6874216464688675,0.29490022172949,0.6511627906976745,,,,0.0,0.0,0.0,0.9626955475330926,0.4451642757982416,0.7896440129449838,-0.247005514428529,0.6242392084646836,0.0,0.0,0.4143302180685358,,22.9204,-0.0861112699411059
2008-03-31,-0.1719287124850671,0.659432387312187,,1.9593082400813835,-0.171875,-0.0063795853269537,,-0.0044513687959047,0.0,,0.2954135066811123,-0.3171230077646097,-197000000.0,0.292358803986711,0.5825096030729834,,1.2203460496143423,,0.155519226668562,2.0206362854686155,,0.1231594980778994,-0.8133655748516158,-0.2850260939381774,0.6952941176470588,,,,0.4592933947772657,-0.6401523164797969,0.1540256709451575,-0.1093909335311022,,,,-0.0470588235294117,,0.0,0.0283018867924528,,,,0.2435324087178035,,-0.151704640743669,,,,-0.3859139183901621,,,,,-0.1719287124850671,0.5606960227095952,-0.1133507527684459,-0.1562466545337758,,,,-0.3879817112998041,,,,,0.0358970063606076,,-2.4378571428571427,1.077387991065563,0.1786887399816055,-0.2210431138877005,,-2.2065217391304346,,0.96875,1.9591511936339523,-0.1630434782608695,,0.1246316557357492,-1.0396825396825398,0.4637233405675168,,,,,-0.02,-7.0,1.6092895516634946,-0.6003820998278829,0.0,0.0,0.1672898421358168,-0.5,0.0,,1.8964132580140205,,0.1287315503273776,0.0333333333333333,0.0338983050847457,,0.177601337233598,1.2106430155210643,0.0930232558139534,,,,0.0,0.0,0.0,0.4492579221821099,0.983803794539565,2.3915857605177995,-0.446556767464385,-0.2496956833858734,0.0,0.0,-0.0093457943925233,,23.5551,-0.0331647064865698
2007-12-31,-0.1748543286929809,0.674457429048414,,1.4425228891149542,-0.1751968503937007,-0.0072301967038809,,-1.1306476741598042,0.0,,0.2881906825568797,-0.4021250510829587,-197000000.0,0.3122923588039867,1.4480665813060178,,0.7133625182405671,0.9777777777777776,0.0727841353330016,1.1642304385210662,,0.0877638354972075,-0.8186414596614641,-0.3151344841429145,0.903529411764706,,,,0.3241167434715822,-0.375713983499048,0.9894982497082848,0.7954018726244554,,,,1.2470588235294118,,0.0,0.0283018867924528,,,,1.137956410982168,,-0.1715422027360502,,,,-0.2997577790199366,,,,,-0.1748543286929809,1.401976511349197,-0.1413462734851312,-0.1803340113478214,,,,-0.3879817112998041,,-0.0451127819548872,,,1.218788835005393,,2.619285714285714,0.1051110235185915,1.066876888713704,-0.7698398104364744,,1.1630434782608696,,1.59375,0.2933687002652519,-2.0869565217391304,,1.199668987229818,-0.7698412698412699,0.025348221188578,,,,,0.0333333333333333,-84.5,1.0985569394589123,-0.5900550774526678,0.0,0.0,-0.1622961155048969,13.0,0.0,,0.4127135370584632,,-0.4527799356342248,-0.3433333333333333,0.2372881355932203,,-0.0982030923526953,0.753880266075388,0.3100775193798449,,,,0.0,0.0,0.0,-0.1283594063377457,0.4803331790837575,0.8414239482200647,0.2178028920330379,3.80785917163457,0.0,0.0,-0.1962616822429906,,28.5634,-0.109204043313145
2007-09-30,-0.2063534631981861,0.672787979966611,,0.392675483214649,-0.2151820866141732,-0.0055289739500265,,0.2492766525706654,0.0,,0.3228602383531961,-0.1838986514098896,-197000000.0,0.4850498338870432,0.5005633802816901,,0.3814884302689181,,-0.0147842774895159,0.8340498710232158,,-0.055269456734605,-0.8810727632446692,-0.3606316071189616,0.74,,,,1.1904761904761905,-0.4624497567167336,1.0921820303383898,-0.2132196162046908,,,,1.3647058823529412,,0.0,0.0283018867924528,,,,0.4518539484857062,,-0.1891755911737224,,,,-0.2888764673001677,,,,,-0.2063534631981861,0.4810481657969701,-0.1836506159014557,-0.2167326838668236,,,,-0.4023514043109079,,,,,-1.9709165873228869,,-7.409285714285715,2.822230981474182,0.0945999211667323,-0.0266776171933431,,,,0.9375,-1.4785145888594164,,,-1.4248481715452428,0.0873015873015873,-0.1207768186044015,,,,,-1.086666666666667,,2.592208918547785,0.2498760757314974,0.0,0.0,0.911355110142883,-0.5,0.0,,1.030694888722521,,0.8434136055931639,0.5666666666666667,0.0225988700564971,,0.8462181362306728,0.6740576496674058,0.4031007751937984,,,,0.0,0.0,0.0,1.139189731247493,0.8320222119389171,0.8446601941747572,0.1277614729802736,-0.3121196042323418,0.0,0.0,0.6510903426791277,,27.6069,-0.0793823909189725
2007-06-30,-0.1940658751249482,0.6878130217028381,,0.2950152594099695,-0.1825787401574803,-0.064221158958001,,-0.3783663476519029,0.0,,0.1625135427952329,-0.2362076011442583,-197000000.0,0.5880398671096345,3.148450704225352,,0.6449864498644986,,-0.0361077546378562,1.3121238177128116,,0.072967288024951,-0.9056935590239612,-0.3861902850260939,1.0035294117647058,,,,0.8095238095238095,-0.4510260207319653,0.4154025670945157,-0.0648929266709928,,,,1.388235294117647,,0.0,0.0283018867924528,,,,0.5345032550240588,,-0.1985672871894391,,,,-0.2966275386621949,,,,,-0.1940658751249482,3.054669542286167,-0.2074157023765086,-0.237180173428969,,,,-0.4088830829523187,,,,,2.350399225992168,,7.490714285714286,0.0578110629352253,2.811719879122323,-0.7584065459250416,,,,0.9375,-1.2450928381962865,,,2.0306289653999783,-0.1666666666666666,-0.0104375028423556,,,,,-0.9333333333333332,,1.70565419547568,-0.5384199655765921,0.0,0.0,0.1473149356121372,-0.5,0.0,,0.5978357040767712,,0.1287315503273776,0.0,-0.0790960451977401,,0.1901379022147931,0.4146341463414634,0.3410852713178294,,,,0.0,0.0,0.0,0.304853590052146,0.3248496066635817,0.8381877022653722,-0.1520969916431828,-0.0624239208464683,0.0,0.0,0.0218068535825545,,25.2897,0.0176933343548263
2007-03-31,-0.2823219640636809,-0.6093489148580968,,0.0996948118006103,-0.2862942913385827,-0.0901648059542796,,-0.3961718228355219,0.0,,0.1451787648970747,-0.2239476910502656,131000000.0,0.5714285714285714,0.4544686299615877,,0.1688555347091932,,-0.1188428459734167,0.6632272857552307,,-0.1640675999129615,-0.9074521872939108,-0.4109460725277666,0.1741176470588235,,,,0.7849462365591398,-0.557224455257034,-0.1586931155192532,-0.0686010939093353,,,,0.9411764705882352,,0.0,0.0283018867924528,,,,0.4065666572318143,,-0.2177340137521263,,,,-0.3373206633128377,,,,,-0.2823219640636809,0.4362462462836186,-0.2304342416324499,-0.2569853334760732,,,,-0.4154147615937296,,,,,0.1042722565712888,,0.3192857142857143,-0.0683221652870844,0.0472999605833661,-0.0990882924324175,,-2.25,,0.90625,1.736339522546419,-2.858695652173913,,0.2425566691394353,0.119047619047619,0.0551696578810229,,,,,0.3933333333333333,-6.0,1.802018839287865,-0.0186265060240963,0.0,0.0,0.0124843165772997,-0.5,0.0,,0.4589940788130402,,-0.0221950948840306,-0.08,0.0338983050847457,,0.0480568324279147,1.146341463414634,0.0930232558139534,,,,0.0,0.0,0.0,0.1925391095066185,0.8727440999537251,0.7831715210355987,0.6923455059597685,-0.0624239208464683,0.0,0.0,-0.102803738317757,,25.9862,-0.0250100941994613
2006-12-31,-0.2870029499963429,-0.3238731218697829,,0.3967446592065107,-0.2951525590551181,-0.0791068580542264,,-0.7344758513242822,0.0,,0.1639581076200794,-0.3841438496117695,419000000.0,0.5769656699889258,0.3315492957746478,,0.1296643735668126,,-0.1583623569550074,0.4476927486385784,,-0.2113585261478204,-0.9303143548032534,-0.4199116820553994,0.1905882352941176,,,4.395764394440768,0.1920122887864823,-0.5466469219378041,0.5787631271878646,0.7360711968109762,,,,1.8588235294117648,,0.0,0.0283018867924528,,,,-1.0539484857061987,,-0.2236756989865593,,,,-0.332997950437861,,,,,-0.2870029499963429,0.316774460914681,-0.2387706855791962,-0.2641580130607001,,,,-0.4154147615937296,,,,,0.3196542947349348,,1.447857142857143,-0.6096439364078308,-0.0788332676389436,-0.5144969030144755,,-1.4673913043478262,0.9285714285714286,0.90625,0.7071618037135279,1.5217391304347827,,0.4235578525032326,,-0.1148125312659125,,,,,0.2333333333333333,-24.0,0.6552795779228601,-0.1976282271944922,0.0,0.0,-0.5967503323949289,13.0,0.0,,0.1105288232491662,,-0.670291865497725,-0.7233333333333334,-0.4971751412429379,,-0.5119097367321354,0.5587583148558758,7.844961240310077,,,,0.0,0.0,0.0,-0.7701564380264742,0.1341971309578898,0.8025889967637541,0.0328529501949275,2.1224133087799246,0.0,0.0,-0.4890965732087227,,27.0917,-0.0875207108944876
2006-09-30,-0.3599483141136602,0.7796327212020033,,0.6408952187182095,-0.3832431102362205,-0.0939925571504518,,0.240373914978856,0.0,,0.2650776453593355,-0.6211687780956273,-85000000.0,0.1860465116279069,-0.1959795134443021,,-0.1721909526787575,,-0.1939014855355746,0.11292633992548,,-0.2775077972002611,-0.969883490877116,-0.4544359694901645,0.0294117647058823,,,,-0.2903225806451613,-0.5195684366405754,0.8728121353558926,-0.3355891350699916,,,,-0.2117647058823529,,0.0,0.0283018867924528,,,,0.8107557316727994,,-0.2822300486355686,,,,-0.396348052915968,,,,,-0.3599483141136602,-0.1959586179603428,-0.2708722160009953,-0.2917781822074724,,,,-0.4245591116917048,,,,,-0.8187936212729079,,-0.2664285714285714,-0.520299566417028,-0.6201550387596899,0.2896427009562973,,,,0.90625,-1.6482758620689657,1.641304347826087,,-0.4979027173488263,1.246031746031746,-0.2818125767436035,,,,,-0.1733333333333333,,1.599653087282276,0.7214767641996558,0.0,0.0,1.3108532406164757,-0.5,0.0,,1.1150888178043967,,1.2074131616912662,0.67,-0.5536723163841808,,1.1303802758044297,0.3303769401330377,-0.4651162790697674,,,,0.0,0.0,0.0,1.6365824308062575,0.6709856547894494,0.7249190938511327,-0.1593976472420556,-0.0624239208464683,0.0,0.0,0.956386292834891,,26.4702,-0.0542631181752375
2006-06-30,-0.3970061194139015,0.8163606010016694,,0.0183112919633774,-0.4050196850393701,-0.1786283891547049,,-0.6454484754061874,0.0,,0.0310581437342,-0.6612178177360033,-85000000.0,0.0974529346622369,-0.1089116517285531,,-0.5324160933917031,,-0.1700191911294335,-0.1794210375465749,,-0.2482048306375571,-0.9883490877115848,-0.4688879967884384,-0.1964705882352941,,,,0.032258064516129,-0.3685212608419717,0.1213535589264877,-0.2540094558264578,,,,-0.5882352941176471,,0.0,0.0283018867924528,,,,0.695273138975375,,-0.3002467716044946,,,,-0.3590832867523756,,,,,-0.3970061194139015,-0.1113327699906787,-0.2843100659450043,-0.3033401134782143,,,,-0.4310907903331156,,,,,-0.1042722565712888,,0.2907142857142857,-0.6359216922874786,-0.5308106687688872,-0.3849199052182372,,,,0.875,-1.2769230769230768,1.7608695652173914,,0.0478432749147443,,-0.3414554501284931,,,,,-0.0133333333333333,,1.811655303669084,0.1810292598967297,0.0,0.0,-0.0024968633154599,-0.5,0.0,,0.3500986864493296,,-0.0754633226057041,-0.0766666666666666,0.1807909604519774,,-0.0020894274968658,0.1330376940133037,-0.5271317829457365,,,,0.0,0.0,0.0,0.1444043321299639,0.0046274872744099,0.6925566343042071,-0.3516482446790388,-0.0624239208464683,0.0,0.0,-0.102803738317757,,24.7432,0.0007537545123411
2006-03-31,-0.4102689128897774,0.8397328881469115,,0.0264496439471007,-0.4176919291338583,-0.1935140882509303,,-0.360560872468284,0.0,,0.0411700975081256,-0.6734777278299959,-85000000.0,0.1107419712070874,-0.2215877080665813,,-0.456535334584115,,-0.1933328594782856,-0.0728002292920607,,-0.2783781823456879,-1.0147285117608265,-0.4777197912484945,-0.2929411764705882,,,,0.2288786482334869,-0.4518722233975037,-0.4667444574095682,-0.4987484935570594,,,,-0.8705882352941177,,0.0,0.0283018867924528,,,,0.0284177752618171,,-0.3054217877764201,,,,-0.3877026271660145,,,,,-0.4102689128897774,-0.2208485732455381,-0.292522085355232,-0.3104057381436677,,,,-0.4389288047028086,,,,,0.4051233574982863,,-0.9807142857142858,-0.2837997635001971,-0.6464327946393378,-0.3696755525363268,,-1.5869565217391304,0.0714285714285714,0.875,1.6620689655172414,-0.2608695652173913,,0.4646944850859139,,-0.5591519379833403,,,,,0.3466666666666667,22.5,-0.1830928232431521,0.4460895008605852,0.0,0.0,-0.3870138138962928,-0.5,0.0,,0.077860205540053,,-0.390633669958939,-0.4966666666666666,-0.4406779661016949,,-0.3363978269954032,0.8647450110864745,-0.6511627906976745,,,,0.0,0.0,0.0,-0.2406738868832731,0.4673762147154095,0.627831715210356,0.5000949085227854,0.0624239208464683,0.0,0.0,-0.4330218068535825,,24.1034,0.0273201417033682
2005-12-31,-0.4250920350098739,1.353923205342237,,0.323499491353001,-0.4425442913385827,-0.1722488038277512,,-9.37013131537948,0.0,,0.1278439869989165,-0.7020841847159788,,-0.1384274640088593,0.121562099871959,,-0.466541588492808,41.44444444444444,-0.3485677731182031,-0.4453998280309544,,-0.4173496772321752,-0.9989008573312816,-0.5154556403050984,0.1247058823529411,,,,0.4316436251920122,-0.5170298286439602,0.2287047841306884,0.8658570501529619,,,,-0.4470588235294118,,0.0,0.0283018867924528,,,,0.45864704217379,,-0.3540094396128321,,,,-0.4146823178684554,,,,,-0.4250920350098739,0.1126768275760792,-0.3276098046534776,-0.3405952253506049,,,,-0.4389288047028086,,0.6105263157894737,,,-0.1794850318030382,,-2.6235714285714287,0.6727105505189857,-0.2943108658520562,-1.150948627484234,,-1.7173913043478262,1.2142857142857142,0.8125,0.6859416445623342,0.3043478260869565,,-0.0015206841844731,0.5952380952380952,-0.2370804217049362,,,,,-0.2866666666666667,-18.25,1.233467440795972,-0.6313631669535285,0.0,0.0,-0.6167252389186085,0.0,0.0,,-0.08276049819642,,-0.7013649983353679,-0.75,-0.5084745762711864,,-0.5536982866694525,0.7605321507760532,-0.5271317829457365,,,,0.0,0.0,0.0,-0.529482551143201,0.2841277186487737,0.6051779935275081,0.4027528338711483,1.2484784169293672,0.0,0.0,-0.6074766355140186,,24.7516,0.0013779888700898
2005-09-30,-0.432113513908867,0.3672787979966611,,-0.1892166836215666,-0.4624753937007874,-0.1331206804891015,,-0.2804362341419986,0.0,,0.2867461177320332,-0.6465059256232121,-85000000.0,-0.2126245847176079,1.053700384122919,,-0.5424223473003961,,-0.4207832823939157,-0.352536543422184,,-0.4382389207224196,-1.060452846779512,-0.5382042017931219,0.3188235294117647,,,,-0.0568356374807987,-0.5817643325576476,1.4795799299883314,-0.0426439232409381,,,,-0.3058823529411765,,0.0,0.0283018867924528,,,,-0.0349844324936314,,-0.3767220105896164,,,,-0.4269051611701137,,,,,-0.432113513908867,1.0186711999571894,-0.3487619758616399,-0.358794561610106,,,,-0.4519921619856303,,,,,0.0222219563184714,,3.5621428571428573,-0.6464327946393378,0.6621994481671265,0.1676878795010142,,,1.1428571428571428,0.875,-1.0859416445623342,,,0.1547985196297154,1.626984126984127,-0.4428483348828055,,,,,0.1066666666666666,,1.0985569394589123,0.7972082616179001,0.0,0.0,1.235947341152677,0.0,0.0,,0.9898591165861296,,0.9810231938741538,0.6433333333333333,-0.0677966101694915,,0.975762641036356,0.319290465631929,-0.7131782945736435,,,,0.0,0.0,0.0,1.6044925792218212,0.5932438685793614,0.6957928802588996,-0.1496634397768919,-0.3121196042323418,0.0,0.0,0.8753894080996885,,25.2475,-0.0192341478996965
2005-06-30,-0.4905283175268791,0.3672787979966611,,-0.1444557477110885,-0.5125492125984252,-0.2147793726741095,,-0.5742265746717116,0.0,,0.0700613940050559,-0.7094401307723743,-108000000.0,-0.4075304540420819,-0.2318309859154929,,-0.5557640191786534,,-0.3866657189565712,-0.1908856405846947,,-0.4762457387393922,-1.085073642558804,-0.538873277131005,-0.1729411764705882,,,,-0.0168970814132104,-0.6964247937381003,0.588098016336056,-0.380087141930101,,,,-0.6352941176470588,,0.0,0.0283018867924528,,,,0.0080384941975658,,-0.3940678981288483,,,,-0.4853363145146264,,,,,-0.4905283175268791,-0.2308045553596163,-0.3493840985442329,-0.3593298362059736,,,,-0.5055519268451992,,,,,-0.2991417196717304,,-0.0664285714285714,-0.6306661411115491,-0.6569438969911969,-0.3048870536382077,,,0.8571428571428571,0.84375,-0.8525198938992042,,,-1.0491335939567543,0.6746031746031746,-0.4010983235133827,,,,,-0.62,,1.4261967284203425,0.3221652323580034,0.0,0.0,0.4669134399910113,-1.0,0.0,,0.5433880078949159,,0.4838530684718677,0.0733333333333333,-0.7344632768361582,,0.3740075219389887,0.0221729490022172,-0.5271317829457365,,,,0.0,0.0,0.0,0.6578419574809466,0.0786672836649699,0.6310679611650486,-0.4270883525340576,-0.4993913667717469,0.0,0.0,0.2834890965732087,,25.8044,-0.0866996921442078
2005-03-31,-0.5059365628885584,0.348914858096828,,-0.0305188199389623,-0.4794537401574803,-0.3959595959595959,,-0.4006231916314267,0.0,,-0.0108342361863488,-0.723334695545566,-104000000.0,-0.3698781838316722,-0.2164660691421255,,-0.3097769439232853,,-0.2982443670481199,0.1083404987102321,,-0.3851454268513817,-1.411299186634425,-0.5475712565234846,-0.3223529411764705,,,,-0.238095238095238,-0.6740004231013328,0.1866977829638273,-0.3986279781218133,,,,-0.611764705882353,,0.0,0.0283018867924528,,,,-0.018001698273422,,-0.3970387407460648,,,,-0.4893609092602944,,,,,-0.5059365628885584,-0.2158705821884991,-0.357471693417942,-0.3662884059522535,,,,-0.5630306988896147,,,,,-0.7367433210200903,,-0.5807142857142857,-0.4256996452502956,-0.6411772434634082,-0.1028993806028951,,-2.260869565217391,0.7857142857142857,0.6875,0.696551724137931,-1.4130434782608696,,-0.4759631799713963,0.2777777777777778,-0.4667054842367613,,,,,0.4066666666666667,-5.75,1.647835409188369,0.580340791738382,0.0,0.0,0.0024968633154599,0.0,0.0,,0.1704212890492071,,-0.1287315503273776,-0.2533333333333333,-0.2824858757062147,,-0.0564145424153781,0.3303769401330377,-0.6201550387596899,,,,0.0,0.0,0.0,0.1925391095066185,0.1453031004164738,0.5210355987055016,-0.0060838796657273,-0.1248478416929367,0.0,0.0,-0.1152647975077881,,22.6044,0.0425917171374797
2004-12-31,-0.4960869883219153,0.348914858096828,,-0.1281790437436419,-0.4863435039370078,-0.3291866028708134,,-1.304251057200089,0.0,,-0.0093896713615023,-0.7642010625255414,-91000000.0,-0.3787375415282392,-0.0167221510883482,,-0.1997081509276631,-0.8666666666666667,-0.2789110811002914,0.1862997993694468,,-0.354101689997824,-1.3945922180699055,-0.5522547838886659,-0.1529411764705882,,,,-0.0261136712749615,-0.6574994711233341,0.4667444574095682,0.3504218040233614,,,,-0.8941176470588236,,0.0,0.0283018867924528,,,,0.5322388904613643,,-0.4011595869570425,,,,-0.4841438419973914,,,,,-0.4960869883219153,-0.0217289309639755,-0.361826552196093,-0.3700353281233273,,,,-0.5630306988896147,,0.0090225563909774,,,-2.405099426160713,,-8.280714285714286,2.612008934436999,-0.4362107476021548,0.0342997935342983,,0.7391304347826086,1.7857142857142858,0.65625,0.1342175066312997,1.5,0.0,-0.2236585001309516,,-0.3205804444437817,,,,,-1.0,-74.75,1.5418343009949649,0.5355903614457831,0.0,0.0,-0.3420702742180136,1.0,0.0,,1.7112910909957122,,-0.4838530684718677,-0.5,-0.2146892655367231,,-0.3071458420392812,0.1286031042128603,-0.3410852713178294,,,,0.0,0.0,0.0,-0.304853590052146,-0.1341971309578898,2.546925566343042,-1.7509405677963217,1.1236305752364306,0.0,0.0,-0.35202492211838,,22.8422,0.0317324412354025
2004-09-30,-0.4639052100348635,0.9482470784641068,,0.2177009155645981,-0.4496801181102362,-0.3151515151515151,,0.5875806810594257,0.0,,0.0498374864572047,-0.8827135267674704,,-0.362126245847176,2.943585147247119,,-0.5607671461329998,,-0.2735091335560452,-0.4396675265118945,,-0.1808950460578806,-1.4165750714442735,-0.5850394754449351,0.5058823529411764,,,,-0.2872503840245776,-0.1738946477681404,0.3827304550758459,-0.5654955038472235,,,,-0.5176470588235295,,0.0,0.0471698113207547,,,,-1.4830455703368242,,-0.4232013225041328,,,,-0.3795043786100242,,,,,-0.4639052100348635,2.8555499000046045,-0.3923105636431504,-0.3962637833208436,,,,-0.5865447419986937,,,,,1.4512646857217093,,1.9192857142857145,1.8972539745105768,2.60149783208514,-0.320131406320118,,,2.0,0.6875,-0.5872679045092838,0.1630434782608695,0.8235294117647058,0.0807525809808892,2.9761904761904763,-0.5919555183450296,,,,,0.94,,-1.2623768339396275,0.5287056798623063,0.0,0.0,0.8164743041554048,0.0,0.0,,0.3991016130129994,,0.5371212961935412,0.1766666666666666,-0.519774011299435,,0.5704137066443794,-0.6873614190687362,-0.992248062015504,,,,0.0,0.0,0.0,1.0268752507019656,-0.4266543267006015,0.3074433656957929,-0.9624697631180612,-0.1248478416929367,0.0,0.0,0.5763239875389408,,20.7502,0.1357583236570162
2004-06-30,-0.7649511178291928,0.2570951585976628,,-0.0956256358087487,-0.7561515748031497,-0.5737373737373738,,-0.859114177609615,0.0,,-0.1090646442759118,-1.0469963220269718,,-1.0232558139534884,2.2470422535211267,,-0.8442776735459663,,-0.8264979742696709,-0.4029807967899111,,-0.7846522086023066,-1.8280940866124424,-0.8526696105981534,-0.0705882352941176,,,,-0.6866359447004609,-1.0674846625766872,-0.3033838973162194,-0.7397793640493187,,,,-0.8941176470588236,,0.0,-0.2169811320754717,,,,0.2978771582224738,,-0.6720812669206258,,,,-0.6984907769703745,,,,,-0.7649511178291928,2.178543116247292,-0.6411596366803534,-0.6103736216679156,,,,-0.7276290006531678,,,,,-0.442729745114161,,-1.7664285714285717,2.538431217973985,1.8867428721587176,-0.7317289287316985,,,1.2142857142857142,0.4375,-0.4281167108753315,,-0.0784313725490196,-0.2647951327136328,0.753968253968254,-0.4547769095597834,,,,,-0.5733333333333334,,1.3491050133705944,-0.0014148020654044,0.0,0.0,-0.0674153095174187,0.5,0.0,,0.0043558156945484,,-0.1908778160026634,-0.3966666666666666,-0.6101694915254238,,-0.1274550773088174,-0.6829268292682927,-0.9612403100775194,,,,0.0,0.0,0.0,0.0160449257922182,-0.7320684868116613,0.3786407766990291,-1.0111408004438798,-0.3121196042323418,0.0,0.0,-0.1339563862928348,,19.0509,0.2370590663265844
2004-03-31,-0.7686568983592169,0.2570951585976628,,0.0467955239064089,-0.7562746062992126,-0.5886230728335992,,-0.8635655464055197,0.0,,-0.1105092091007584,-1.069881487535758,,-1.0055370985603544,2.8718822023047377,,-0.8592870544090057,,-0.8543606510768356,-0.3949555746632273,,-0.7776891274388917,-1.8553528247966584,-0.8645791516124716,-0.0294117647058823,,,,-0.9201228878648232,-1.060291939919611,-0.5180863477246208,-0.8287753777695374,,,,-0.9647058823529412,,0.0,-0.2169811320754717,,,,0.3159920747240305,,-0.6790771221160066,,,,-0.6962548910005589,,,,,-0.7686568983592169,2.785858025206058,-0.6522334204305089,-0.6199015094743604,,,,-0.83736120182887,,,,,1.4273333481479709,,7.433571428571429,-0.2049664958612534,2.527920115622126,-0.5335523438668635,,,0.5,0.4375,0.8557029177718833,0.3369565217391304,-0.9019607843137256,-1.095755110883793,0.1507936507936507,-0.600901949352763,,,,,0.3533333333333333,,1.127466332602568,0.3462616179001721,0.0,0.0,-0.1772772953976567,0.0,0.0,,-0.1671544272782958,,-0.3462434801908778,-0.5066666666666667,-0.5875706214689266,,-0.2528207271207689,-0.4745011086474501,-1.0232558139534884,,,,0.0,0.0,0.0,0.0,-0.6136048125867654,0.2718446601941747,-0.7020797134249323,0.0,0.0,0.0,-0.2647975077881619,,20.1457,-0.1104366624298168
2003-12-31,-0.8082502377063169,0.2721202003338898,,0.2706002034587996,-0.7016486220472441,-0.9497076023391812,,-1.3799243267304695,0.0,,-0.0830624774286746,-1.1148344912137311,,-0.9944629014396456,0.1983866837387964,,-0.4915572232645403,,-0.6126945767289786,-0.0212095156205216,,-0.682527018205556,-2.622994064629589,-0.8707346447209956,-0.4647058823529412,,,,-0.8525345622119815,-1.0594457372540724,-0.1680280046674445,0.0278112542875683,,,,-0.8470588235294118,,0.0,-0.2169811320754717,,,,0.3171242570053779,,-0.6825271328972903,,,,-0.6955095956772871,,,,,-0.8082502377063169,0.1873466934316652,-0.6579569491103645,-0.624826035756343,,,,-0.83736120182887,,,,,0.1829037943135723,,0.1335714285714285,-0.2627775587964788,-0.2154775982131126,-0.7812730749479072,,,0.2142857142857142,0.0,0.2933687002652519,0.0,-1.2156862745098038,0.9254247700119432,-0.4841269841269841,-0.4219733291980941,,,,,0.1333333333333333,,1.3298320846081573,-0.0840309810671256,0.0,0.0,-0.6267126921804483,0.0,0.0,,0.8646294153678622,,-0.6880479414049495,-0.7633333333333333,-0.5875706214689266,,-0.5745925616381111,-0.6784922394678492,-0.7441860465116279,,,,18000000.0,0.0,0.0,-0.4973926995587645,-0.9264229523368812,1.7475728155339805,-2.03566613615236,0.0,0.0,0.0,-0.632398753894081,,19.8411,-0.0701227567424749
2003-09-30,-0.8761245337299168,0.3656093489148581,,0.335707019328586,-0.7885088582677166,-0.945029239766082,,-0.6944135321611395,0.0,,0.0093896713615023,-1.618308132407029,,-0.9102990033222592,0.1420486555697823,,-0.6649989576818846,,-0.66102779159855,-0.2012037833190025,,-0.735040255312976,-2.6440976038689823,-0.9731031714171016,-0.4729411764705882,,,,-0.8556067588325653,-1.069600169240533,-0.2193698949824971,-0.7323630295726338,,,,-2.2588235294117647,,0.0,0.3679245283018867,,,,0.3397679026323238,,-0.7485565059057476,,,,-0.7703372461337805,,,,,-0.8761245337299168,0.1325887918042355,-0.7531417195470946,-0.7067230489240981,,,,-1.000653167864141,,,,,-1.102550909647235,,-0.0378571428571428,-0.2575220076205492,-0.2732886611483379,0.1448213504781486,,,0.2857142857142857,0.03125,-0.523607427055703,0.1195652173913043,,-0.8215108936659185,1.5476190476190477,-0.7201876961225423,,,,,0.1733333333333333,,0.780553614878701,1.0966919104991395,0.0,0.0,1.186010074843478,0.0,0.0,,0.4698836180494113,,0.914437909222062,0.45,-0.5536723163841808,,0.9339740910990388,-0.8070953436807096,-0.8682170542635659,,,,0.0,0.0,0.0,1.52426795026073,-0.3655714946783896,0.1100323624595469,-0.9454349000540248,0.0,0.0,0.0,0.8442367601246106,,18.2461,0.0111607759501854
2003-06-30,-0.8839261769510203,0.348914858096828,,-0.2502543234994913,-0.7765748031496063,-1.019457735247209,,-1.1083908301802805,0.0,,-0.2390754785120982,-1.6191254597466285,,-0.901439645625692,0.1471702944942381,,-0.6533249947884094,,-0.5999004904399744,-0.1037546574949842,,-0.6723725248422427,-2.668718399648274,-0.967081493376154,-0.6294117647058823,,,,-0.65284178187404,-1.0230590226359213,-0.4807467911318553,-0.6507833503290998,,,,-2.188235294117648,,0.0,0.7830188679245284,,,,0.3601471836965751,,-0.7434773233666355,,,,-0.7551332215390348,,,,,-0.8839261769510203,0.1375667828612745,-0.7475426154037577,-0.7019055775612889,,,,-1.008491182233834,,,,,-0.7914435211886354,,-2.7807142857142857,0.7567993693338589,-0.2680331099724083,-0.6859958706859672,,,0.1428571428571428,0.03125,-0.5554376657824933,0.0,,-0.5582364451367587,0.4682539682539682,-0.53231264496014,,,,,-0.1066666666666666,,1.1660121901274425,0.129394148020654,0.0,0.0,-0.0724090361483386,1.5,0.0,,-0.0555366501054924,,-0.1686827211186327,-0.3333333333333333,-0.4519774011299435,,-0.1107396573338905,-0.8337028824833703,-0.8682170542635659,,,,0.0,0.0,0.0,0.1283594063377457,-0.8505321610365572,0.2944983818770226,-1.1133499788280987,-0.3745435250788102,0.0,0.0,-0.1838006230529595,,18.4768,-0.0014622515400017
2003-03-31,-0.8710534656361997,0.350584307178631,,-0.0101729399796541,-0.7566437007874016,-1.0309409888357255,,-0.997106610282662,0.0,,-0.2491874322860238,-1.613404168369432,,-0.8648947951273532,1.1356466069142126,,-0.8250990202209715,,-0.6283317933044281,-0.3662940670679278,,-0.6453905853340103,-2.6863046823477688,-0.9690887193898032,-0.4952941176470588,,,,-0.8740399385560675,-0.8868203934842395,-0.7887981330221704,-0.6581996848057847,,,,-2.188235294117648,,0.0,0.7830188679245284,,,,0.3963770166996886,,-0.7417523179759937,,,,-0.70072666294019,,,,,-0.8710534656361997,1.0983190568698142,-0.7494089834515366,-0.703511401348892,,,,-1.038536903984324,,,,,0.1623912192503679,,-4.795,2.512153462094337,0.7462882669819998,-0.6021519309354602,,,0.0714285714285714,0.0,0.526790450928382,0.0760869565217391,-0.0784313725490196,-0.5143573703818988,-0.0238095238095238,-0.6635269664068971,,,,,0.24,,0.8190994724035752,0.3565886402753873,0.0,0.0,-0.2821455546469747,0.0,0.0,,0.2548152181310828,,-0.4128287648429697,-0.6133333333333333,-0.7796610169491526,,-0.3155035520267447,-0.6807095343680709,-0.9612403100775194,,,,0.0,0.0,0.0,-0.1123144805455274,-0.8135122628412772,0.8220064724919094,-1.342103854259446,0.0,0.0,0.0,-0.35202492211838,,16.131,0.0628273232922941
2002-12-31,-1.074871394787527,,,-0.091556459816887,-0.9755167322834646,-1.1627857522594365,,-1.8072557311373247,0.0,,-0.2477428674611773,-2.0662035145075603,,-1.9534883720930232,2.8462740076824584,,-0.7050239733166562,,-0.9547231501883574,-0.0773860705073086,,-0.881555088126496,-2.929874697735766,-1.1387662250769437,-0.3058823529411765,,,,-1.1751152073732718,-1.3378464142162048,-1.0455075845974329,-0.3837953091684435,,,,-2.0,,0.0,-0.0094339622641509,,,,-0.0134729691480328,,-0.9574738254390378,,,,-0.8903297931805478,,,,,-1.074871394787527,2.7609680699208625,-0.9071792957571232,-0.8392570388609356,,,,-1.038536903984324,,,,,0.3367481072876051,,-0.0378571428571428,2.517409013270267,2.501642359742478,-1.0823490404156373,,,0.0714285714285714,-0.15625,-0.1416445623342175,,-0.0784313725490196,0.7307113757872523,-0.5,-0.4219733291980941,,,,,-0.7933333333333333,,1.802018839287865,-0.3559759036144578,0.0,0.0,-1.2109787079980774,0.0,0.0,,-0.0310351868236575,,-1.2562423704361336,-1.27,-0.8587570621468926,,-1.1303802758044297,-1.58980044345898,-1.2403100775193798,,,,0.0,0.0,0.0,-1.2515042117930204,-1.933364183248496,1.1132686084142396,-2.558879787404909,-0.3121196042323418,0.0,0.0,0.0155763239875389,,16.8951,-0.0368043248661905
2002-09-30,-1.102664748762708,,,-0.2583926754832146,-1.0358021653543308,-1.0751727804359383,,-0.1513465390607611,0.0,,-0.0613940050559768,-2.2852472415202287,,-2.028792912513843,2.8513956466069144,,-0.8476130915155305,,-1.039732745753074,-0.4775007165376899,,-0.9680133459055632,-2.950098922840185,-1.168874615281681,-0.2964705882352941,,,,-0.9692780337941628,-1.3162682462449755,-1.134189031505251,-1.1031797534068786,,,,0.3294117647058823,,0.0,0.0094339622641509,,,,-0.090461364279649,,-0.9855530798533746,,,,-1.0352152040245948,,,,,-1.102664748762708,2.7659460609779014,-0.9351748164738086,-0.8633443956749812,,,,-1.1979098628347484,,,,,0.8256311462939759,,6.819285714285714,0.0,2.506897910918408,0.0114332645114327,,,0.0714285714285714,-0.15625,-0.1204244031830238,,,-0.2181736157865941,2.293650793650793,-0.5770447999988071,,,,,0.18,,0.9829193668842902,0.8109776247848537,0.0,0.0,0.966286103083002,0.5,0.0,,0.2929286054583815,,0.6569748085673066,0.1733333333333333,-0.8361581920903954,,0.6874216464688675,-0.9379157427937916,-1.2403100775193798,,,,0.0,0.0,0.0,1.3798636181307662,-0.5839888940305414,0.0906148867313915,-1.074413148967444,-0.0624239208464683,0.0,0.0,0.6261682242990654,,16.6636,-0.0234250694221775
2002-06-30,-1.15181510105566,,,-0.311291963377416,-1.0409694881889764,-1.2712387028176502,,-0.360560872468284,-1000000.0,,-0.2679667750090285,-2.2525541479362485,,-1.9789590254706533,0.3981306017925736,,-0.8818011257035647,,-0.916909517378634,-0.5600458584121525,,-0.981649379850584,-3.2613761266212355,-1.1775725946741602,-0.8658823529411764,,,,-0.8924731182795699,-1.3056907129257458,-1.2135355892648776,-0.8139427088161676,,,,0.2352941176470588,,-1000000.0,0.7830188679245284,,,,-0.0395131616190206,,-0.9874697525096432,,,,-1.0355133221539037,,,,,-1.15181510105566,0.3814883446561888,-0.9432624113475178,-0.8703029654212611,,,,-1.2279555845852383,,,,,0.2854666696295941,,1.2621428571428572,-0.4729996058336618,-0.0105111023518591,-0.5640410492306842,,,0.0714285714285714,-0.34375,0.0068965517241379,,,0.2727235330334016,0.5952380952380952,-0.3384733064592486,,,,,0.1466666666666666,,0.9732829025030716,0.0157969018932874,0.0,0.0,-0.0174780432082196,4.5,0.0,,-0.0963724222418838,,0.0887803795361225,-0.2433333333333333,-0.8022598870056498,,0.0020894274968658,-0.8425720620842572,-1.3643410852713178,,,,0.0,0.0,0.0,0.2246289610910549,-0.8079592781119852,0.1585760517799352,-1.0208750079090436,-2.309685071319329,0.0,0.0,-0.1526479750778816,,16.7353,-0.0926895422640611
2002-03-31,-1.1815588658361167,,,-0.2990844354018311,-1.0713582677165354,-1.2920786815523655,,-0.5564210994880926,-1000000.0,,-0.3026363308053449,-2.23375561912546,,-1.9424141749723145,-0.0628169014084507,,-0.9401709401709402,,-0.9410761248134196,-0.4992834623101175,,-1.0324218466671502,-3.2807210375906792,-1.1971095945403452,-1.091764705882353,,,,-1.1996927803379416,-1.402157816797123,-1.2368728121353558,-1.1068879206452211,,,,0.1647058823529411,,-1000000.0,0.7830188679245284,,,,-0.0021511463345598,,-0.9982989530175616,,,,-1.0632383081796162,,,,,-1.1815588658361167,-0.0665308504773271,-0.9614283936792336,-0.8859329836205974,,,,-1.2893533638145005,,,,,0.0735033939764823,,-0.1235714285714285,-0.4362107476021548,-0.4835107081855209,-1.0442381587108611,,,,-0.34375,0.4525198938992042,0.217391304347826,,-0.5088724860375413,-0.0079365079365079,-0.6038840930220075,,,,,-0.2266666666666666,,0.8383724011660122,-0.1115697074010327,0.0,0.0,-0.4719071666219312,0.0,0.0,,-0.5537330701694685,,-0.6259016757296637,-0.8166666666666667,-0.9265536723163842,,-0.532804011700794,-0.549889135254989,-1.3953488372093024,,,,0.0,0.0,0.0,-0.3369434416365824,-0.8005552984729292,0.029126213592233,-0.6023040869070042,-0.2496956833858734,0.0,0.0,-0.5015576323987538,,16.6027,-0.0618123255842542
2001-12-31,-1.181990394226784,,,-0.2627100712105799,-1.0537544291338583,-1.3546169059011164,,-0.976817271310928,-620000.0,,-0.255604189237992,-2.297646097261953,,-1.97840642303433,-0.0264942381562099,,-0.3881392537002293,,-0.916743762882934,0.1178526798509601,,-1.0055341988830058,-3.447609584524072,-1.203992773986351,-0.9982188235294116,,,,-1.1187066052227344,-1.5907010789083986,-1.063607934655776,-0.2978807824232873,,,,0.3909647058823529,,-620000.0,0.7867358490566038,,,,-0.0389482026606283,,-1.0063431323222884,,,,-1.140599962735234,,,,,-1.181990394226784,-0.031226937900806,-0.9678285429886774,-0.8914396745530457,,,,-1.2893533638145005,,,,,0.7611190977201983,,-0.6667142857142857,-0.1991223229536197,-0.4462383392458284,-1.4518454718079516,,,0.0573571428571428,-0.4555,-0.1362440318302387,0.7020978260869565,,0.7075487092010306,-0.9834920634920636,-0.1987658398424831,,,,,-0.9438333333333332,,0.7747910091787323,-0.9473734939759036,0.0,0.0,-0.642822454291796,0.0,0.0,,-0.6806016470428095,,-0.8227188991232938,-0.97625,-0.9665197740112994,,-0.7074676138737985,-0.7283658536585366,-1.4573643410852712,,,,0.0,0.0,0.0,-0.7231929402326515,-1.0269134659879686,0.0135760517799352,-0.7864947605628319,-0.0910765005149973,0.0,0.0,-0.5638629283489096,,16.1873,-0.0494429186206552
2001-09-30,-1.1939502157641952,,,-0.2862583926754832,-1.0698214812992126,-1.3512340244550771,,0.2890451813932784,-625000.0,,-0.1999089924160346,-2.3089301185124644,,-2.02385603543743,0.2040819462227913,,-0.4669343339587242,,-1.0142665434643543,-0.1960045858412152,,-1.0919901356350186,-3.4661701472851174,-1.2309116820553994,-0.8575517647058823,,,,-0.8150967741935484,-1.6009528242013962,-1.1499136522753792,-0.6876425326782238,,,,0.1677176470588235,,-625000.0,0.7867358490566038,,,,-0.0854140956694027,,-1.0295546131914997,,,,-1.1461151481274454,,,,,-1.1939502157641952,0.1928822194870927,-0.9928584048774418,-0.91297537736859,,,,-1.3217243631613325,,,,,-0.8063424882095428,,0.5418857142857143,-0.4071475495992642,-0.2096334253054789,0.5299241879285688,,,0.0034285714285714,-0.46465625,-0.0288912466843501,,,-0.5506316529933071,3.1152063492063493,-0.2342533495064925,,,,,1.1425066666666666,,0.802515117203498,0.8836110154905336,0.0,0.0,1.2541294998158563,0.0,0.0,,0.3387517865650309,,0.851723449117745,0.2881966666666666,-0.9425197740112994,,0.8775052235687422,-0.5961729490022173,-1.426356589147287,,,,0.0,0.0,0.0,1.8782992378660248,-0.2145062471078204,-0.0021197411003236,-0.6296061052949221,0.038390711320578,0.0,0.0,0.794392523364486,,13.979,0.093941500684475
2001-06-30,-1.2148704195821245,,,-0.2984333672431332,-1.072484128937008,-1.4332665603402446,,-0.5721388827064322,-628000.0,,-0.4595074033947273,-2.296654679199019,,-1.9963543743078629,0.0013572343149807,,-0.6345590994371482,,-0.9668957281967446,-0.2362545141874462,,-1.055134256908682,-3.47687140030776,-1.253340024086712,-0.9419611764705882,,,,-0.8790015360983103,-1.5323507510048655,-1.1889941656942824,-0.5854862334291276,,,,0.1442117647058823,,-628000.0,0.7867358490566038,,,,-0.438709312199264,,-1.0432370684491723,,,,-1.1194335755543134,,,,,-1.2148704195821245,-0.0041566225326276,-1.013712828169715,-0.9309185312065088,,,,-1.3218097713912476,,,,,0.9236026235583504,,-0.2941285714285714,-0.3076126658783339,-0.4176586519511234,-1.3666447846687546,,,,-0.464625,-0.618026525198939,,,0.8370879652038937,0.1442539682539682,-0.1157310315160398,,,,,-1.13052,,0.7683056686501722,-0.9662650602409638,0.0,0.0,-0.1804832678947072,0.5,0.0,,-0.3201197849316001,,-0.3506247919209854,-0.6426833333333334,-1.037491525423729,,-0.2948976180526536,-0.804689578713969,-1.520062015503876,,,,0.0,0.0,0.0,0.027725631768953,-0.9078833873206849,0.1225922330097087,-0.9522391110721744,-0.5669340491276257,0.0,0.0,-0.2793333333333333,,15.8536,-0.0878978356201323
2001-03-31,-1.2535470658507448,,,-0.3036093591047812,-1.1206494832677163,-1.4354407230196704,,-0.2241442243489873,-628000.0,,-0.469242325749368,-2.303534940743768,,-2.014493909191584,0.0983559539052496,,-0.7498469877006463,,-1.079657687113512,-0.4118521066208082,,-1.1647079132516138,-3.4766357441195868,-1.2855855747357152,-1.1057835294117646,,,,-1.164768049155146,-1.6273403850222128,-1.4872392065344224,-0.8201056827662928,,,,0.1761882352941176,,-628000.0,0.7867358490566038,,,,-0.0758426266628927,,-1.0678999496873427,,,,-1.1569964598472144,,,,,-1.2535470658507448,0.0901215500966352,-1.0436955331591389,-0.9567156621346752,,,,-1.3218097713912476,,,,,-0.1180259381511674,,-0.5164142857142857,-0.1263014058599395,-0.3181237682301931,-0.7525222257898242,,,,-0.464625,0.3007002652519894,0.8650652173913044,,0.0015206841844731,0.1177301587301587,-0.4623605009106721,,,,,0.31306,,0.8372834806909345,-0.0114423407917383,0.0,0.0,-0.383692985686731,-0.5,0.0,,-0.567837745865378,,-0.5366640772389302,-0.7722366666666667,-1.0030960451977402,,-0.4641955704137066,-0.7868957871396896,-1.4566821705426356,,,,0.0,0.0,0.0,-0.1551223425591656,-0.9680185099490975,-0.0407734627831715,-0.8098641591348237,-0.4797278317051094,0.0,0.0,-0.4620996884735202,,14.534,-0.0121483109188767
2000-12-31,-1.2489036253260843,,,-0.2778840284842319,-1.1195100885826772,-1.4193012227538544,,-0.6795771199643891,-628000.0,,-0.4283712531599855,-2.3245304454434,,-2.0037918050941306,0.2750473751600512,,-0.7175643110277257,,-1.1105824152391783,-0.492744052737174,,-1.1862560382969465,1.979077599472412,-1.3004587180516527,-0.9303741176470588,,,,-0.901831029185868,-1.6289113602707848,-1.3813302217036172,-0.0355094094743672,,,,-145.5851058823529,,-628000.0,0.7867358490566038,,,,-0.0649012170959524,,-1.0776254342461489,,,,-1.1613191727221912,,,,,-1.2489036253260843,0.261857263573426,-1.057524947119572,-0.968614495236056,,,,-1.3218097713912476,,0.5663157894736842,,,0.1733312592840769,,-1.6174142857142857,0.4600551832873472,-0.1368125082117987,-1.1065037172401242,,,1.8743571428571428,-0.464625,0.2962970822281167,,,0.2352398334240624,,-0.2551492301968885,,,,,-0.0305666666666666,,0.7858054879664651,-0.5703614457831325,0.0,0.0,-0.7566744277501389,-0.5,0.0,,-0.6983515959980944,,-0.836519809122184,-1.1173566666666668,-1.4097175141242937,,-0.8176473046385291,-0.8870931263858093,-1.448217054263566,,,,0.0,0.0,0.0,-0.7220858403529884,-1.2082221193891718,0.0778025889967637,-1.008999274801544,0.3795998626673741,0.0,0.0,-0.7072959501557632,,16.5669,-0.1395970975634682
2000-09-30,-1.2579484603944706,,,-0.2678168870803662,-1.1385071358267715,-1.3930832535885167,,0.2358201647006454,-628000.0,,-0.3400895630191405,-2.3192088271352675,,-2.0039512735326688,0.8464635083226633,,-0.4845561809464248,,-1.187258511621295,-0.1697449125824018,,-1.2321311380285775,1.9397766542097163,-1.324188010169945,-0.8306976470588235,,,,-1.060337941628264,-1.8150150200973127,-1.277358226371062,-0.8066042458514879,,,,-144.5209411764706,,-628000.0,0.7867358490566038,,,,-0.0650642513444664,,-1.0946333165624476,,,,-1.2260108067821875,,,,,-1.2579484603944706,0.8172467478162175,-1.0795890257558791,-0.98759843699818,,,,-1.3218097713912476,,,,,-0.5721982813880859,,2.671228571428572,-0.5313309683353041,0.4495440809354881,0.4713134629547938,,,,-0.46465625,-0.0736870026525199,,,-0.362807273505129,,-0.4841540068455108,,,,,1.19184,,0.7639403502854802,1.1191359724612735,0.0,0.0,1.1402825200841442,-0.5,0.0,,0.2537861566732458,,0.816211297303296,0.23898,-1.0189604519774011,,0.8060635185959047,-1.0819955654101996,-1.636496124031008,,,,0.0,0.0,0.0,1.68,-0.6517149467838963,-0.0477961165048543,-1.1284647694696317,-0.5294172726988983,0.0,0.0,0.7267102803738318,,14.6223,-0.0616336702976673
2000-06-30,-1.2881036643343005,,,-0.2793489318413021,-1.1558645423228346,-1.4645996810207336,,-0.3457823280658803,-628000.0,,-0.5839075478512098,-2.3349906007355945,,-1.9832724252491687,-0.1196619718309859,,-0.7156422764227642,,-1.1169584192195607,-0.3258480940097449,,-1.2151217813882642,1.8529549351505823,-1.33777693028235,-1.0969823529411764,,,,-1.1287772657450077,-1.7325999576898667,-1.3361446907817969,-0.8448428664132752,,,,-142.1828705882353,,-628000.0,0.7867358490566038,,,,-0.0439230116048683,,-1.102575720549127,,,,-1.2057387739891932,,,,,-1.2881036643343005,-0.1217815732194037,-1.092224337439343,-0.9984698640402526,,,,-1.3218158066623122,,,,,0.500636744517587,,0.108,-0.5797345946656156,-0.5418420706871633,-1.2872445737250242,,,,-0.464625,-0.075129973474801,,,0.4977957621041113,,-0.3904789099072031,,,,,-1.1371933333333333,,0.7281890674311595,-0.5774010327022375,0.0,0.0,0.0066116940593379,-0.5,0.0,,-0.3353705846321377,,-0.2196293419154366,-0.5503266666666666,-1.057864406779661,,-0.1590263267864605,-1.1355676274944568,-1.6652713178294574,,,,0.0,0.0,0.0,0.3247332531087044,-1.1239167052290606,-0.0007605177993527,-1.2226310589357592,-0.3794125909048347,0.0,0.0,-0.1614641744548286,,11.8004,0.141354770915739
2000-03-31,-1.287828071287515,,,0.6777741607324517,-1.1522914616141733,-1.4757571504518874,,0.0208635655464055,-628000.0,,-0.6218042614662332,-2.3018986514098896,,-1.9281749723145072,-0.166832266325224,,-0.5845711903272879,,-1.1193386878953728,-0.1658056749785038,,-1.2202228185972293,1.7714864805451749,-1.355427271510772,-0.9970129411764704,,,0.2033090668431502,-1.5229339477726576,-1.7991026020731966,-1.395565927654609,-1.0850468156113842,,,,-140.00287058823528,,-628000.0,0.7867358490566038,,,,0.0124064534390036,,-1.110448261817485,,,,-1.2248183342649526,,,,,-1.287828071287515,-0.1676288708547335,-1.1086360582306831,-1.0125905149341612,,,,-1.3218097713912476,,,,,-0.4438955431302531,,-2.2405857142857144,0.2358796478780712,-0.5902456970174748,-0.6706981627696702,,,,-0.464625,0.3700159151193634,,,-0.2598834187832606,,-0.4082465218885617,,,,,0.4972333333333333,,0.7536196969331952,0.0,0.0,0.0,-0.4287413936242595,-0.5,0.0,,-0.7240155175934119,,-0.5914948396404395,-0.82965,-1.0581468926553672,,-0.5168031759297952,-1.2005609756097562,-1.7087441860465116,,,,0.0,0.0,0.0,-0.2366466105094264,-1.3366478482184174,-0.1856893203883495,-1.1549028769450165,-0.4945223009457224,0.0,0.0,-0.4866479750778816,,10.6218,0.2679998481425942
1999-12-31,-1.3012555769558964,,,-0.2673448626653102,-1.172404035433071,-1.464795321637427,,-0.4504785221455598,-600000.0,,-0.5846153846153846,,,,0.6280921895006402,,-0.8082551594746716,,-1.225502878669415,-0.5370020063055316,,-1.2835279611227968,1.7048142448889867,,-0.98,,,,-1.331490015360983,,-1.2592765460910151,-0.4865115416705293,,,,-138.21882352941176,,-600000.0,,,,,-0.0130200962354939,,-1.1250293490500491,,,,-1.2091671324762436,,,,,-1.3012555769558964,0.6050001431172429,-1.1247729252208536,-1.0264746815116157,,,,-1.3218097713912476,,,,,0.0338457488542872,,-1.9692857142857143,0.9517803179608462,0.2254631454473788,-1.220691541003974,,,,-0.465625,0.109814323607427,,,0.1232604346496598,,-0.4049751102834005,,,,,0.0753333333333333,,0.6080609024548893,-0.5005542168674699,,,-0.9897566182483256,,,,-1.031783842646158,,-1.139052269448452,-1.2713333333333334,-1.1615819209039548,,-1.0117007939824487,-1.1399113082039911,,,,,,,,-0.9643000401123144,-1.505229060620083,-0.1682847896440129,-1.1014255746832733,-0.4432098380099254,,,,,10.9908,-0.0687102721444099
1999-09-30,-1.293346661140503,,,-0.212410986775178,-1.1741510826771653,-1.4240510366826156,,-2.795904740707768,-600000.0,,-0.4462260743950885,,,,1.3256594110115236,,-0.7072753804461122,13.213333333333331,-1.2979742696709076,-0.5047864717684151,,-1.3179662000435193,1.659265772697296,,-0.6605882352941177,,,,-0.9717357910906298,,-1.2373395565927654,-0.7783443033280801,,,,-137.0,,-600000.0,,,,,-0.0375884517407302,,-1.1432760727377274,,,,-1.229439165269238,,,,,-1.293346661140503,1.2830025250859636,-1.1457633445315416,-1.044534846376191,,,,-1.3218097713912476,,,,,-0.4912761727637447,,3.935,-0.5045329128892393,0.941269215608987,0.4584739069084548,,,,-0.465625,0.036604774535809,,,-0.2979786829969956,,-0.735993057569538,,,,,1.2386666666666666,,0.7256257679057554,1.3982409638554216,,,1.1051117034225757,,,,0.2597155107874498,,0.7493064032848741,0.1803333333333333,-1.047457627118644,,0.7659841203510238,-1.0649667405764969,,,,,,,,1.668672282390694,-0.6552521980564553,-0.0097087378640776,-1.1384155630508952,-0.3620587409095165,,,,,12.4562,-0.0891484161284578
1999-06-30,-1.3247287709973914,,,-0.3165818921668362,-1.1937253937007877,-1.4932482721956406,,-0.4642777654128645,-600000.0,,-0.6812567713976164,,,,-0.0935467349551856,,-0.8845528455284553,,-1.209268604733812,-0.5347090856979078,,-1.307840719518387,1.5993844801055177,,-1.0242352941176471,,,,-0.9846390168970814,,-1.247607934655776,-0.8217298600166868,,,,-135.39764705882354,,-600000.0,,,,,-0.0074724030568921,,-1.144493159874458,,,,-1.2215390348425563,,,,,-1.3247287709973914,-0.0963987968195615,-1.1506532288167226,-1.048742104699711,,,,-1.3206846897452644,,,,,-0.2321339744652628,,-0.3121428571428571,-0.3983707791354618,-0.5150440152410984,-0.7713642457046654,,,,,-0.0801061007957559,,,-0.3289682795426155,,-0.6074626654251009,,,,,0.1593333333333333,,0.682261678190272,0.1390327022375215,,,-0.2157289904557399,,,,-0.4941128428503369,,-0.4381311730107646,-0.722,-1.0836158192090397,,-0.3518595904722106,-1.211529933481153,,,,,,,,0.0449257922182109,-1.2727440999537252,-0.0401294498381877,-1.2763979538695909,-0.2933924279784013,,,,,12.4415,-0.0401824782030921
1999-03-31,-1.336801813882049,,,-0.3511698880976602,-1.2090305118110236,-1.4929930887825624,,-0.5127976852882261,-600000.0,,-0.6803900325027086,,,,0.009910371318822,,-0.9218261413383364,,-1.2266116994811287,-0.4933218687302952,,-1.319677957496192,1.526841063970103,,-1.1250588235294117,,,,-1.2433179723502303,,-1.309218203033839,-1.080930749976824,,,,-133.4564705882353,,-600000.0,,,,,0.0021511463345598,,-1.14814442128465,,,,-1.2333147009502516,,,,,-1.336801813882049,0.0041566225326276,-1.1564514122184897,-1.0537308639331977,,,,-1.3218097713912476,,,,,-0.4297384475741316,,-0.0621428571428571,-0.384180790960452,-0.4088818814873209,-0.8231950448231607,,,,-0.465625,0.0949602122015915,,,-0.487481437094547,,-0.8558752330731662,,,,,0.32,,0.7024982533908309,0.3789638554216867,,,-0.5088607436907385,,,,-0.7884026407132648,,-0.6924869603817556,-0.9043333333333332,-1.0542372881355933,,-0.591307981613038,-1.3594235033259423,,,,,,,,-0.3818692338547934,-1.5022674687644608,-0.2045307443365696,-1.3150914285436166,-0.3308467804862823,,,,,11.5483,0.0340453763760006
1998-12-31,-1.3334568593510008,,,-0.3361139369277721,-1.2088336614173227,-1.4790855927698032,,-1.0269307812152235,-600000.0,,-0.6331527627302275,,,,0.0237387964148527,,-0.9104023347925788,,-1.2226313170801053,-0.4784178847807395,,-1.3148328135199825,1.45113211694878,,-1.1068235294117648,,,,-1.2254992319508449,,-1.2938156359393231,-0.6500417168814313,,,,-131.43058823529412,,-600000.0,,,,,0.003736201528446,,-1.1463427489877571,,,,-1.2333147009502516,,,,,-1.3334568593510008,0.0175971983866331,-1.1542864252830658,-1.0518681083395782,,,,-1.3376877857609406,,,,,-0.388029544945616,,0.185,-0.4609118381290237,-0.3946918933123111,-0.7237256435736955,,,,-0.465625,-0.0175066312997347,,,-0.2151569293971975,,-0.7276430552956534,,,,,0.6886666666666666,,0.7044255462670747,0.3207882960413081,,,-0.698122983002603,,,,-0.8107261961478255,,-0.873155032737765,-1.0583333333333331,-1.1163841807909605,,-0.7613873798579189,-1.3964523281596453,,,,,,,,-0.5391095066185319,-1.6085145765849145,-0.0993527508090614,-1.4348221803651302,-0.0187271762539405,,,,,13.4019,-0.1024906159968106
1998-09-30,-1.3066679669405368,,,0.5961342828077314,-1.182566437007874,-1.453056884635832,,-2.7950144669485866,-600000.0,,-0.5450343084145901,,,,-0.0510371318822023,,-0.8079216176777152,9.986666666666666,-1.1721657544956998,-0.4088277443393522,,-1.2675709001233046,1.3852714882391737,,-0.7488235294117647,,,,-0.9268817204301076,,-1.3283547257876314,-0.9986094372856216,,,,-129.6635294117647,,-600000.0,,,,,-0.0257005377865836,,-1.149179424519035,,,,-1.2216880939072108,,,,,-1.3066679669405368,-0.0550814710461372,-1.1547343536145327,-1.052253506048603,,,,-1.326965264532985,,,,,-1.01673997063283,,0.1935714285714285,-0.5407962160031533,-0.4714229404808829,-0.0781273074947907,,,,-0.465625,0.0100795755968169,,,-0.719492044860869,,-0.8704877370524641,,,,,0.3906666666666666,,0.6841889710665157,1.0688089500860585,,,0.9927528542268776,,,,0.193017082964677,,0.6489845744090555,0.087,-1.1084745762711865,,0.671541997492687,-1.1842572062084258,,,,,,,,1.5178499799438427,-0.7966682091624248,-0.0158576051779935,-1.2647169049113944,-0.2184837229626393,,,,,12.9673,-0.0596133064860956
1998-06-30,-1.3302386815222955,,,-0.3116988809766022,-1.193922244094488,-1.5165975544922914,,-2.795904740707768,-600000.0,,-0.7609967497291441,,,,-0.1288860435339308,,-1.0528246820929748,7.933333333333334,-1.1596844125382046,-0.5936371453138435,,-1.2592442155653878,1.3086832270828754,,-1.074235294117647,,,,-1.0304147465437787,,-1.3498249708284713,-1.1465653100954851,,,,-127.61176470588236,,-600000.0,,,,,-0.0149448061137843,,-1.145834830733846,,,,-1.1917272219116826,,,,,-1.3302386815222955,-0.130746935113131,-1.1515739703869603,-1.0495343111015951,,,,-1.3239819725669495,,,,,-0.202048864372563,,-0.005,-0.5476284325318618,-0.5513073183550125,-1.0545280967711508,,,,,0.0503978779840848,,,-0.3048347884274425,,-0.8579627336416373,,,,,-0.2526666666666666,,0.6282974776554482,0.1724234079173838,,,-0.2451919775781674,,,,-0.5387599537194583,,-0.4612140716901565,-0.7576666666666667,-1.1457627118644067,,-0.3735896364396155,-1.2844789356984478,,,,,,,,-0.0032089851584436,-1.3432670060157337,-0.0763754045307443,-1.3292060293681038,-0.2871500358937545,,,,,12.0918,0.0084789568465283
1998-03-31,-1.3383426384182169,,,-0.2697863682604273,-1.2045890748031496,-1.5150664540138223,,-0.9494769641664812,-600000.0,,-0.7557963163596967,,,,-0.1355441741357234,,-1.10560767146133,,-1.1734735944274646,-0.5963886500429922,,-1.2736926089794731,1.2395691360738623,,-1.2088235294117646,,,,-1.4067588325652842,,-1.3540256709451577,-1.2010753684991191,,,,-125.76235294117647,,-600000.0,,,,,0.0074724030568921,,-1.1428352380267854,,,,-1.195155580398733,,,,,-1.3383426384182169,-0.1372183234872818,-1.1501430882169963,-1.0483031795310995,,,,-1.3169665969954278,,,,,-0.2119632756531118,,0.4921428571428571,-0.7373538299829194,-0.5581395348837209,-0.9363843634863454,,,,,0.0037135278514588,,,-0.3127878707267609,,-0.8859948841325355,,,,,0.224,,0.6803343853140282,0.3114939759036144,,,-0.6077365309829527,,,,-0.8235214047505615,,-0.7577405393408057,-0.9616666666666668,-1.0824858757062148,,-0.6527371500208943,-1.4046563192904655,,,,,,,,-0.4669073405535499,-1.5672373900971772,-0.1987055016181229,-1.3691162799752752,-0.380785917163457,,,,,12.6152,-0.0934670555799736
1997-12-31,-1.3353975181022504,,,-0.2059003051881993,-1.2067175196850393,-1.4948644338118022,,-1.3928332962385934,-600000.0,,-0.6873239436619718,,,,-0.3204353393085787,,-1.0835939128622056,,-1.1765157438339613,-0.6179421037546575,,-1.2872706172481323,1.1723895361617938,,-1.1774117647058824,,,,-1.2457757296466974,,-1.3787631271878646,-0.6641327523871327,,,,-123.96235294117648,,-600000.0,,,,,-0.0177752618171525,,-1.1424998203119383,,,,-1.287065399664617,,,,,-1.3353975181022504,-0.3169238006463921,-1.1469329351748163,-1.0455411626164222,,,,-1.3169665969954278,,,,,,,,,,,,,,,,,,,,,,,,,,,,,,,,,,,-0.1671544272782958,,,-7.614,,,-8.58629335562056,2.8740576496674057,,,,,,,,-0.8600080224628961,-1.5094863489125403,-9.52168284789644,,,,,,,12.7374,-0.1430651850444803
1997-09-30,,,,,,,,,,,,,,,,,,,,,,,,,,,,,,,,,,,,,,,,,,,,,,,,,,,,,,,,,,,,,-1.3220450424559111,,,,,,,,,,,,,,,,,,,,,,,,,,,,,,,,,,,0.6797794868304635,,,1.790333333333333,,,3.2035102381947347,,,,,,,,,-4.402727637384677,-0.9336418324849608,,,,,,,,11.3201,-0.0358338676355346
1997-06-30,,,,,,,,,,,,,,,,,,,,,,,,,,,,,,,,,,,,,,,,,,,,,,,,,,,,,,,,,,,,,-1.319218902677988,,,,,,,,,,,,,,,,,,,,,,,,,,,,,,,,,,,-0.0043558156945484,,,0.9526666666666668,,,2.153363978269954,,,,,,,,,-2.225431207380666,-1.3987968533086534,,,,,,,,11.0992,-0.0166477453339994
1997-03-31,,,,,,,,,,,,,,,,,,,,,,,,,,,,,,,,,,,,,,,,,,,,,,,,,,,,,,,,,,,,,-1.3329374787720445,,,,,,,,,,,,,,,,,,,,,,,,,,,,,,,,,,,-0.0917443680664261,,,0.8456666666666667,,,2.019222732971166,,,,,,,,,-1.668672282390694,-1.4582137899120775,,,,,,,,10.8599,0.0052177142326616
