,totalAssets,intangibleAssets,earningAssets,otherCurrentAssets,totalLiab,totalStockholderEquity,deferredLongTermLiab,otherCurrentLiab,commonStock,capitalStock,retainedEarnings,otherLiab,goodWill,otherAssets,cash,cashAndEquivalents,totalCurrentLiabilities,currentDeferredRevenue,netDebt,shortTermDebt,shortLongTermDebt,shortLongTermDebtTotal,otherStockholderEquity,propertyPlantEquipment,totalCurrentAssets,longTermInvestments,netTangibleAssets,shortTermInvestments,netReceivables,longTermDebt,inventory,accountsPayable,totalPermanentEquity,noncontrollingInterestInConsolidatedEntity,temporaryEquityRedeemableNoncontrollingInterests,accumulatedOtherComprehensiveIncome,additionalPaidInCapital,commonStockTotalEquity,preferredStockTotalEquity,retainedEarningsTotalEquity,treasuryStock,accumulatedAmortization,nonCurrrentAssetsOther,deferredLongTermAssetCharges,nonCurrentAssetsTotal,capitalLeaseObligations,longTermDebtTotal,nonCurrentLiabilitiesOther,nonCurrentLiabilitiesTotal,negativeGoodwill,warrants,preferredStockRedeemable,capitalSurpluse,liabilitiesAndStockholdersEquity,cashAndShortTermInvestments,propertyPlantAndEquipmentGross,propertyPlantAndEquipmentNet,accumulatedDepreciation,netWorkingCapital,netInvestedCapital,commonStockSharesOutstanding,investments,changeToLiabilities,totalCashflowsFromInvestingActivities,netBorrowings,totalCashFromFinancingActivities,changeToOperatingActivities,changeInCash,beginPeriodCashFlow,endPeriodCashFlow,totalCashFromOperatingActivities,issuanceOfCapitalStock,depreciation,otherCashflowsFromInvestingActivities,dividendsPaid,changeToInventory,changeToAccountReceivables,salePurchaseOfStock,otherCashflowsFromFinancingActivities,changeToNetincome,capitalExpenditures,changeReceivables,cashFlowsOtherOperating,exchangeRateChanges,cashAndCashEquivalentsChanges,changeInWorkingCapital,stockBasedCompensation,otherNonCashItems,freeCashFlow,researchDevelopment,effectOfAccountingCharges,incomeBeforeTax,minorityInterest,sellingGeneralAdministrative,sellingAndMarketingExpenses,grossProfit,reconciledDepreciation,ebit,ebitda,depreciationAndAmortization,nonOperatingIncomeNetOther,operatingIncome,otherOperatingExpenses,interestExpense,taxProvision,interestIncome,netInterestIncome,extraordinaryItems,nonRecurring,otherItems,incomeTaxExpense,totalRevenue,totalOperatingExpenses,costOfRevenue,totalOtherIncomeExpenseNet,discontinuedOperations,netIncomeFromContinuingOps,netIncomeApplicableToCommonShares,preferredStockAndOtherAdjustments,adjusted_close,10%DDret
2023-09-30,1.093360334330237,,,,0.857071574014998,4.022103585718271,,-0.2979275119466047,5.391304347826087,0.0,-4.7448501251085125,,,1.824835359311478,0.883063699570236,,-0.5682957692340066,,1.2156963616206249,0.450268619591756,0.0853217059268414,1.1750439142431162,5.025326239581589,,1.7074250429906754,-2.344121790459455,,0.1478915607737324,1.0737889312803053,1.0016163177654074,,0.9970864357397216,,,,7.2,,,,,,,-0.7967296126380033,,-0.8045403222379075,,,,3.252433363676715,,,,,1.0530867834682125,1.015762443526277,,,,,0.4048745274868471,5.22251809349366,0.0454278807596063,,,,-0.4094442698415633,,-4.833358021033921,3.0315281302221946,0.8037209501025291,0.6584745146513488,0.0,0.2382978723404255,,-11.063865196588308,,,0.0,-0.2550841836139453,,0.0,,,,,-0.700886802295253,2.2589147286821705,0.1437167524199878,0.6625009082322169,,,0.0748981966259453,,0.3499245852187028,,1.0740105457086588,,,-0.0995962866569666,,,0.3098336208661072,0.5525055128887537,-6.628204098031338,-0.6914285714285714,1.7498567100630475,0.409611692574472,,,,-0.5300546448087432,0.9352850539291218,0.1874870947759653,-0.0545290089158806,-1.7134685387415496,,0.0237944162436548,,,9.37,0.1908696440184654
2023-06-30,1.1490896052087616,,,,0.9066267134635452,4.147953392923337,,0.9007271467389528,5.391304347826087,0.0,-4.381351171934841,,,1.7974246542642145,2.718808361271741,,-0.568393034672323,,0.0171149860726047,-0.8752298752226445,0.147001992215602,0.1147026262701521,5.012624473443519,,2.489747504270691,1.1013623197257976,4.29702413707101,0.1418387996572533,0.8767043122710484,1.0013421719960096,,0.8760116542570411,,,,10.67027027027027,,5.391304347826087,,-4.627881638421126,,,-0.7966388475236297,,-0.8046356588969203,,0.7187017315512487,0.3379650064443228,3.338660728391625,,,,5.034137286480263,1.1084537824220488,2.273359848631116,,,,,-0.5228126623479132,5.132947361400195,0.4247946110007453,0.4110439470674726,0.3820098693288704,-0.2484972417574015,-0.38569725092899,,-0.6606428677233003,3.307841802314786,2.546415755297334,0.419108558132771,0.0,-1.8604255319148937,,-11.13293114208446,,,-0.0387114148180563,-0.355134517115057,2.78599169679925,0.0,,-1.6420434190728668,,-0.6555118398151263,-1.0616588419405322,2.32093023255814,3.3196128019534314,0.4233088716122938,,,-1.5847876672484005,,0.933634992458522,,-0.8716091734959659,,0.9456671785088332,-1.3786913129905527,,,-0.6027076815111553,3.093909208425215,2.483246283648052,-0.8628571428571429,1.6779661016949152,0.6469313185111786,,,,-0.6939890710382514,1.0489984591679506,0.3076605409869915,4.188913296291511,-1.277483099323973,,-1.781725888324873,-1.681853522002799,,9.8047,-0.0285679317062226
2023-03-31,1.2161266152089394,,,,0.9364218233543452,4.562387982130642,,0.9007489371716454,5.5,0.0699300699300699,-3.5080222642087526,,,1.7914611386150303,2.9699390230182483,,-0.5684865591322427,,0.0,-0.8753503864796011,0.1859608750991496,0.1157521949023034,5.058832622669947,,3.071094942707476,1.0582617404834562,4.726352835917798,0.1431879090627336,1.4715757953457265,1.0025758279582997,,0.869537067011978,,,,33.82702702702703,,5.5,,-3.705412140368289,,,-0.7966590783021347,,-0.8046144091596705,,0.7196767871316739,0.1821712953971645,3.390561452871211,,,,5.080537607285381,1.1750550137684732,2.4463219677954977,,,,,-0.4829737401801936,5.181689054414625,0.7128011403730017,-0.2744649567064205,0.6393213507156402,-0.4510145549964779,-0.508282339021279,,0.7404532661827877,2.9987250108312185,2.7848171565276827,0.3254562640878354,0.0,1.4536170212765958,,-11.133347201997088,,,,-0.3038976796589322,3.6511316459086647,0.0,,-2.0796732822239736,,0.72794020856796,-1.5991653625456443,2.181395348837209,4.233190895613499,0.3297246239918622,,,-2.1788830715532286,,0.3831070889894419,,-1.5061304872625627,,-2.865230406526764,-1.310900260261901,14.785714285714286,,-2.4464458025088454,3.197931716219299,1.848131779831257,0.0285714285714285,1.4780971096372717,0.8340868272744163,,,,0.1584699453551912,0.6276322547508988,0.2217633698120999,4.419434035405091,1.5765990639625584,,-2.454473350253807,-2.341315503032188,,8.5024,-0.1012067181031238
2022-12-31,1.335168029387413,,,,1.0220890448784836,5.009305365011064,,-0.4082938744914657,5.5,0.0699300699300699,-2.454659653781341,,,-0.0555886384937421,2.688994892334001,,-0.5685782131029639,,1.23638314256085,0.5725248795489987,0.2022813635609009,1.3256246188632426,5.0464657915416025,,28.38074698781505,-2.344435021413251,5.189331707568122,0.1405990775008659,1.489542324704738,1.082040025282332,,0.850760764001295,,,,81.52432432432433,,5.5,,-2.592778778627601,,,-0.796620257078517,,-0.8046551856825014,,0.7824836080065907,0.1449178128144918,3.5395018168413293,,,,5.068119344677934,1.293322591118433,36.79030003475306,,,,,-0.3811132510340037,5.242153670347427,1.7730816426585654,0.6502205521973534,1.586599689589605,-1.3591539328749005,-1.1526039452034536,,3.791556806399052,1.4147428359225105,2.5181134654818864,0.8830073438522504,0.0,-1.5336170212765958,,-11.070522155190348,,,,-0.2100040333467778,2.6531404847997857,0.0,,-1.857849107974493,,3.7406210235333694,-1.1424100156494523,1.4930232558139536,3.2343245835876866,0.8868705950737484,,,-0.7969749854566609,,0.7571644042232277,,-4.304936153992758,-4.788489208633093,0.5250259798675414,0.4527327499641371,-0.3836996336996337,,0.7492616743179625,3.502699414493194,1.7107271996785858,0.9085714285714286,1.7279947596823058,1.3180157304762494,,,,1.0,1.605546995377504,9.729506504232914,12.572425377955808,-3.1184607384295373,,-0.9716053299492384,-0.887731301508319,,8.881,0.0579279729898713
2022-09-30,1.6440868686723504,,,,1.3420040100472084,5.307948348536555,,0.9468095537973098,5.5,0.0699300699300699,-1.7831792881580963,0.0641551721296616,,-0.1141779257183803,1.249375604707153,,0.7856110747924459,,1.611384160050272,0.866133685547567,0.4831699286122742,1.5950884075306548,5.036958790111688,,0.8345469094954058,1.5406828278177278,5.498707437479959,0.1330878197298134,1.5157777135995378,1.1668500651096203,,0.5101974749109744,,,,123.01621621621622,,5.5,,-1.8835154640287384,,,0.6946571334135092,,0.7455705784178479,,0.8495156697300165,0.0914211055986158,4.409500236979304,,,,5.058572805298459,1.6002332824280612,1.260949144688574,,,,,0.8977706850974303,5.232556314824447,0.3851309416862444,0.8214344061427872,0.3465734591516631,0.1692394538500707,-0.0676406426207687,-1.0926394542854,3.0622426307213746,0.1354954508881599,1.1514653110047848,0.5667127172253327,0.0,-0.8153191489361702,0.0049765807962529,4.9032660703141255,,,,0.0,2.655551091469131,0.0,,-1.874471591316185,,3.020491143906042,-1.0998435054773084,1.2914728682170542,3.0906078311676985,0.5708057836227567,,,-1.1640488656195462,,0.3906485671191553,,-0.500222349278953,-2.359712230215828,0.1337924402463046,-0.0005738057667479,-0.1904761904761904,,0.3804789613731396,-0.0030415937951486,1.1029329047810366,-0.5714285714285714,1.1614672889543929,0.9294605809128632,,,,-0.4153005464480874,1.2833076527991782,0.2097873219079083,4.023000387646983,-2.725117004680188,,-1.3309010152284264,-1.2399315814025813,,9.1165,0.0689080239126857
2022-06-30,1.5974095382761446,,,0.7520901781659856,1.2557650384350334,5.597205715443084,,-0.9107856104698672,5.5,0.0699300699300699,-1.0252974518715212,0.0433578879715232,,-0.0570380862138029,0.0867178183290957,,0.7946829474046495,,1.6182705284595862,0.8790573127435833,0.4955336555311652,1.518246378137874,5.028727118141884,,0.3700887055124545,1.6930446283632197,5.798360246873503,94.13914058084627,0.504301630971743,1.0663223345035295,-50397000.0,0.1786986079637423,,,,133.93513513513514,,5.5,,-1.082989029007864,,,0.6929500931299284,,0.7278517434547938,,0.7700606776485812,0.020162785359911,1.58973240146551,,,,5.050306899250376,1.5538593812003223,0.034521373132023,,,,,0.8568425070966668,4.465427676223445,-0.6244619077442776,0.6554484561346186,-0.5554193958390828,0.379767139577975,0.5715507200828234,-0.7051380789965893,0.7037179677084876,-0.1582719564275546,0.0477400888585099,0.5699120191958118,38.504049902243736,-0.6434042553191489,1.728044496487119,3.8810068649885583,,,0.8701063722355,0.2757342524475081,1.0898620597294764,0.0,,-1.2969835924625637,,0.6916675198549093,-0.7323943661971831,1.372093023255814,1.189849132292666,0.5740027610259391,,,0.2146596858638743,,0.3574660633484163,,0.7185058128454355,-1.7784172661870503,0.4344454267677943,0.3759247494723036,-0.1442307692307692,,0.6638790607912513,0.7302866702151928,0.3175572519083969,-0.04,0.5873249815770081,0.6662537932742925,,,,0.0928961748633879,1.0650231124807397,0.1916167664670658,0.994960589223414,-2.243161726469059,,0.1581535532994923,0.219716995801586,,10.6503,-0.0032769029980376
2022-03-31,1.324279375593121,,,,1.1104660153047103,4.119567252758172,,-0.6640677943941933,3.978260869565217,-0.9090909090909092,-0.6508093754787315,-0.000510868311333,,-0.06495938669814,-0.1802758589654163,,0.5829005488950553,,1.5073104580004786,0.6066126936917178,0.2348923650181697,1.3886311308859056,3.6911512746853545,,0.3401115771193126,1.4046826461437745,4.26761784488458,87.42564401742904,0.644522640563012,1.1291721559280214,,0.0582712852055681,,,,113.05945945945946,,3.978260869565217,,-0.6874292063560556,,,0.5942408441374348,,0.6241708295093378,,0.8197358472111981,-0.002507106410777,1.6890771348826012,,,,3.707168312733247,1.2825047197604649,-0.1487585434606325,,,,,0.6032712117863509,3.7984549358277047,0.6073506448605281,-1.4723084463322986,0.7386830598464152,-0.968142338657856,-0.8499426891719509,-0.7051380789965893,-2.183083987557399,0.7541746611375875,-0.2057202665755297,1.046608012797208,1.0702914067591471,3.5659574468085107,11.030152224824356,3.8535469107551488,,,0.0241862187363247,-0.2209774032580108,-0.3152537833132449,0.0,,1.5236798738984023,,-2.158780769624548,0.6418362023995827,1.57984496124031,-0.519229092177553,1.0503523941001236,,,1.1130017452006982,,0.4057315233785822,,1.0907820341782606,12.454676258992803,0.7112744869945559,0.7624239195032482,0.988095238095238,0.0202360876897133,0.924822363226995,0.0,0.0826034552028927,0.0,0.1568820109719151,0.1961974360562333,,,,0.1311475409836065,1.175346687211094,0.2180466652901094,0.5153120558211656,-2.0647945917836714,,1.1368972081218274,1.1791323277872805,,13.1666,-0.0637901964060577
2021-12-31,1.4998307394548789,,,,1.3300509680551964,3.9559151167278745,,-0.8817672912531024,3.934782608695652,-0.9370629370629372,-0.6287902772813154,-0.0167597765363128,,-0.1115847194893616,0.649011092860518,,0.7697736427496565,,0.3202324108638567,0.8476954632332206,0.4655305196362362,0.2672852858738266,3.64440207659706,0.9958508481954592,1.3747822089545465,1.3931103285557782,4.098084315456514,87.15622322291298,1.469873383088358,1.180686811303944,,-0.018776303010683,,,,30.745945945945945,,3.934782608695652,,-0.6641711345321956,,,0.6576851123067926,,0.6908105798421547,,0.8604519412709578,-0.024117657444517,1.7705047283013473,,,,3.6602246929390536,1.456914900013227,0.4205120284202803,,,,,0.7999199203221556,3.730325914684391,-0.3905267423703548,0.390132331318412,-0.3464164816272999,0.8214438517462905,0.4631916585014143,0.1008911871493013,2.064227521848615,-0.1080646159559324,0.5815319548872181,1.3163673380353378,0.7891257797225584,16.629787234042553,0.8776346604215457,3.790721863948408,,,3.7986164876965023,-0.3563245210817369,0.1246819338422391,1.0740740740740742,,-0.1308304076807336,,2.035044097643738,0.0319248826291079,0.7364341085271318,0.0619168047440481,1.3114873210782534,,,1.2552356020942408,,0.0490196078431372,,-0.0215996442411536,56.6273381294964,-5.307741225008918,1.0200627087730805,4.502289377289378,,1.108628907277991,-0.0719336932552657,0.4308557653676175,0.1371428571428571,0.5400802423646933,0.5074626865671642,,,,0.2677595628415301,1.5750385208012327,0.022713194301053,3.783434552267735,-2.290171606864275,,1.2880710659898478,1.3273207899238066,,12.0764,0.0207263754098904
2021-09-30,1.2499635947989545,,,,1.0541070498085288,3.865956885779033,,-0.4807056613723178,3.9130434782608696,-0.951048951048951,-0.6483582699279987,0.0283943903363491,,-0.0419983487630535,-0.1346443759422181,,0.425502623828723,,1.4508975884686703,0.404134500203664,0.0411862906052277,1.3357898854301895,3.611166217939634,0.9983811506074086,0.0596137365849229,1.3134181092909782,4.00489313101002,,0.2380717141163416,1.2269965046414402,,-0.0323729362253156,,,,0.2054054054054054,,3.9130434782608696,,-0.6848401816632326,,,0.5673831187276043,,0.5959603675170774,,0.8970541434219486,0.0041314288740973,1.8437050021440984,,,,3.6268506121815394,1.2086720337658277,-0.1174344518670116,,,,,0.5326417969994518,3.7097075121559615,-1.1983098447857126,-0.0254860316941676,-1.0681079904091797,1.2644154982162117,0.7191445896729586,-1.263615359225437,-3.547504073470597,1.3744878380887542,-0.1624017429938482,0.215371191739984,0.0,11.891063829787234,0.8038641686182669,3.7928021635115456,,,,1.010633368777896,0.8659434846658631,1.1111111111111112,,-1.7257290248620765,,-3.506018633631218,-1.2619718309859156,0.5317829457364341,1.22403418505276,0.2110005086100414,,,0.1887725421756835,,-0.0128205128205128,,0.4796391588844419,40.60431654676259,-0.1833635785522621,0.2952640531180195,3.96474358974359,,0.0815228515453668,1.6512812713862064,0.1880273202089192,-0.6,0.2108409072300008,0.1965690221093701,,,,75.50819672131148,1.2764252696456089,-0.0111501135659715,2.0126631347719344,0.2195527821112844,,0.1454631979695431,0.2072772508163582,,12.2477,-0.0477477403920735
2021-06-30,0.9324724180958625,,,-2.8066618585890963,0.6796211376007547,3.962167099133665,,0.0678880930538637,3.9130434782608696,-0.951048951048951,-0.3798805086044017,0.0184077388309355,,-0.0920721306323344,1.2127894156560088,,-0.0454098662693747,,1.002365459408684,-0.2027818818555841,-0.5394361845381933,0.9865329654444104,3.6063225424143663,1.0028703968221575,1.4012519792736704,0.7948783606744803,4.10456098401023,,1.1244660961558923,1.2958737254125514,,0.0,,,,1.2648648648648648,,3.9130434782608696,,-0.4012556769760191,,,0.4526417979366246,,0.4754398982769334,,0.9514932419469512,-0.0065679125690778,1.9525770558895,,,,3.6219867926602896,0.8932447301018507,0.8075221068077384,,,,,0.2322195847911757,2.530302346010269,-0.6852156761612732,0.8534553177585362,-0.6096981727309785,0.2491154264742485,0.4775424747185299,-0.8107602596545275,-1.3190342171530145,1.925902085783252,1.1167335953520163,0.1220097433287282,37.90708500139652,7.431489361702128,-0.1276346604215456,2.8446016226336592,,,1.1232453630457468,-0.3490611635372118,-0.7505022097227803,0.0,,-1.52138711757541,,-1.305612028491612,-0.8325508607198748,0.7457364341085271,-0.5954478067498038,0.1264259245803967,,,1.362710878417685,,0.0558069381598793,,1.4950765516803253,25.52517985611511,0.2993811362896096,0.82767383240773,3.375915750915751,,0.5365653966490248,-0.09063949509543,-0.0654077942948975,1.7314285714285715,-0.0482272987799885,0.0,,,,1.786885245901639,0.8991268618387263,0.0264298988230435,-1.0019382349140715,1.059074362974519,,1.3611992385786802,1.3990048204011818,,11.9156,-0.021207492698647
2021-03-31,0.6812753961736905,,,1.7016320752197025,0.5705242904992894,2.386728676956706,,0.1882192204690608,2.5,,-0.4242863708318439,-0.0533774987228292,,-0.0312494230760148,1.7139482033166078,,-0.1487020207830054,,0.870464642649575,-0.3344356096302955,-0.665386176237295,0.8913785549480763,2.291599572313757,1.0082846998326735,0.8500632800040863,0.6000377443299324,2.472503849975653,,0.0477967441365577,1.2880205913933458,,10.986079637423114,,,,2.843243243243243,,2.5,,-0.4481601743276626,,,0.3618591866734941,,0.380084861112866,,0.9452862909141522,-0.0605236674376313,1.9401638542614896,,,,2.3017961205865043,0.6436806315460372,1.151546511178901,,,,,0.0,1.219539706984752,-0.4287734472194906,-0.8168599901976801,-0.3805869440273849,0.2797969100524969,0.4781386922038786,-0.4947739025195291,1.3733669086061324,1.3523302593303212,1.5924897470950103,0.1317530720570057,,3.586382978723404,-0.0052693208430913,1.544414395672977,,,5.250698488571717,-0.3716979056596855,-0.4081960626757734,0.0,,-0.3773017124023787,,1.352883532491846,-0.5329160146061555,0.8201550387596899,0.0537193686230051,0.1361621739446341,,,1.057591623036649,,0.0,,1.2023378438472778,12.523741007194245,0.1482481038574287,0.7415209951431441,4.01007326007326,,0.3941050907921284,-0.0711732948064785,0.1028525512253917,0.4571428571428571,-0.0609186931957749,-0.1488821452901468,,,,0.5683060109289617,0.6620441705187468,-0.0041296716911005,-1.0029719602015763,0.8408736349453978,,1.063769035532995,1.1074482973099051,,10.8859,0.0532064413599243
2020-12-31,0.4372285448548009,,,-0.1096508801453107,0.4694319446303354,0.8129105729582653,,-0.5153611655266639,0.9782608695652174,,-0.4852371955267324,0.0542673983619254,,-0.0053731748271804,1.192651261165988,,0.4552508840399574,,0.6777602860040667,0.442847536388374,0.0782221320396229,0.6621287940569796,0.9887925592899378,1.0143791916636058,0.2450383368993365,0.4547267725543906,0.8421252657373941,,-0.4102585538615878,0.404601079829725,,-0.134671414697313,,,,,,0.9782608695652174,,-0.5125405883558615,,,0.2736606472810243,,0.2874440471445522,,0.2470501935440185,0.0456575857624605,0.5437704535708643,,,,0.993570961962603,0.4012202234220368,0.7936981117503958,,,,,-0.3508810199682551,0.9155712068566896,0.4483275568415295,1.1096226106845286,0.4030347300113175,-0.3014528967647791,-0.3701124031724316,-0.5865331719661129,-0.3856021330173307,1.5137216067339234,1.097616199589884,0.0,,0.1685106382978723,0.0,1.5223632203037238,,6410000.0,,-0.2969909899699666,-0.2442748091603053,0.5740740740740741,,-1.3416923407609085,,-0.3839347091603165,-0.6199269692227438,0.3922480620155039,-0.0125577744832999,0.0,,,0.8371146015125073,,-0.1591251885369532,,-3.662918493107172,0.966906474820144,0.5616924914305214,0.5831506035207082,0.0741758241758241,,1.4916810433053598,6.423389856284693,0.0,-0.5885714285714285,-0.1886514369933677,-0.2628352015854338,,,,-0.4316939890710382,0.6602978941961993,-0.0912657443733223,8.888486884610415,0.6832033281331253,,0.8523159898477157,0.9001710464935468,,9.2259,0.2427080284850259
2020-09-30,0.4668232310949209,,,0.3361380452493522,0.5096744879479846,0.756872021614433,,-0.5920482353018084,0.9782608695652174,,-0.619394372670173,-0.0258894876485226,,-0.1353323060687465,1.339333528339671,,0.5210790103989847,,0.7098234126758018,0.5286129877391847,-1.3085536145800667,0.7045877325187299,0.9838715910701172,1.0196302493572216,0.2340281837219993,0.3967477230067353,0.7840727793855082,,0.6545547127939321,0.3867625669182208,,8.509550016186468,,,,,,0.9782608695652174,,-0.654246539876374,,,0.28435616777658,,0.298678266343058,,0.2329510102283029,-0.0410317978777873,0.5155736779940266,,,,0.9886295283000562,0.4306225273866356,0.894389311503263,,,,,-0.5211680152007876,0.9861448299012698,0.8132015745309139,-0.8109785982682568,0.7290213464114178,-0.6214057845821478,-0.597100256974358,-0.91880294861921,0.4929047548511331,1.308039858884694,1.2368634654818866,-0.0635497709590634,,0.1668085106382978,-0.1340749414519906,1.5227792802163511,,,,0.0563135210450701,-0.1340565153341368,0.1111111111111111,,-0.932148742566454,,0.4835090901113045,-0.9350026082420448,0.3395348837209302,-0.75712915322229,-0.0598706677323258,,,0.9389179755671904,,-0.1040723981900452,,0.9710945937361032,0.9611510791366906,0.6284491182355405,0.6712707748427157,0.0737179487179487,,0.3077867773911518,0.3283400501862976,0.0604258738449176,0.4342857142857143,-0.0673053303856546,-0.1258438099956648,,,,0.546448087431694,0.7792501284026708,-0.0611191410282882,-0.2377568161261145,0.7560062402496099,,0.9349619289340102,0.981184885709843,,6.8954,0.2840589378426197
2020-06-30,0.5760199224389556,,,2.6654913588161446,-0.918491394078315,0.6923191568231063,,0.9291070062778236,0.9782608695652174,,-0.776918756063933,0.0025543415566651,,-0.0265739237657476,1.1523974529172198,,-0.661431167400366,,-0.4125488191424762,-0.995114473642983,,-0.425533672445503,0.9791438545866772,1.0255342883184373,0.5049801079449038,0.5725548604438639,0.7171999889152372,,-0.0349678517685327,0.3663520336285477,,8.863709938491422,,,,,,0.9782608695652174,,-0.8206345268017994,,,0.3238198553061914,,0.3401296119108797,,0.216818956404633,-0.0104521619378873,0.483311390805203,,,,0.983882129990751,0.5391093781941054,0.766065567440244,,,,,-1.3259128078690483,0.9839785856063794,0.7743427410327404,-0.9553994445352066,0.694303994571616,-0.6250237919775892,-0.6001368064927622,-0.6886346132687865,-0.1113316545696933,1.354830723525407,1.0594027682843472,-0.454010034174362,,0.1685106382978723,-0.0579625292740046,1.51653838152694,,,,-0.2248574161913873,0.003749832596759,0.1851851851851851,,-0.5690334599125887,,-0.1131181348817481,-0.7167449139280125,0.3364341085271318,0.707246882358071,-0.4506284966940347,,,0.1854275741710296,,0.0663650075414781,,0.1916015500921161,0.966906474820144,0.3794146386859616,0.3423161259913519,0.0741758241758241,,0.1815842568496155,-0.0114059767318074,0.2479710727199678,0.3142857142857143,-0.1320723818881519,-0.3683656406762866,,,,0.4316939890710382,-0.0815613764766307,0.0322114391905843,-0.817935133738209,0.2171606864274571,,0.1164340101522842,0.1788213341626496,,6.6521,-0.1206085296372573
2020-03-31,0.6972399751423396,,,-3.440687020861714,0.7792303983928625,0.7066727301214857,,-0.8437451652477463,0.9782608695652174,,-0.7236480620946739,0.1001466686442214,,-0.1124537011793506,1.1863960578718808,,0.7371354767269058,,0.8884929272275286,0.8053478075387022,-1.3085536145800667,0.8713395686564469,0.9744418823347548,1.0313567046212029,1.6573572227172375,0.5415230698512857,0.7320694064505402,,1.4852558938424356,0.3641740977938881,,0.0595662026545807,,,,,,0.9782608695652174,,-0.764366390144446,,,0.3676287859919902,,0.3861450564496398,,1.6510233945627109,0.1054044033263299,0.4798687962203682,,,,0.979160603061878,0.6595414316807158,0.7894041780901263,,,,,-0.3437140323131546,0.6566435994749091,-1.2369929746901809,-0.4842346021891848,-1.1026683647246185,1.6443778540205596,1.3578044406648055,-0.0892287380349873,4.103273589097912,-0.3593984031689051,1.0997735816814764,-0.1092125354468116,,0.1634042553191489,0.8752927400468384,0.8957769918868317,,,3.077035715487932,-0.3493511645038817,3.617650997723316,4.203703703703703,,0.0050154044565451,,4.048412338564596,-0.148356807511737,-0.0976744186046511,-0.0436033836225691,-0.1376153454915352,,,-3.767742873763816,,0.0075414781297134,,-3.0978972111047582,0.9496402877697842,-1.1523893722953795,-1.6818247023382584,0.0728021978021978,,-1.5751922570835404,5.036423085696905,0.6484531940538368,-0.5485714285714286,0.0,-0.4772403542453706,,,,-0.3934426229508196,0.6529019003595274,0.0,7.720635741051815,-2.6098803952158085,,-4.17147842639594,-4.024412999533509,,4.9174,-0.2031561394232724
2019-12-31,0.217302550482194,,,-1.0425247749552582,0.2984492145150021,0.0994202776705633,,-0.317942024374778,-0.0217391304347826,,0.6403921768881172,0.00087342001615,,-0.0353616299073959,-0.371599576986252,,0.2857864331547951,,-0.3810343227671805,0.2236954053878172,-1.353516813930752,-0.5038836468946617,0.033145683847115,1.0311934593043028,-0.147649559310106,0.2468651454605395,0.1029932818419708,,0.1205900682484913,0.3433295003693353,,0.0770475882162512,,,,,,-0.0217391304347826,,0.6764258514115579,,,0.1941793863130035,,0.2039595726620407,,1.2403504482171004,0.0,0.337744408416903,,,,0.03394971897213,0.1827238729693005,-0.2800942194076534,,,,,,0.0534735729262532,-0.2885506437269566,-0.4411043947067473,-0.2553087520033623,0.5400917190903575,0.2643508162171156,-0.2478820552315986,-0.0405865797659606,-0.3421674815869283,-0.3792506835269993,-0.2096997018832254,,0.16,0.5872365339578455,0.8795506552943624,,,,0.9138130460434868,0.0204901566894335,1.851851851851852,,-0.2205344988177975,,-0.0432639569408082,-0.2988002086593636,0.6992248062015504,0.0287782331908956,-0.2195742207367579,,,0.173065735892961,,-0.0829562594268476,,-1.667619592147894,0.9381294964028776,0.4983481457354241,0.4990470725659364,0.0718864468864468,,2.069651159390625,4.093529009200822,0.5697067095218964,0.4457142857142857,-0.2384344550888397,-0.7772341611444851,,,,0.5573770491803278,0.6987159732922444,-0.0491430931240966,4.926734720248094,0.2083203328133125,,0.0993020304568527,0.1620276784325921,,10.7316,-0.005050505050505
2019-09-30,0.0517305614192619,,,-0.8920586585463579,0.1098721748723633,0.0903250954420908,,-0.1674812656754925,-0.0217391304347826,,0.6357759281009039,0.00087342001615,,-0.0305246992159844,-0.3559390680197106,,0.1566310244949913,,0.4175857987780359,0.0571874118761433,-1.2878474848278023,0.2918027556035708,0.0269365040514254,1.0344311580894856,-0.203687833780739,0.0211744124766153,0.0935712334569812,,0.0349678517685327,0.2739477752309297,,0.0997086435739721,,,,,,-0.0217391304347826,,0.6715498549067411,,,0.1343416644955031,,0.1411080187319305,,1.0767532755773406,0.0012358975264393,0.3372508896127833,,,,0.0277147162879743,0.0182281959091401,-0.2693439394524462,,,,,,0.0524024145727784,0.3126843825010556,-0.1437673582747917,0.2818480812029542,-0.1127243563151635,-0.2237618088036826,0.0564418527890857,0.0443193600948007,-0.3604134430896825,-0.364383971291866,-0.0693666836326619,,0.1378723404255319,0.373536299765808,0.8799667152069898,,,,0.1075136917123057,0.0200883889112093,24.703703703703702,,0.0454252346492799,,0.0405727574556464,-0.0102243088158581,0.689922480620155,-0.0486613761227871,-0.2586645353483979,,,0.0581733566026759,,-0.0550527903469079,,0.163394955847786,0.8633093525179856,0.4542986986800676,0.4397811340861118,0.0659340659340659,,-0.0609959355536711,0.9030491977796364,0.5825632784250703,-0.4914285714285714,-0.2602964054695816,-0.8202142812906422,,,,-0.3387978142076502,0.520698510529019,-0.0342762750361346,0.7546194598785373,0.1261570462818513,,0.0,0.0646866739231845,,10.113,0.0558093542964502
2019-06-30,0.0468134953040127,,,-3.2278761652910224,0.1042187793048991,0.0905238137092675,,0.9031938237197576,-0.0217391304347826,,0.6558749936169126,-0.028822860532951,,-0.105612617064585,-0.3725221069684765,,-0.7624357136243628,,-0.38198343690019,-0.9947746318983656,,-0.504894342614511,0.0207659706030118,1.0037138309594744,0.7805177042128024,-0.058163855810395,0.0937770933376616,,1.364156621927678,0.2730720318009093,,0.1430883781158951,,,,,,-0.0217391304347826,,0.6927798573878898,,,0.1325646366538511,,0.1392414877572797,,1.0722902896953328,-0.0282137749607161,0.3358666295524476,,,,0.0215185206744668,0.0133430935173939,-0.2807274973935205,,,,,,0.051637130551811,-0.0146627482875984,0.3300114360398627,-0.0106111742678391,0.2101893109355249,0.0,0.1704257894157773,-0.4495926529403051,-0.17228445874853,-0.3801264524948735,0.0767832472915,,0.1072340425531915,0.3466042154566744,0.8770542958185978,,,,0.4117880392934643,0.0131244140886567,4.666666666666667,,-0.0138998352081392,,-0.4471193927249857,0.0978612415232133,0.5286821705426357,-0.0767419551757216,0.0812322894717721,,,0.1919720767888307,,-0.0822021116138763,,0.3600787751731148,0.7597122302158273,0.6076031827276535,0.6408590692050741,0.0576923076923076,,0.0287142898915172,0.9477606265683218,0.8318200080353556,0.6457142857142857,-0.119135347580447,-0.7987861522264198,,,,0.7486338797814208,0.7084745762711865,-0.0491430931240966,0.8269802300038764,0.2218408736349454,,0.1143718274111675,0.1767998756025501,,9.5406,0.1264268382740797
2019-03-31,-0.033383096563992,,,0.0447685444880733,0.0135149592779662,0.0805114702476717,,-0.0737758679674102,-0.0217391304347826,,0.6465607925241281,-0.02410968837033,,-0.0004091598569958,-0.2015390500191256,,0.0761943774965185,,0.3038793208705802,-0.0467704188248224,-1.4238438693254136,0.1897888957906305,0.0152653071740502,1.0016188493925915,-0.523890329793815,0.0364679137957092,0.0834049224264545,,-0.498130386538783,1.350384946351196,,0.1832308190352865,,,,,,-0.0217391304347826,,0.6829415635551624,,,0.1035815859454047,,0.1087986547193369,,0.9945777580492868,-0.0209749465915711,0.2775140494872971,,,,0.0159949809521961,-0.0663321749377713,-0.1633548287446422,,,,,,0.035130085821279,0.2647966514295754,-0.91553667701356,0.239064110127329,-0.0233023102213589,-0.1720480301713778,-0.3116954560457696,0.1028588357280402,-0.2149904066348951,-0.2178101503759398,-0.3241474587362757,,-0.1208510638297872,-2.7906908665105385,0.6249219887663824,,,,0.5758185860619536,0.0218293826168474,0.0,,-0.0955792792147309,,0.0983750420499919,-0.3593114241001565,0.7302325581395349,0.0476148949158454,-0.3194071060088643,,,-0.0020360674810936,,-0.0980392156862745,,0.3023950193761514,-0.0115107913669064,0.4668310765746902,0.4438797467057401,-0.0036630036630036,,0.0,-0.1209033533571591,0.6815588589795099,-0.0514285714285714,-0.2834684352738885,-0.9315662352139716,,,,0.081967213114754,-0.0637904468412943,-0.0578154036754078,-0.9985786277296808,0.0830993239729589,,-0.0778870558375634,-0.011662260923651,,9.6953,0.1118585471509498
2018-12-31,-0.0562527493018711,,,-1.3099607340331758,-0.0135149592779662,0.0879251902154182,,0.9038017767918818,-0.0217391304347826,,0.6864729612418935,-0.03485440253127,,-0.0439587096308845,-0.2403528114663726,,-0.7629575801107142,,-0.7616323460701303,0.7478518868447501,,-0.8730985679381078,0.0089273062207736,,0.0322018603753667,0.0,0.0910850795133789,,0.2727735639696605,-0.1597127561549532,,-0.0375526060213661,,,,,,-0.0217391304347826,,0.7250995156366303,,,0.0953164927594317,,0.1001172755769303,,-0.1989715270228077,-0.0445276223097159,-0.3482226552214439,,,,0.0096306213658795,-0.0890531619388896,-0.18999884156466,,,,,,0.0208064334903282,1.105152932974747,-0.1306975984316288,0.9898572264096962,-1.0189441079675876,-0.8564409975781553,0.4122565738805149,0.3594134202340394,-0.364894472983846,-0.2546565276828434,0.2780484257980077,,9.523404255319148,0.3706088992974239,0.3790305804035781,,,,0.2387107957026523,-0.0006696129637069,0.0,,0.5031167156265673,,0.3516988196750084,0.3271778821074595,0.2093023255813953,-0.0226737594837359,0.282351231562886,0.0,0.0,0.2047702152414194,0.0,-0.0535444947209653,,0.356140016517375,,1.3488747227521598,0.6066766399573744,-5.603937728937729,,1.5258340887160444,-0.092768610752034,0.780715146645239,,,,0.0,0.0,0.0,-0.2076502732240437,-0.0259887005649717,-0.0334503406979145,-1.0127923504328724,0.2310972438897555,0.0,0.1560913705583756,0.2176955372414865,,8.121,0.3147888191109469
2018-09-30,0.1376884418309187,0.0,,-1.395918476373641,0.211056347270608,0.0660814668465321,0.0,-0.6561883739325411,-0.0217391304347826,,0.6413317673492315,-0.1640546464296897,0.0,-0.0467219340166403,-0.3765947393290282,,0.576136859953668,,0.5207901578655189,0.598401056642701,-0.1017044511261552,0.3929954251441335,0.0047535007149574,0.0,0.0,0.2098475113409182,0.0684563280139668,-0.8641957302510438,0.3216875161501162,-0.1589436249685874,0.0,-0.0770475882162512,1.013447064726543,0.0,0.0,0.0,1.0031182680520343,-0.0217391304347826,0.0,0.67741831087714,0.0,,0.1654068450565682,,0.1737378517549411,,-0.1983636220004438,-0.1851021381027207,-0.1504690685584887,,,,0.0054394577358661,0.1036273012590036,-0.2835231880140557,,,,,,0.0187037967000466,0.8047621341751992,-0.4234602189184773,0.7214813614508774,-0.703045210451226,-0.6359791832282635,0.4261194850918693,0.0,-0.3646221452002228,-0.3839926520847573,0.1665091252817567,,-1.5336170212765958,0.1536885245901639,0.259621385479509,0.0,0.0,0.0,-0.0167300557668525,0.0,0.0,,0.6495665257576844,,-0.0031884863465504,0.3403234220135628,0.2248062015503876,-0.1573210081102293,0.1708929739155707,0.0,0.0,0.2239674229203025,0.0,-0.141025641025641,,0.2872752684073438,,-0.413289283886278,0.6191364223210444,,,0.8225971519635077,-0.1102577750741388,0.7840899959823222,,,,0.0,0.0,0.0,0.8469945355191257,-0.0815613764766307,-0.0813545323146809,-0.0325623465564026,0.2447217888715548,0.0,0.1464149746192893,0.2082102316902503,,8.4161,-0.0476201862722828
2018-06-30,0.2678076277311938,0.0,,-1.3072628682853862,0.3634641298288518,0.0360902945234009,0.0,-0.8483734531516592,-0.0217391304347826,,0.574620844610121,-0.1774690595079184,0.0,-0.0438719831973975,-0.3763472312850167,,0.7411083957842914,,0.6641943030360257,0.8110118366156582,0.0383662909741565,0.5356881679763329,0.0005152846303476,0.0,-0.0375480275367336,0.3463457302314072,0.0373873214066564,-0.8641957302510438,0.271238352916141,-0.1591606570360273,0.0,-0.0867594690838459,1.0087592287291234,0.0,0.0,0.0,1.0023351305030883,-0.0217391304347826,0.0,0.6069536888208071,0.0,,0.2124319227468585,,0.2231314301992076,,-0.1985351595562594,-0.2000035311357898,-0.1508121243125719,,,,0.0011836156547722,0.2329006385204603,-0.2833532841641889,,,,,,0.0026938476089809,-0.0887019755318576,-0.0686162391766051,-0.0767594775180334,0.3340735281916633,0.0999334454900075,0.0608427769831664,-0.0085913198044734,-0.3607600420870211,-0.3837576896787423,-0.0855086163018977,,-0.3523404255319149,0.3931498829039813,0.2475556480133139,0.0,0.0,0.0,0.6945789819299397,-0.015267175572519,0.0,,0.0181987533137493,,-0.0116716151584736,-0.0060511215440792,-0.1286821705426356,-0.0362780151739775,-0.0809416551623919,0.0,0.0,0.1070389761489238,0.0,-0.2187028657616893,,0.243059526078394,,-0.4631706295658648,0.5196221079164702,,,0.7516009240036259,-0.1259219831191544,0.7182000803535556,,,,0.0,0.0,0.0,0.0273224043715847,-0.1173086800205444,-0.1238901507330167,0.0847654735753973,0.1611024440977639,0.0,0.0426713197969543,0.106515316436013,,8.0985,-0.02553061349318
2018-03-31,0.1568165854909482,0.0,,-1.6962630552661806,0.2389282977743761,0.013436412065256,0.0,-0.7041469372457329,-0.0217391304347826,,0.5228616657304805,-0.1751948715413391,0.0,-0.0563769044931591,-0.3728371172063092,,0.6173044567210886,,0.5412734409213081,0.6515127778085751,-0.0576382099573887,0.4136450400998386,-0.0022543702577711,0.0,0.129522533924325,0.2090847939684247,0.0139192950090855,-0.8641957302510438,0.4925975467023362,-0.1595071468279049,0.0,-0.0945289737779216,0.0,0.0,0.0,0.0,1.0018233536853882,-0.0217391304347826,0.0,0.5522821173906947,0.0,,0.1723197567494934,,0.1809989444049441,,-0.1988090177594035,-0.1979907837355885,-0.1784160754722659,,,,-0.0015975577416872,0.1226311011171101,-0.2809437386569873,,,,,,-0.0011728506022224,0.3367671105544015,-0.0522790393726515,0.3033641296229248,-0.3145258767242067,-0.3590985561368804,0.3944328308944878,-1.3705228854984446,0.2121681005137092,-0.3804254955570745,0.0984512470006544,,2.318297872340425,0.1440281030444964,0.1289785729144996,0.0,0.0,0.0,-0.1639472131573772,-0.0127226463104325,0.0,,0.4455112130113921,,-1.3564522970265172,0.3102764736567553,-0.0697674418604651,-0.0859858725037062,0.1028845455205987,0.0,0.0,0.1084933100639907,0.0,-0.1591251885369532,,0.1796582173940664,,-0.4625502148186062,0.3836301411972047,,,0.6545805432907394,-0.1139076876283172,0.4499799116110888,,,,0.0,0.0,0.0,0.0,-0.1685670261941448,-0.0912657443733223,-0.046517637937718,0.162142485699428,0.0,0.0450507614213198,0.1088477686207432,,7.2162,0.1161115859382661
2017-12-31,0.1962499427918269,0.0,,0.0651494510778107,0.2867612566547162,-0.0101652036671163,0.0,-0.7182388100680516,-0.0217391304347826,,0.4693458612061482,-0.0980043176612119,0.0,0.000246011120733,0.1478748059311927,,0.6294009103670929,,-0.7901708893834339,0.6671937025637564,0.0,-0.8735456064295797,-0.0052687853453051,0.0,-0.3562862866839575,0.3154392320203474,-0.0105305246655766,-0.8641957302510438,-0.5097280700421043,-0.1602382022129655,0.0,-0.1197798640336678,1.0015291615893722,0.0,0.0,0.0,1.0012663500791468,-0.0217391304347826,0.0,0.4957550782640589,0.0,,0.1865709732617455,,0.1959679485044205,,-0.1993868284737295,-0.2094669750525256,-0.3490532112576454,,,,-0.0046245092522524,0.1618081191904859,0.076503069853651,,,,,,-0.0029149784008654,-1.130924682670808,0.0254860316941676,-0.6336904150030003,-0.7706420824365587,0.6142842617071231,-0.0564418527890857,0.0064583024737075,0.2003589775329578,0.1057971633629528,-0.238202573983858,,12.737021276595744,21.473067915690866,0.1268982733513625,0.0,0.0,-0.0898862221025347,0.9516965056550188,0.0867818400964242,0.0,,0.2345776312961238,,0.0031884863465504,0.1815336463223787,-0.1472868217054263,0.0350571204325455,-0.2335246675870086,0.0,0.0,-0.3550029086678301,0.0307125307125307,-0.0535444947209653,,-0.1081252779365987,,0.8423681230902859,0.1264012131893354,-4.548534798534798,-0.9797639123102868,1.04839322787216,-0.0926165310622766,0.4578545600642828,,,,0.0,0.0,0.0,-0.2841530054644808,-0.4012326656394453,-0.0334503406979145,-0.0067192143687814,-0.16931877275091,0.0,-0.4522525380710659,-0.3786347379878712,,7.4571,0.066243692192373
2017-09-30,-0.080241980170607,0.0,,0.0670726821059379,-0.0321730704842246,0.0101652036671163,0.0,-0.3071012841101986,-0.0217391304347826,,0.5322167185824439,-0.1052553517575517,0.0,0.000307835905001,0.1456697342663636,,0.2764807493927924,,0.2781197446671344,0.2125336527685051,1.2346341148475402,0.1891539715563661,-0.0079611475388717,0.0,-0.3582159011583362,0.028798453892012,0.0105305246655766,-0.8641957302510438,-0.510822477921841,-0.0766313577069229,0.0,-0.1456782130139203,1.0047069505172868,0.0,0.0,0.0,1.0007688554051963,-0.0217391304347826,0.0,0.5621635616349691,0.0,,0.0866467840033594,,0.0910109016895264,,-0.1333057468842986,-0.2164939352742809,-0.0474169255884986,,,,-0.0073280685074153,-0.1128864491768978,0.0749893810093833,,,,,,-0.004408259284926,0.8849283157676971,0.0568534553177585,0.7931036228893485,-0.6464129831804953,-0.6003910077462055,0.325558367257124,1.3350910976151682,-0.3572197808999195,0.1037038619275461,0.2667054460844906,,-1.2,-0.1604215456674473,0.1268982733513625,0.0,0.0,0.0,0.1756672522241741,-0.0203562340966921,0.0,,0.3079458336318693,,1.3150897310263123,0.2449660928534168,-0.2465116279069767,-0.1231359553501351,0.2710164934970573,0.0,0.0,0.3576207097149506,0.0,-0.1500754147812971,,0.3815513626834381,,-0.359623408248414,0.4851937619115929,6.326465201465202,,-0.0846223573788707,-0.112082731351228,0.373804740859783,,,,0.0,0.0,0.0,-0.1475409836065573,-0.0053415511042629,-0.0863101383440016,-0.0785631218503682,0.3403016120644825,0.0,0.3210659898477157,0.3794122220494479,,7.3501,0.086191144988205
2017-06-30,0.033383096563992,0.0,,0.0675000667788551,0.1040420565504151,-0.0436110166350118,0.0,-0.5534769903925982,-0.0217391304347826,,0.395730991165807,-0.1058156589377235,0.0,0.0003215747459495,-0.3610917354814031,,0.487969481098239,,0.5245426588545186,0.4851011933024663,1.41600413200273,0.3978448209537955,-0.0102412820281603,0.0,-0.614037377767436,0.1825541321818963,-0.0451783261216394,-0.8641957302510438,-0.5110656796728936,-0.0782514830524608,0.0,-0.1599223049530592,0.9963013404057056,0.0,0.0,0.0,1.0003475321645778,-0.0217391304347826,0.0,0.4179980366562746,0.0,,0.1277108901460525,,0.1341432737689797,,-0.1345862596913076,-0.2199191369904129,0.0,,,,-0.0096176856756634,0.0,-0.2728810286905819,,,,,,-0.0115996958404779,-1.2042327562509387,-0.1659859500081686,-1.0733996521175508,1.388651104679821,0.8389149766134847,0.0672241170645835,-2.290979114205303,0.6003094633904809,-0.377370984278879,-0.3171671635279575,,1.4961702127659575,-0.1604215456674473,0.1160807156230497,0.0,0.0,0.0,0.602828676095587,-0.0310700415160037,0.0,,0.0692125815003224,,-2.265317166634977,0.0,-0.4945736434108527,0.1531350832824627,-0.312431882583739,0.0,0.0,-0.2782140779522978,-0.0307125307125307,-0.2413273001508295,,-0.1666984308493742,,-0.6291936159322508,-0.0037707236100579,5.58470695970696,,-0.3387233544840492,-0.1304843738118774,0.1177983125753314,,,,0.0,0.0,0.0,-0.2950819672131147,-0.4485875706214689,-0.1362791658063184,-0.0638325365034242,-0.1144045761830473,0.0,-0.3681789340101523,-0.296221427460737,,7.1855,0.1085936956370467
2017-03-31,-0.3199950980633189,0.0,,0.0672863744423965,-0.3022089044878484,-0.0297313099737462,0.0,-0.1571613167522667,-0.0217391304347826,,0.4367870091405811,-0.1078920914289481,0.0,0.0003147053254752,0.5091690479940598,,0.1477723876514044,,0.1039841629806416,0.0467704188248224,-0.0945333972809946,0.0420702093387312,-0.0114908472567534,0.0,-0.1749365781124965,-0.2393006179263641,-0.0307998052248821,-0.8641592678346794,-0.5109440787973674,-0.0804275150970552,0.0,-0.1683392683716413,0.9984708384106276,0.0,0.0,0.0,1.00011663750729,-0.0217391304347826,0.0,0.46136420026106,0.0,,0.0,,0.0,,-0.1363061493956686,-0.2307244125072829,-0.1137229824785778,,,,-0.0108724476266242,-0.3510810355815827,0.3245163532455496,,,,,,-0.0243347557287381,-0.0055715042778157,-0.3012579643849044,-0.0024888533298224,0.318143884119648,0.0298940674049287,0.1530421388491583,-0.1693971263516516,0.671362257844897,0.4487781954887218,-0.4093652294044935,,2.737021276595745,-0.1604215456674473,-0.0024963594757645,0.0,0.0,-0.0897852358030093,0.815146050486835,-0.0309361189232623,0.0,,0.2216808769792935,,-0.170452384783022,0.0678142931664058,-0.4914728682170542,0.0266852707770122,-0.4045629586572695,0.0,0.0,-0.3064281559045957,0.0307125307125307,-0.2405731523378582,,-0.1758465154691569,,-0.6437733624928265,-0.1400905793388938,4.930860805860806,,-0.3524664463873213,-0.13033229412212,-0.1142627561269586,,,,0.0,0.0,0.0,-0.0710382513661202,-0.4559835644581407,-0.1358661986372083,-0.0323039152345264,-0.1345813832553302,0.0,-0.4054568527918781,-0.3366505986627274,,7.1992,0.1064840537837536
2016-12-31,-0.4036563303632993,0.0,,0.0849694152843443,-0.4184301042014535,-0.012320532564956,0.0,-0.3556917699714763,-0.0217391304347826,,0.4873206352448552,-0.1017616716929516,0.0,0.0008831498697171,0.5737461467497693,,0.3181907880277468,,-1.1936746345584992,0.2671806873480051,-0.7985233624172215,-1.2443413592399697,-0.0127532946011052,0.0,-0.1498742912923309,-0.330358422349655,-0.0127633126021876,-0.8643415799165011,-0.521006551247169,-0.5960690542732472,0.0,6.1547426351570085,1.0266241368599622,0.2264343608398749,0.0,0.0,0.99988336249271,-0.0217391304347826,0.0,0.514741259344761,0.0,,-0.0302351718645642,,-0.0317580194785429,,-0.543858315997758,-0.2306184784335881,-1.0379573136327047,,,,-0.0121401452678011,-0.4341984223373937,0.3688458122562459,,,,,,-0.0243347557287381,1.4443968974146066,-0.4169253389968959,1.2929453794172083,-1.1817804695926326,-1.123722060971326,9.805369127516778,0.3266479040142201,0.5351488518908213,0.510082023239918,-0.0967061731985748,,10.462978723404255,28.071428571428573,-0.0024963594757645,0.0,0.0,-0.3115427340357491,-0.4729882432941443,-0.0488817463506093,0.0,,0.5217453607508777,,0.3193459215164324,0.2188836724047991,-0.4542635658914729,-0.1179035493154268,-0.0921310760735304,0.0,0.0,0.0189063408958696,0.8058968058968059,-0.1380090497737556,,0.11269932024649,,0.1450219471716842,0.0005738057667479,-0.1048534798534798,,1.04950437147285,-0.1096494563151091,-0.0965849738850944,,,,14417000.0,0.0,0.0,-0.1038251366120218,-0.2227015921931176,-0.0797026636382407,-0.0235172502907352,0.0980759230369214,-334000.0,0.0033312182741116,-0.0859897372103871,,7.2093,-0.0614173448165157
2016-09-30,-0.1140244937974993,0.0,,-0.9324197985949728,-0.1484237239902438,-0.024075482369486,0.0,-0.4188099373089251,-0.0217391304347826,,0.4603993259459735,-0.0957301296946325,0.0,-0.0318221610080531,0.4499471232815066,,0.372371378148384,,0.023698549629878,0.3367783484655302,0.6031940012174651,-0.0420702093387312,-0.0141703273345614,0.0,0.2199987514259283,-0.0798002839438596,-0.0249407163132078,-0.8641957302510438,0.0579352171335633,-0.4872122421316356,0.0,-0.3295564907737132,1.1116718036938809,1.000021273427362,0.0,0.0,0.9996215231906308,-0.0217391304347826,0.0,0.4863051381352549,0.0,,0.0744377825645136,,0.078186972417841,,-0.4578201940330511,-0.2175885873691272,-0.6321343935962926,,,,-0.0135630711915711,-0.146449357270836,0.2838629957137892,,,,,,-0.0182768886518728,-1.7588949944313297,2.5786636170560366,-1.1133124536346626,1.889139958646696,1.403186297165887,0.3011332379799758,2.1014960746556066,-0.3426626230116977,0.3925580997949419,-6.144550279938922,,-0.1191489361702127,26.18003512880562,0.0,0.0,0.0,-0.0109149358736998,4.510221700739002,-7.563814115441275,0.0,,0.0600415562083542,,2.071843325386494,1.1278038601982263,-1.0031007751937984,-8.49202058079707,-6.135580905325874,0.0,0.0,-0.1182373472949389,1.595823095823096,-0.2707390648567119,,0.004446985579061,-0.0057553956834532,0.6679695376359096,0.7097157612148288,-0.0032051282051282,,-0.28223047457528,-0.1364154817124173,-0.3987143431096826,,,,0.0,0.0,0.0,0.4371584699453552,-0.3102208525937339,-0.1523848854016105,0.0,0.0,1866000.0,-0.2149428934010152,1.5276006841859742,,6.5222,0.0309558124559198
2016-06-30,-0.4666431908279318,0.0,,0.0498437374789646,-0.5332236612709917,-0.1917478418049733,0.0,0.0149874596059853,-0.0217391304347826,,0.0095593116478578,2.78362255071604,0.0,-0.000246011120733,-0.3704070382287424,,0.0,,-0.4199789338990032,-0.1431360403375279,-0.0362241980409879,-0.5425443778835805,-0.013307225578729,0.0,-0.6112337614428976,-0.6654168751610203,-0.1986389494811935,-0.4502379172667772,-0.5010184073325328,-0.5485066670728086,0.0,-0.3043056005179669,1.0854586290110626,0.999978726572638,0.0,0.0,0.99978100712917,-0.0217391304347826,0.0,0.0100971963020097,0.0,,-0.0529986251272283,,-0.055667994105208,,-0.5062660111123233,2.887339112625576,-0.9627769460514736,,,,-0.012696379947093,-0.4967758324214475,-0.2792755917673862,,,,,,-0.0217272468329095,0.8455140321991005,1.827805914066329,0.7578241902365044,-0.7450817711968218,-0.6936042964633673,0.6448454175376829,0.0093615760628055,-0.3463019124837532,-0.3648111756664388,0.9589180542427108,,-0.1157446808510638,-0.1642271662763466,0.0074890784272935,0.0,0.0,-0.0090719359073619,-0.3537745125817086,0.6137672425338154,0.0,,-0.4948054739557211,,0.0060551988416141,1.213980177360459,-0.4635658914728682,-0.1149385192290921,0.9627261498219865,0.0,0.0,-0.1974985456660849,1.5823095823095823,-0.4245852187028657,,-0.1536115875738517,0.0057553956834532,0.0159136382671816,-0.1516486669262454,-0.0022893772893772,,-0.3048627152840726,-0.1674397384229336,-0.4956207312173564,,,,0.0,0.0,0.0,-0.4262295081967213,-0.4380071905495634,-0.2366301879000619,-0.1806434939914717,-0.0566822672906916,2689000.0,-0.2763324873096446,0.011662260923651,,6.2335,0.0787037779738509
2016-03-31,-0.3304117135105469,1.02265752092173,,-0.6486363757779736,-0.3767027432309338,-0.1964712221555581,0.0,0.0,0.0,,-0.0427309401011081,1.022214531731514,0.0,1.14078533790894,-0.3511689129896722,,0.0128652247065436,,-0.2793179402106935,-0.1268067650199205,,-0.4012138066866268,-0.0008115732927976,0.0,-0.3047201775245316,-0.4023482924606092,-0.2035320804912133,0.0565896701974439,-0.103550745565368,-0.3008997311848428,0.0,-0.2376173518938167,0.0,1.0002552811283425,0.0,0.0,0.0,0.0,0.0,-0.0451353304782144,0.0,,-0.8146868890612454,,-0.7856785960011441,,-0.310562725942422,0.982750401666696,-0.720585602190742,,,,-0.000148760437485,-0.3614299371099433,-0.2660694288913773,,,,,,-0.0005471441775754,-0.0216512170307793,-3.817676850187878,-0.0185714538903841,0.0233023102213589,-0.0088831783475994,,-0.1670863575766553,-0.2762146438076375,-0.3679511278195488,1.2782665600232677,,-0.1191489361702127,-0.2596604215456674,-0.1081755772831287,0.0,0.0,-0.00301275793584,-0.3499411664705549,-3.4037766171153074,0.0,,12.220534498817798,,-0.1681707156542978,7.285133020344288,-0.2930232558139535,-3.910351443271998,1.2818426215214709,0.0,0.0,-0.4328097731239092,1.5835380835380837,3.93815987933635,,-0.156152722190458,-0.0057553956834532,-0.2445364726319544,-0.495932126975019,-0.0032051282051282,,-0.2515278224509488,0.6623070488936202,-0.4779429489754921,,,,0.0,0.0,0.0,-4.530054644808743,0.0,2.1523848854016108,0.0945858638066933,-0.2249609984399376,0.0,-0.4138642131979695,-0.5414399004820402,,5.435,0.2371849126034959
2015-12-31,-0.3956695020487145,1.0364432220302884,,-0.9327136255576034,-0.4557428614619216,-0.1584243170014942,0.0,0.2390541208976786,0.0,,0.0509421436960629,1.1284092219970008,0.0,1.0914792137776532,-0.2874693427536395,,-0.1923386632923041,,-0.3506919742062361,-0.391384409217665,-0.7977186364390991,-0.4676395152871777,0.001713321395906,0.0,-0.1518720098069818,-0.5009659259537687,-0.1641178310286264,0.2297132230952945,0.058102418337412,-0.2171520062139707,0.0,-0.1942376173518938,0.0,1.000212734273619,0.0,0.0,0.0,0.0,0.0,0.0538085631991715,0.0,,-0.815136340410734,,-0.7852065072438631,,-0.2443702954132512,1.0993485054467769,-0.5136627972585632,,,,0.0023866348448687,-0.4262635129447698,-0.2223423562574815,,,,,,-0.001441637173422,0.6648283914335996,0.5338996895932038,0.5938586341436243,-0.3135888388376175,-0.806848643951859,14.08768841456706,-0.0825359206043549,-0.2414557157888222,-0.3074803485987696,9.00530793281466,,-0.1191489361702127,-0.3372365339578454,-0.1085916371957562,0.0,0.0,-0.3840424815700003,0.7911793039310131,7.74193116378733,1.6666666666666667,,0.0918535501898688,,-0.0846850272776469,0.0734480959833072,-0.2589147286821705,10.445975407691638,9.016348179902636,0.0,0.0,0.4331006399069226,2.671990171990172,3.834087481146305,,1.17108188806302,-0.0057553956834532,0.0842213019403471,-0.0615611615468164,-0.0032051282051282,,-3.026521243311208,0.69135426963729,-0.4408196062675773,,,,0.0,0.0,0.0,2.721311475409836,0.6329738058551618,2.095395416064423,-0.1439462462850497,0.3942797711908476,6985000.0,0.3201142131979695,0.040273674389675,,5.5453,-0.0935386723892305
2015-09-30,-0.2092688209215868,1.0087376524057894,,0.0049950583647193,-0.3031583561491938,-0.1874371840092939,0.0,0.0463613245968225,0.0,,-0.0195271408875044,1.1930093439462106,0.0,1.2276285515440526,-0.2558783160452714,,-0.0269313034784552,,-0.1621145546570898,-0.1782289183632643,,-0.2777469583970754,-0.0005152846303476,0.0,-0.5344010533424896,-0.251945751531112,-0.1941733736079715,0.1140909008039962,-0.4754974235814498,-0.0505589527631609,0.0,-0.1994172871479443,0.0,1.788052843193567,0.0,0.0,0.0,0.0,0.0,-0.0206258967194899,0.0,,-0.8142330634893773,,-0.7861552792962087,,-0.1126986694554058,1.1569060188209537,-0.4269930711765458,,,,0.000148760437485,-0.2410745421531727,-0.2006564466926671,,,,,,0.0009674721390655,0.3727806794061218,2.110766214670805,0.7132830836462334,-0.6894972043409582,-0.4857601079662051,,0.1365723596504221,-0.2982484372098781,-0.2774906015037593,-3.989384134370683,,-0.1191489361702127,21.68530444964871,-0.1077595173705013,0.0,0.0,0.0,0.6082986943289811,-4.382884692647649,0.5185185185185185,,-0.246041412911084,,0.1316640095947112,0.8482003129890454,-0.0263565891472868,-6.069067759658149,-3.9860495531497495,0.0,0.0,0.6236183827806865,2.863636363636364,5.036953242835596,,0.781907121529763,-0.0057553956834532,0.152777131512416,0.029018177346968,-0.0032051282051282,,0.1683674961256177,0.9254049121739792,-0.4486942547207714,,,,0.0,0.0,0.0,6.284153005464481,0.9265536723163842,2.754078050794962,0.5176379377180514,0.5305252210088404,0.0,0.424492385786802,0.1183330741719794,,5.6915,-0.026688922076781
2015-06-30,-0.1447387581684761,1.007546916665269,,0.0,-0.2249741304742363,-0.225254798855077,0.0,0.1417511227520445,0.0,,-0.1104631568196905,0.9156902490071028,0.0,1.266123066526473,-0.3074949935872916,,-0.1088138386272853,,-0.1547658390543372,-0.2838208817085604,,-0.2741512140091497,-0.0037100493385033,0.0,-0.5583169221514066,-0.17881572074834,-0.2333500924390041,0.1041001987201691,-0.4726550031160224,-0.0231995857352818,0.0,-0.1774036905147296,0.0,1.788052843193567,0.0,0.0,0.0,0.0,0.0,-0.1166787128232235,0.0,,-0.8141942422657598,,-0.7861960558190395,,-0.0910744044148349,0.8602553011176045,-0.2884767873129556,,,,-0.0030592907361054,-0.1769639614723247,-0.2360891222921574,,,,,,-0.0037921238954551,0.0483921704211501,-2.184610357784676,0.0456931190674522,0.1712697026043471,-0.4266467619382152,,-0.0526736779736335,-0.2759670730952528,-0.3264909432672591,12.858140042172616,,-0.1191489361702127,32.81879391100703,-0.1106719367588932,0.0,0.0,-0.019616588682802,0.8224360747869159,11.859247355028794,0.1111111111111111,,0.1998996919108691,,-0.0551988416141346,0.5226917057902973,-0.1286821705426356,14.575215836748932,12.852430429412191,0.0,0.0,0.490110529377545,2.8206388206388207,4.5987933634992455,,0.5779810685471063,-0.0057553956834532,0.0976222604811316,-0.0438551550300223,-0.0032051282051282,,0.1134536097546711,0.796745494639191,-0.4496584973885094,,,,0.0,0.0,0.0,3.710382513661202,0.7116589625064201,2.5141441255420194,0.3917818839643365,0.435049401976079,0.0,0.3535850253807107,0.0542683874980562,,5.299,0.0454047933572371
2015-03-31,-0.0767425420399696,0.9815184396330522,,-0.0052087507011779,-0.1436504770431511,-0.256285420575748,0.0,-0.0043232218462162,0.0,,-0.1846090997293571,1.104184176266047,0.0,1.3051070277176822,-0.2872443354409018,,0.0165762752761543,,-0.0310391253172532,-0.1223068746851643,,-0.1495959241751451,-0.0064797042266221,0.0,-0.5458879348017321,-0.1154694588073888,-0.2654959045760276,0.2260669814588612,-0.4696909817750688,0.1628482983924396,0.0,-0.1618646811265781,0.0,1.7887974131512328,0.0,0.0,0.0,0.0,0.0,-0.1949967097811195,0.0,,-0.8133456431241461,,-0.7870873961490882,,0.0559739082349312,1.0591288688006495,-0.2587212145377399,,,,-0.0058404641325649,-0.1094097593824028,-0.2221878982121481,,,,,,-0.0039907228753622,1.221576401307008,0.9508250285900997,1.0935889872670972,-1.6658060884687402,-1.5437549684790446,,-0.4464523774255666,-0.0891502135297394,-0.3072667464114832,16.946993383261834,,-0.1208510638297872,46.62617096018735,-0.1102558768462658,0.0,0.0,0.0329972733699128,0.3223277410924703,7.165930092406589,1.037037037037037,,17.33338109909006,,-0.4440186628833862,12.462180490349503,-0.1782945736434108,9.967210255515829,16.931047010099544,0.0,0.0,0.0,2.7432432432432434,4.24132730015083,,0.191982720284607,-0.0115107913669064,-0.0159136382671816,-0.193946349160809,-0.0036630036630036,,-0.0766689084476154,0.7293741920766481,-0.2122940940136601,,,,0.0,0.0,0.0,-3.950819672131148,0.3177195685670262,2.318397687383853,0.185812120428996,0.0845553822152886,0.0,0.0414022842639593,-0.2419530399626807,,5.0324,0.1007869008822828
2014-12-31,0.3436620719835785,0.9876230566689588,,-0.4916526431070865,0.3486454070925598,-0.2580433129392342,0.0,-0.2387141901476737,0.0,,-0.1811775519583312,0.9358613074932846,0.0,1.5212799619434103,-0.1174538172490606,,0.2177773163904421,,0.4364980781659794,0.1365922790847893,-1.1453810112338825,0.3277861147576962,-0.0090432452626019,0.0,-0.2535286405866028,0.2203846006266185,-0.2673169727512777,1.532916446372901,-0.1928817887488789,0.621267619577054,0.0,-0.0653933311751375,0.0,1.657880741166209,0.0,0.0,0.0,0.0,0.0,-0.1913720752111673,0.0,,-0.8135446702424112,,-0.7868783446799272,,0.4182988440023925,0.8797824820353467,0.3049645283359539,,,,-0.008414666485567,0.3082619857866067,-0.105633857203537,,,,,,-0.0039432664926134,-1.0382098637730364,-0.6926972716876327,-0.9281448041705384,1.225905843960417,1.91000813444011,-12.074485641984817,0.3030069619315657,-0.2154855480596645,-0.1460825358851674,-31.823165854722607,,-0.1072340425531915,-0.1756440281030445,-0.1085916371957562,0.0,0.0,0.6539872757262598,2.172827242757476,-23.44609615642159,11.24074074074074,,-12.407967328222398,,0.2960026911994851,-8.513719353155972,-0.2930232558139535,-31.0600854626319,-31.883746276247912,0.0,0.0,0.1727748691099476,0.2702702702702703,4.902714932126697,,1.1499904707451878,0.0345323741007194,0.0737362927116777,-0.0748406664344119,0.0,,-1.872510892131349,0.9068511900235724,-0.4944957814383286,,,,0.0,20000.0,0.0,3.4972677595628414,0.6159219311761684,2.680569894693372,1.8121204289959945,0.2081123244929797,1867000.0,0.0138007614213197,0.0440055978852433,,5.1133,0.0833708172804256
2014-09-30,-0.3601213834505927,0.9997819779630034,,-0.2046371237011512,-0.318964647219367,-0.2873160422964189,0.0,0.4436619257948605,0.0,,-0.2527906857989072,0.9771262833506368,0.0,1.1348304090353487,-0.2322750489390905,,-0.3679738580429633,,-0.0652088620886697,-0.618109467605369,,-0.1796349671564383,-0.01113014801551,0.0,-0.4334141122922117,-0.410127383198135,-0.2976417167130511,0.0,-0.3562069646901458,0.2866270170655741,0.0,-0.0841696341858206,0.0,0.0,0.0,0.0,0.0,0.0,0.0,-0.2670147466531462,0.0,,-0.813941084145549,,-0.7864619646932745,,0.1538059895196572,0.926852522113738,0.3044980928808408,,,,-0.0105102483005736,-0.3909464773150876,-0.1844537977371896,,,,,,0.0,0.2633116726698727,0.3757555954909328,0.2263995685649975,-2.0638649884578406,-0.3123717439130354,,-0.5150644348985336,0.0,-0.2550837320574162,2.9381225914345963,,-0.1514893617021276,-0.8088407494145199,-0.1085916371957562,0.0,0.0,0.0,2.279617598725329,3.6243471273603856,41.46296296296296,,-1.1462348642258364,,-0.5117666847055038,-1.3959311424100156,-0.013953488372093,5.708206156797767,2.6151275158032408,0.0,0.0,-0.8324607329842932,0.0,4.699849170437406,,-0.4487643732926751,-0.1151079136690647,-0.2519194081243311,-0.507244297805193,-0.0119047619047619,,-0.3067925962747448,0.8104326667173599,-0.2625954198473282,,,,0.0,0.0,0.0,-6.852459016393443,-0.1934257832562917,2.569481726202767,0.2031270189947021,-0.5107644305772231,0.0,-0.7823604060913706,-0.7022236044161094,,5.0983,0.0865582645195457
2014-06-30,-0.3312090346929273,0.9820718801885052,,-1.6039746774581296,-0.2906994019580708,-0.2445763288328741,0.0,0.2073882641087604,0.0,,-0.128274523821682,1.0835846475832631,0.0,1.096051671780807,-0.0364286839322278,,-0.1651567142612643,,-0.0115961234467006,-0.3565036310041721,,-0.1121969431313588,-0.0143764411867005,0.0,0.308091327518005,-0.4815988560805567,-0.2533660069913183,0.0112304242402144,0.5044688321755917,0.0920292117547613,0.0,-0.155390093881515,0.0,0.0,0.0,0.0,0.0,0.0,0.0,-0.1354922922577374,0.0,,-0.8133636867914614,,-0.7870684436807301,,0.0,1.0296085735976976,0.1031664948880178,,,,-0.0137700422350285,-0.3622220752516203,-0.0500135150789666,,,,,,-0.0028132861521178,-0.3383314393241646,-1.7997059304035288,-0.3007562772020528,0.6147163752251087,0.5278188608086373,,-0.6066656791586431,0.253759980194343,-0.0691643882433356,-8.583727186795608,,-0.156595744680851,-0.1604215456674473,-0.1098398169336384,0.0,0.0,0.0,0.7626192087306958,-7.142761483862327,3.555555555555556,,-0.3764419287812567,,-0.6022143891415951,-0.5938445487741263,0.013953488372093,-9.374029824714398,-8.60088643464361,0.0,0.0,-0.2809773123909249,0.0,4.676470588235294,,0.0,-0.1323741007194244,-0.0955748918151784,-0.3009201385331065,-0.0132783882783882,,-0.0905289628351706,0.8770435708311155,-0.4670148654077943,,,,0.0,0.0,0.0,0.0109289617486338,0.1494607087827426,2.556679743960355,0.1529913425507171,-0.116380655226209,0.0,-0.3800761421319797,-0.3078836883843881,,5.3023,0.0447541632876299
2014-03-31,-0.5789187220318225,1.0084693175910242,,0.0298367924780297,-0.5748072184314903,-0.2407089656332043,0.0,0.3002438349418304,0.0,,-0.1072767196037379,1.0873090423691103,0.0,1.001468338626365,0.1942038116238778,,-0.244863870472364,,-0.1004742314698896,-0.4592659900361293,,-0.184021127427836,-0.0177386733997191,0.0,-0.3179096599905789,-0.6475595784851055,-0.249359657005768,-0.0375198264388981,-0.4896335253613826,0.0,0.0,-0.1404985432178698,0.0,0.0,0.0,0.0,0.0,0.0,0.0,-0.1133129807225536,0.0,,-0.8142243150446185,,-0.7861644683717762,,-0.0727379425273952,1.0485707727890676,0.0980266770987714,,,,-0.0171462573814282,-0.6083215088803646,0.1083059813878055,,,,,,-0.0107307256051012,-0.5155483510784516,0.1326580624081032,-0.0522760475084881,0.3672212434297539,0.129360706956795,,0.6110502147829951,-0.0012873677044005,0.1497778537252221,-0.1937031920308296,,-0.1634042553191489,23.31645199063232,-0.1185770750988142,0.0,0.0,0.0,0.2805476018253394,0.3673496718896478,0.9629629629629628,,-0.0050154044565451,,0.6001667373594067,-0.3983307250912885,0.0232558139534883,1.051713612976367,-0.1966141102957204,0.0,0.0,-0.6649214659685864,0.0,4.020361990950226,,-0.2372149164601995,-0.1553956834532374,-0.373272532688102,-0.6681558292517983,-0.0151098901098901,,-0.2472002105324717,0.7175119762755684,-0.7620731217356368,,,,0.0,0.0,0.0,-4.1256830601092895,-0.0925526450950179,2.197398306834607,0.0266184261532497,-0.3909516380655226,0.0,-0.6787753807106599,-0.6006841859741875,,5.6173,-0.1032702543926797
2013-12-31,-0.7013854401133497,1.0002180220369967,,-0.0618105083206453,-0.7187392390785987,-0.208180313898432,0.0,0.3279634443701149,0.0,,-0.0095593116478578,0.89617837543877,0.0,0.9409856673835192,-0.0375987219584636,,-0.268658363565115,,-0.2094725823230341,-0.4899312844812833,,-0.3091514124229729,-0.0211395519600139,0.0,-0.4316093552249987,-0.747282917245165,-0.2156619780759227,-0.2598311790122331,-0.485301494170758,-0.0002513002886145,0.0,-0.1392036257688572,0.0,0.0,0.0,0.0,0.0,0.0,0.0,-0.0100971963020097,0.0,,-0.8139553003682822,,-0.7864470324454772,,-0.0729365649604447,0.8351136142940376,-0.0961669538003204,,,,-0.0205612795984761,-0.7299921237118361,-0.0508166969147005,,,,,,-1.907556362181132,-1.1899894294450883,-1.992484888090181,-1.490083831061801,-0.3648461126755523,1.3713048381431292,,0.4478151384980003,-0.1881289843411524,-0.0702751196172248,1.6200101795971789,,-0.1634042553191489,-24.97570257611241,-0.1219055543998335,0.0,1566000.0,9.219939744841284,-0.3672478908263027,2.418642024909602,0.5740740740740741,,0.7103245683169735,,0.4389872899328663,-0.6752217005738133,-0.3302325581395349,3.7959361646463767,1.6188331032478385,0.0,0.0,-0.935282140779523,0.0,3.23604826546003,,-0.6385871291531668,-0.1553956834532374,-0.5744109937493215,-0.9339098715084944,-0.0151098901098901,-1.1069139966273187,0.8038831544782011,1.5037639723214964,-0.9843310566492568,,,,0.0,0.0,0.0,-2.191256830601093,-0.2696456086286595,1.7679124509601487,0.3974673730456131,-0.5842953718148726,0.0,-1.0296637055837563,-0.9446431348157364,,5.385,-0.0532404828226554
2013-09-30,-1.2114122835119805,1.020980428329448,,,-1.3104832544361529,-0.1404479568322779,0.0,0.4148724061213683,0.0,,0.1777460041873053,1.2328570722301877,0.0,0.6591264759057224,-0.2074117408815786,,-0.3432609547538015,,-0.7698243569059856,-0.5851351774769281,,-0.8788776742336569,-0.0231233977868525,0.0,-0.5462398056764718,-1.265583044182009,-0.1454954295147645,-0.0797068421724307,,-0.7262559303060533,0.0,6.136613790870832,0.0,0.0,0.0,0.0,0.0,0.0,0.0,0.1877474406412151,0.0,,-0.8146322112815023,,-0.785736027723441,,-0.646755269325248,1.1900986952453256,-1.035799673495181,,,,-0.0225533758917541,-1.236703502843881,-0.1673861837278449,,,,,,-0.1150675710098528,-0.6236967469329804,2.2702172847573925,-0.8447289732403959,1.1193763492288145,0.6975236176073654,,-1.6395200711005775,0.497196261682243,-0.2314806903622693,-0.8364720424634625,,0.0817021276595744,-16.922131147540984,-0.2454753484501768,0.0,0.0,2.152623960682668,-0.3480611602038673,-0.8875050220972278,0.1851851851851851,,-0.6638962527763846,,-1.6220619853446636,1.1211267605633803,-0.3643410852713178,-1.5744309758437254,-0.8328126135290271,0.0,0.0,-0.0764979639325189,0.0,1.7843137254901962,,-0.3309827838129724,,-0.4794254959440386,-0.594298829846097,1.180860805860806,1.0279932546374368,-0.1975496359542676,0.2285757737054216,-1.262836480514263,,,,0.0,0.0,0.0,2.26775956284153,-0.3470980996404725,0.9729506504232912,-0.4230520739113581,0.0298491939677587,0.0,-0.2225571065989847,-0.153475353755248,,5.0138,0.0168534843831026
2013-06-30,-1.602881854626562,0.0,,0.0019232310281272,-1.7314576465293687,-0.3815237869587315,0.0,0.7475425839530896,-0.2608695652173913,,0.15678905172854,-0.0634630279659201,0.0,-0.0017864786620773,0.4154535022388227,,-0.628824799693988,,-1.1513845182065487,-0.9611640423331944,,-1.2136609132056952,-0.2195241346438739,0.0,-0.1944370349771,-1.5643991094843983,-0.3952351355310195,-0.7077355016316932,-0.4737494109957592,-0.7528328396171098,0.0,1.778569116218841,0.0,0.0,0.0,0.0,0.0,-0.2608695652173913,0.0,0.1656112795175784,0.0,,-0.4636353123317804,,-0.4869871203619577,,-0.6677610963356418,-0.1494729779833683,-1.188309021012165,,,,-0.219770908926273,-1.625628299323,0.2601845773641734,,,,,,-3.658438068872172,-0.3390399215568472,0.2868812285574252,-0.3054807943062733,-0.8270595718582795,0.4264434009354606,,1.0484965190342173,0.059367456829857,0.3598128844839371,-1.195957245691849,,-0.7285106382978723,-0.4531615925058548,-2.1198252548366967,0.0,-848000.0,2.044972565388629,-0.7026823422744742,-0.316994777018883,0.0,-0.4917156600748263,0.3563803109550763,,1.0321042547278818,0.099113197704747,-0.4883720930232558,-0.3826632946716665,-1.1905834483760809,0.0,0.0,-0.7835951134380453,0.0,-0.447209653092006,,-0.6197827329902802,,-0.8431126207869961,-1.0144066233579934,,0.0,-0.3428170414339601,-0.1720021291156566,-1.3051024507834472,,,,0.0,0.0,0.0,-0.4426229508196721,-0.814894709809964,-0.2490192029733636,-0.0870913554722832,-0.4758190327613104,0.0,-0.9151332487309644,-0.8323744363240554,,5.0429,0.0078081758519807
2013-03-31,-1.8951825233853767,0.0,,0.043753505889895,-1.6686725565588614,-3.8887177703810414,0.0,0.6568224755238965,-4.173913043478261,,0.3833937598937854,0.000510868311333,0.0,-0.0004417896042483,0.0364286839322278,,-0.550950722897313,,-1.0544055663997316,-0.8570640083490199,,-1.144459030784917,-3.2443093253635977,0.0,-0.4034142825523124,-1.7461529365793458,-4.0578307910957685,-0.7424112595941733,-0.4975527823800331,-0.748836784270125,0.0,0.7698284234380058,0.0,0.0,0.0,0.0,0.0,-4.173913043478261,0.0,0.3190972933904357,0.0,,-0.5692727827955273,,-0.5979452078396599,,-0.6646026987070733,-0.1551581066049895,-1.189711336638505,,,,-3.2553763962460627,-1.9160288476569547,0.0,,,,,,-4.394199633648689,0.0,0.5724554811305342,0.0024888533298224,0.2350793797980488,0.5516259636538426,,-0.0344837801807139,0.0948443399145881,0.0,-1.0727841198284012,,0.1736170212765957,-0.1604215456674473,-2.8529228208862074,0.0,-718000.0,0.0,0.744565815219384,0.027454131511986,0.0,-0.2137894174238375,0.4824819087196388,,-0.0516885814160974,0.2720918101199791,-0.3736434108527132,-0.005057992500218,-1.067499818353557,0.0,0.0,-1.101221640488656,0.0,0.4298642533936652,,-1.3451496093005526,,-1.0319668698524964,-1.4703362911654403,0.3653846153846153,,-0.7183835784672067,-0.0468405444452893,-1.47159501807955,,,,0.0,0.0,0.0,-6.3497267759562845,-1.2893682588597843,-0.3592814371257485,-0.7308437782659258,-0.7960478419136765,0.0,-1.3811865482233503,-1.2892240709065463,,6.4679,-0.1139148686606784
2012-12-31,-1.8951825233853767,0.0,,,-1.6686725565588614,-3.8887177703810414,0.0,0.910027303412164,-4.173913043478261,,0.3833937598937854,-0.0774047889784281,0.0,0.0062206895781875,0.0364286839322278,,-0.7435811825045663,,-1.0544055663997316,-0.8570640083490199,,-1.144459030784917,,0.0,-0.4232325582715194,-1.834551410204908,-4.028472005035649,-0.7609706295236185,-0.4975527823800331,-0.7498267551040612,0.0,3.123988345742959,0.0,0.0,0.0,0.0,0.0,-4.173913043478261,0.0,0.4049666123690654,0.0,,-0.7808834452906438,,-0.8177312402150703,,-0.6653851507160564,-0.2202722505693956,-1.270082679445995,,,,-3.257135650115451,-1.9160288476569547,0.049581032552033,,,,,,-3.8667289182746254,-0.6066194911963998,0.5927136088874367,-0.5394785814295588,0.9217849921018768,0.5516259636538426,,-0.0344837801807139,0.0948443399145881,0.0,-1.0727841198284012,,-0.2127659574468085,-0.1604215456674473,-2.8529228208862074,0.0,0.0,-0.0036355067829131,-0.5191250637502125,-0.0128565689031739,0.0,-0.5494388027792624,0.3609658236010604,,-0.037238010267511,-41.97496087636933,,0.0983692334525159,-1.067499818353557,0.0,0.0,-1.101221640488656,0.0,-0.6546003016591252,,-1.0428816466552315,,-1.2037597133683868,,,,-0.8803181379572502,-0.3721390008364383,-1.2647649658497389,,,,0.0,0.0,0.0,-0.4426229508196721,-1.2893682588597843,0.8593846789180261,-0.4349399147176638,-0.8153926157046282,0.0,-1.2615799492385786,-1.1719794744207743,,6.2768,-0.0853141728269181
2012-09-30,-2.14876091825075,0.0,,0.1417314421561556,-1.961219750846905,-3.8696866747937344,0.0,0.910827012291983,-4.173913043478261,,0.4338456824797018,-0.1891695917997396,0.0,0.0035802560834085,0.0497716175775712,,-0.7589509922477575,,-1.3997626400675938,-1.0096457210067993,,-1.40805786880878,-3.244180504206011,0.0,1.7779467766925272,-2.0897735575127268,-4.008756962616637,6.069497365590418,-0.5108528781407227,-0.7885193843904444,0.0,1.3493039818711556,0.0,0.0,0.0,0.0,0.0,-4.173913043478261,0.0,0.4582573706296723,0.0,,-0.77973903936062,,-0.8190119676222922,,,,-1.335847069355943,,,,-3.25700629321329,-2.167958838878801,2.952187512067035,,,,,,-3.86815739527468,-0.3209651228366495,0.1568371181179546,-0.2839546183040857,0.1855074727144653,0.0306705366881736,,-3.760094800770256,1.666225165562914,0.0126666097060833,-1.1635279575365376,,0.0782978723404255,-0.1604215456674473,-2.8529228208862074,0.0,0.0,1.3957148146901404,-0.1839906133020443,-0.0259809829918307,0.0,0.6990913949759487,0.6535788493229204,,-3.7159321934738414,0.4678142931664058,-0.3767441860465116,0.0078486090520624,-1.158177722880186,0.0,0.0,-1.3390052356020945,0.0,-0.8453996983408748,1.0,-1.3000444698557907,,-1.1725528515812822,-1.6043609238272845,,,-0.7637065411269336,-0.0006083187590297,-1.7840096424266774,,,,0.0,0.0,0.0,2.584699453551913,-1.3239856189008732,0.052033863307867,-0.909678253004264,-0.8153926157046282,0.0,-1.5209390862944163,-1.4262167625563675,,6.421,-0.1053402521309585
2012-06-30,-2.222886068173987,0.0,,0.1461388465956139,-2.0477948422078045,-3.854782804755481,0.0,0.9081293567246363,-4.173913043478261,,0.4791911351682582,-0.2002109391737117,0.0,0.0036025816999497,1.477938032986072,,-0.7597291157542888,,-1.503093981834965,,,,-3.2459195898334343,0.0,1.221536767668742,-2.2657561042839816,-3.993317471565604,1.972361488395836,-0.5152761099879919,-0.8814053016745738,0.0,0.1443832955649077,0.0,0.0,0.0,0.0,0.0,-4.173913043478261,0.0,0.506154327446898,0.0,,-0.7797248231378867,,-0.8189970353744951,,,,-1.484964979725104,,,,-3.2587526113924623,-2.2416021332114813,2.196980345213732,,,,,,-4.392282635061513,0.3159434007713954,0.4162718510047378,0.2799896698661386,-0.4435247591113107,0.1992521861307796,,4.910679899274181,-0.3853685708980627,1.3684424128503077,-1.3819530284301609,,-0.1123404255319149,-0.1604215456674473,-3.041397961306428,0.0,0.0,1.1734103073349715,-0.5390917969726565,-0.0350877192982456,1.148148148148148,1.1950828433992515,-0.0141864297485132,,4.845650933875474,0.1128847157016171,,0.0,-1.376444089224733,0.0,0.0,-1.2838859802210587,0.0,-0.9464555052790348,-1.0,-1.3362556381424306,,-1.0565352938439347,-1.5732934401705023,,,-0.7415421503552736,-0.1084328187970496,-1.7912414624347128,,,,0.0,0.0,0.0,-0.4426229508196721,-1.3578839239856189,-0.22217633698121,-0.9213076624886936,-0.8153926157046282,0.0,-1.4608185279187818,-1.3750583113046182,-1.0,6.4548,-0.0775970355482979
