,totalAssets,intangibleAssets,earningAssets,otherCurrentAssets,totalLiab,totalStockholderEquity,deferredLongTermLiab,otherCurrentLiab,commonStock,capitalStock,retainedEarnings,otherLiab,goodWill,otherAssets,cash,cashAndEquivalents,totalCurrentLiabilities,currentDeferredRevenue,netDebt,shortTermDebt,shortLongTermDebt,shortLongTermDebtTotal,otherStockholderEquity,propertyPlantEquipment,totalCurrentAssets,longTermInvestments,netTangibleAssets,shortTermInvestments,netReceivables,longTermDebt,inventory,accountsPayable,totalPermanentEquity,noncontrollingInterestInConsolidatedEntity,temporaryEquityRedeemableNoncontrollingInterests,accumulatedOtherComprehensiveIncome,additionalPaidInCapital,commonStockTotalEquity,preferredStockTotalEquity,retainedEarningsTotalEquity,treasuryStock,accumulatedAmortization,nonCurrrentAssetsOther,deferredLongTermAssetCharges,nonCurrentAssetsTotal,capitalLeaseObligations,longTermDebtTotal,nonCurrentLiabilitiesOther,nonCurrentLiabilitiesTotal,negativeGoodwill,warrants,preferredStockRedeemable,capitalSurpluse,liabilitiesAndStockholdersEquity,cashAndShortTermInvestments,propertyPlantAndEquipmentGross,propertyPlantAndEquipmentNet,accumulatedDepreciation,netWorkingCapital,netInvestedCapital,commonStockSharesOutstanding,investments,changeToLiabilities,totalCashflowsFromInvestingActivities,netBorrowings,totalCashFromFinancingActivities,changeToOperatingActivities,changeInCash,beginPeriodCashFlow,endPeriodCashFlow,totalCashFromOperatingActivities,issuanceOfCapitalStock,depreciation,otherCashflowsFromInvestingActivities,dividendsPaid,changeToInventory,changeToAccountReceivables,salePurchaseOfStock,otherCashflowsFromFinancingActivities,changeToNetincome,capitalExpenditures,changeReceivables,cashFlowsOtherOperating,exchangeRateChanges,cashAndCashEquivalentsChanges,changeInWorkingCapital,stockBasedCompensation,otherNonCashItems,freeCashFlow,researchDevelopment,effectOfAccountingCharges,incomeBeforeTax,minorityInterest,sellingGeneralAdministrative,sellingAndMarketingExpenses,grossProfit,reconciledDepreciation,ebit,ebitda,depreciationAndAmortization,nonOperatingIncomeNetOther,operatingIncome,otherOperatingExpenses,interestExpense,taxProvision,interestIncome,netInterestIncome,extraordinaryItems,nonRecurring,otherItems,incomeTaxExpense,totalRevenue,totalOperatingExpenses,costOfRevenue,totalOtherIncomeExpenseNet,discontinuedOperations,netIncomeFromContinuingOps,netIncomeApplicableToCommonShares,preferredStockAndOtherAdjustments,adjusted_close,10%DDret
2023-09-30,1.0613717148238009,,,,-0.0267416875505383,0.4528306099656012,,,3.0250154058292,0.8299220364590014,,,,0.386357331527368,,,,,,,,,-0.3244945691588621,,,3.74810112959032,,,,,,,,,,-1.1114185893666333,,,,,,,-0.2880975441080922,,0.5313321800783829,,,,,,,,,1.0613717148238009,,,,,,,0.8763968312260637,0.4232874440205673,,0.3696268819550513,,-0.9728577255367272,,0.0951548034821433,-0.7211048769961157,-0.5407542901578213,0.4782589333428337,,,0.0,-3.936406454574824,,,-0.3027701911822083,-0.1857014265841084,,0.0,,,,,0.2656264341441028,,0.2845281197200096,0.5820502879929109,,,0.4051308965176586,,,,0.0737341942847995,,,0.3113018597997138,,,0.2406839151726602,-0.0117163037855728,,0.7756521739130435,,,,,,1.0847528043207313,-0.0466072577142762,0.5007172162754111,,,,0.5349958495964395,0.2026335877862595,,30.1461,-0.1002213005048831
2023-06-30,1.2122501654252702,,,,-0.0274709897268672,0.5165471885922664,,,3.434975198140318,0.9831513233847864,,,,0.4429058235225384,,,,,,,,,-0.3256338904619589,,,4.39776326003476,4.43826190804281,,,,,,,,,-0.9162198623266112,,,,,,,-0.3306400859751854,,0.5828260844707523,,,-0.2425683709869203,-0.0458990180603103,,,,,1.2122501654252702,,,,,,,0.8926079429200986,,,0.3696268819550513,,-1.175534873373132,,1.6248353001421163,-0.7211048769961157,-0.614742943993779,0.575626135594428,,,0.0,-4.130349764499838,,,-0.2073091429314605,-0.1770819126592291,-0.0411072282508736,0.0,,,,-0.4989155881726351,-0.2795777879761358,,0.3778766249439674,0.6829585733274258,,,0.508860212398123,,,,0.0971197797857365,,0.3179532083732385,0.421173104434907,,0.4079242485383684,0.3113033060804136,,,0.6316521739130435,,,,,,0.9987536352305776,-0.0096644915147083,,,,,0.5979936772575546,0.3387786259541985,,30.8455,-0.0683081810961081
2023-03-31,1.2308795958533398,,,,-0.0243167578142449,0.5236198618957605,,,3.506391131123436,1.0098442154473284,831813000.0,,,-1.1819713954817483,-0.4032866663168389,,,,0.2750084397122154,,,,-0.9614224586614728,,-0.3144467129567793,4.480115958754955,4.511010059253135,,,,,,,,,-0.98142446988827,,,,,,,-0.3360328785807436,,0.5893535728306637,,,0.7859690844233056,-0.0104343904389003,,,,,1.2308795958533398,-0.2138336876533965,,,,,,0.8953884895860658,,,,,-1.3110979272498051,,1.9107484997209447,11.83360667529852,-0.614742943993779,0.6407513627133136,,,,-4.275696723402085,,,0.734815970867473,-0.1546057117918223,-0.0593847710134265,0.0,,,,-0.383217053496486,-0.0372648003671408,,0.2707630771352712,0.7504522965588539,,,0.7330204988886144,,,,0.1476563084530887,,0.4769024490354357,0.6586061720825669,,0.6804868664308036,0.4639126505391034,,,0.8973913043478261,,,,,,1.157457415870378,0.0701692660373935,,,,,0.7194857031843309,0.6013358778625955,,34.3683,-0.1058504493966823
2022-12-31,1.2768063167003172,1.7218794911647122,,,-0.0228362743962973,0.542597919103229,,,3.6551595799852334,1.0654488961103747,831813000.0,,0.229264596616774,-0.4191349649021146,-0.1893162617410925,,-0.0906122018413151,,0.0133045805495119,0.0,,,-0.9618022324291718,,-0.1209171158801358,4.678519007023016,4.706214689265536,0.0008056156611085,0.7924225724256779,,,-2.833138173302108,,,,-1.072607146563354,,,,,,,-0.3490251242296144,,-0.1818643489763274,,0.0,1.2687277051129608,-0.7898362067198295,,,,,1.2768063167003172,-0.1271062383369285,,-0.5227873122609965,,,,0.6302576465033314,0.0716536739094377,,-0.0161466288457342,,-1.10204308650673,,-0.7722970523759932,12.476286385651944,10.952485728929185,0.5686433431899961,,1.4009763783958693,-1.101557632398754,-4.028328033871214,,,-0.291195213941995,5.308311284471237,0.8678729078535957,22.573317634272257,,,,-0.3206087141774477,0.4862781092244149,0.8153850596286564,-7.257142857142857,-0.474551395657953,,,0.5942825388984935,,0.0071011100412806,-0.7468435426008969,0.1045934231520776,-1.789957098765432,-1.179744993843207,-1.8138600940118537,-0.0892959975560867,0.5117915896357886,-1.1266572647596629,-0.3418309826132665,0.0303162217659137,0.3151304347826087,,,,,,0.8097216452014956,0.0207583162454714,0.0054908998365055,4.0,31.99628093044162,,0.6548983592659967,0.4617557251908397,,30.6103,0.0968464176829268
2022-09-30,1.0967197017255128,0.0017218511057251,,-2.55288814820284,1.5026560273634175,0.0931263600650732,,0.5933730324809184,0.6542138756185212,-0.0562044440643662,285773000.0,0.0,0.0002160160177084,-0.8491462601337145,-0.3999317835965786,,-0.0261166579795549,,0.2709051350674856,0.0,,,-0.5473859286955686,,-0.3134508589735152,0.0596784571806726,0.0830370676588121,0.0,4.222058744918557,,,-0.2336261709601873,,,,-1.376699297796534,,,,,,,-0.0465644939098661,,0.2389782386199564,,0.0,498.7039239001189,17.15809434000943,,,,,1.0967197017255128,-0.2125047353824136,,-0.8269663963348174,,,,0.2091180945385866,0.4232874440205673,-0.0172966047405509,0.3307876936504473,,-1.0392673069079312,-0.1099809281627463,-0.8142530825484319,-0.7211048769961157,11.544615874025768,0.5101624568028786,,,-0.1109034267912772,0.8474945163319787,,,-0.1410456496293406,-0.1778456670576362,-0.1157347802096744,0.0,,,,-0.5462501935410267,0.0703074804956402,,0.3672287162511637,0.6151140894993354,,,0.3478327982217831,,,,0.0608164422938057,,0.2037706936653441,0.2506110770488453,,0.2121266153023207,0.2016751087664726,,,-0.0459130434782608,,,,,,0.5941005400914001,-0.0670137380911804,,,,,0.5230744776672965,0.1768702290076335,,31.8163,-0.0784377818916718
2022-06-30,-0.0219114253719947,,,,-0.0260999016353689,-0.0035189206737929,,,-0.0555097956668436,-0.3214754635766308,158117000.0,0.0454111810723144,,-1.181975640700352,-0.4032901258855014,,,,0.2750126710566006,0.0,,,-0.4526148339023584,,-0.3144477398854442,-0.930376659865768,-0.9110376188507648,1.2451974908095984,,,,,,,,-0.979072261233526,,,,,,,0.01826837735333,,0.1605039038061224,,0.0,0.2045184304399524,-0.0304831799266107,,,,,-0.0219114253719947,-0.2138350580743661,,,,,,0.121819421856146,0.3839221540332835,-0.0172966047405509,0.3307876936504473,,-1.7825280878045162,-0.2968849332485696,-1.0449191891876342,-0.7211048769961157,-0.614742943993779,0.8703997292386618,,,-0.1109034267912772,1.4812535069969903,,,6.239042788399011,-0.2290899502650409,-0.0444638587456317,0.0,,,,0.0669064053057598,0.0163377696190913,,0.6029447260439296,0.9884525919361984,,,0.7014077550012349,,,,0.1405292728718508,,0.4544862498289779,0.6251216022889843,,0.6420480672678985,0.4423905504529309,,,-0.304695652173913,,,,,,0.4395513086830079,0.0589105182432395,,,,,0.7319192525741333,0.628206106870229,,37.1393,-0.0336139884165828
2022-03-31,0.245244023481905,,,,-0.0251299297408515,0.1087480457263199,,,0.6654342003306914,-0.0520106611935405,94353000.0,0.1469185269986643,,0.0804767366716664,,,,,,0.0,,,-0.3349757150690113,,2.159427135517933,0.2234129519334473,0.2437187083735244,1.3524652527456245,,,,,,,,-0.5849043550451416,,,,,,,-0.057286500429381,,0.2519562590761655,,0.0,0.5208085612366231,-0.0195772944384084,,,,,0.245244023481905,3.087514024266984,,,,,,0.1429620691464246,0.3839221540332835,-0.0172966047405509,0.3307876936504473,,-3.1338203122103154,-1.4157660521296884,-1.464283864879949,12.476286385651944,-0.614742943993779,1.5163970928782642,,,0.0,2.763190559589193,,,0.4585121602288984,-0.1835192711600883,0.4904588927717491,0.0,,,,0.0196742457138666,-0.3067462138595686,,1.136940105513603,1.657943804460198,,,1.287817979748086,,,,0.2727343909046776,,0.8703023669448625,1.246253832004905,,1.355080284161826,0.8416213035162572,,,0.5356521739130434,,,,,,0.9414208558371416,0.2677580908506182,,,,,1.0460606488758588,1.3070992366412213,,41.0823,-0.0963431940275982
2021-12-31,0.320601596565941,0.2360111211822436,,-2.466435319473597,-0.0209510282704872,0.1394591133123716,,,0.8246114985448355,0.0074844999358618,,0.5842396489219615,1.0560617235466276,-2.20395166181393,6.343312168756888,,,,-7.976651199209298,0.0,,,-0.3318544017533651,,1.6881947751700053,0.5488668603892313,0.5596068164071472,0.522023372615541,,,,,,,,-0.4394825140959563,,,,,,,-0.078598557693389,,0.2777525794414608,,0.0,1.8834720570749108,0.0274082122137717,,,,,0.320601596565941,2.458661475630904,,6.968262178788494,,,,0.1052584859136456,0.3839221540332835,-0.0172966047405509,-0.3726816495745145,,-1.650784233749861,2.090909090909091,-0.7183618045926088,13.074013331415143,11.544615874025768,0.8039385086750508,,0.4934509489441326,-2.119626168224299,1.39973814422472,,,0.9026531408505656,-0.1870470890955875,0.8401002391024462,22.4367358029164,,,,0.1183015887244453,0.7058283616337769,0.9465584784345432,-1.1247474225026723,-0.2237391079604194,,,2.5146023709557914,,6.149031065661764,1.464708520179372,-9.469429088953964,1.7385802469135805,-1.1684520892050896,2.545677498467198,0.0945194173196274,2.846760949333233,1.6768217070556335,12.708013133126466,1.6819530002281542,0.8862608695652174,,,,,,1.1508101371001247,0.704672270385865,5.801431347749638,3400.602409638554,-155.05697269356108,,1.7390014305646315,2.804618320610687,,41.4896,-0.0640859396089623
2021-09-30,0.1645567875260863,,,,-0.0268292038116978,0.0751852233911767,,,0.4486665568429338,-0.1330311711634668,,-0.0309101316542644,,0.0502355624127123,,,,,,0.0,,,-0.3646568629619151,,,-0.1250586777862502,-0.1015019980708281,,,,,,,,,0.690480369435124,,,,,,,-0.0344671483352354,,0.2243354944612362,,0.0,-0.0332936979785969,-0.0386830938275148,,,,,0.1645567875260863,,,,,,,0.1538744032317297,0.3839221540332835,-0.0172966047405509,-0.3726816495745145,,-1.721791686751455,-0.2396694214876033,-1.0260700456268952,-0.7211048769961157,8.874909425092342,0.8380508746303752,,,-2.119626168224299,1.501385795174372,,,-0.0815450643776824,-0.1479865070056281,-0.1246551407025933,0.0,,,,-0.0646851946062298,0.0328591096833409,,-0.0148546601841315,0.9549272633289028,,,1.336224993825636,,,,0.2836476641384482,,0.904627171979751,1.2975270795013285,,1.4139396953800245,0.8745770192732087,,,-0.2852173913043478,,,,,,0.4511840465309514,0.2849980484104165,,,,,1.0945938785962803,1.4119847328244275,,41.459,0.0269664005402926
2021-06-30,0.2807235022650537,,,,-0.0259649807327481,0.1238936946568226,,,0.7845624439441363,-0.0074844999358618,,0.0595306239267315,,0.0937742686516386,,,,,,0.0,,,-0.3650526619624542,,,0.3764949955004156,0.3995039272426622,,,,,,,,,0.6905846276246151,,0.3870180646772961,,,,,-0.0673109407382115,,0.2641015546798755,,0.0,0.248513674197384,-0.0289661958549435,,,,,0.2807235022650537,,,,,,,0.1936414668695241,0.0942113119920384,-0.0172966047405509,0.0449487235435304,,-1.1362675664652009,-8.738080101716465,-0.8443564766600883,-0.7211048769961157,-0.614742943993779,0.5832680180982579,,,-2.119626168224299,1.1849483940079235,,,-0.0815450643776824,0.087904494330942,-0.3513426521979033,0.0,,,,-0.134325039494011,-2.421110601193208,,-0.2868452811972001,0.6908783783783784,,,1.3821005186465791,,,,0.293990217726065,,0.9371569298125598,1.3461189454322502,,1.4697209996340057,0.9058092856091974,,,-0.8104347826086956,,,,,,0.1375155795596177,0.3013364265570111,,,-43.78050028093044,,1.134172833401035,1.4975190839694656,,38.2354,0.1135492240175334
2021-03-31,0.3400687575289706,,,,-0.0008441672691006,0.1427324240406587,,,0.9256371301838328,,,2.688418240793742,,0.11601657481839,,,,,,,,,-0.3665991762417191,,,0.6329415374610436,0.5932754581783106,,,,,,,,,0.6905484797122003,,0.4541818319133918,,,,,-0.0841041125066933,,0.2844165562689135,,,8.439952437574316,0.2534798384616961,,,,,0.3400687575289706,,,,,,,0.1940087088820103,0.0,-0.0172966047405509,-0.0480034911629936,,-2.209944751381216,7.504767959313414,-1.1775651463455332,-0.7211048769961157,-0.614742943993779,1.106656810003919,,,-1.1925233644859814,1.7556579551444458,,,1.6381193913382754,-0.3548548412027313,2.1802464594445468,0.0,,,,0.2858982224493621,2.269114272602111,,0.4424261232371297,1.233301949490474,,,1.1196900469251667,,,,0.2348302544052422,,0.7510849637433301,1.068170856325363,,1.1506489362700476,0.7271590407532735,,,0.1147826086956521,,,,,,0.6900706273369339,0.2078800239688185,,,,,0.9605623355292208,1.1223282442748093,,32.2656,0.3195787464048398
2020-12-31,0.2829970393118309,0.2528605362830701,,,-0.0219137071432413,0.1238588627009145,,-0.4700096346443047,0.5841463340227824,,,0.4834955161228773,1.0529926931629705,-4.942209906895815,-0.4032846859421734,,-0.0259931616631062,,0.2750103497185693,675.0,,-0.3885641399808657,-0.3141316259274144,,4.032702403069774,0.3856178169802636,0.3991456524734739,1.4931812227130017,,,,,,,,-0.4842782524473347,,0.291602641004116,,,,,-0.0679083405196748,,1.673103949217578,,,1.5695600475624256,0.0165843258645784,,,,,0.2829970393118309,-0.2138329031778638,,6.903142376826588,,,,-0.0261332563873878,0.0,-0.0172966047405509,0.3375518219506873,,-0.881901442396826,1.965034965034965,-0.7654156190125488,-0.7211048769961157,-1.2015888164289628,0.4345630410773451,,,-0.0915887850467289,0.6799408273962354,,,1.2296137339055797,-0.202685869634398,2.094307522530808,0.0,,,,0.1483275144908386,0.6694814134924277,0.1067790900253145,-3.7739250370676873,0.5367652488554128,,,1.505834774018276,,5.373617982004714,1.3783968609865471,-8.824293168938235,,18.669355588999863,1.4771796443899448,-4.409489457944326,1.6201728619825635,17.930736249185564,11.238184607251558,7.141227469769564,0.3923478260869565,,,,,,0.8558371416701288,0.3454038690950671,5.201722861461579,3104.434207417907,-113.55972581188898,,1.1744229172921707,1.5845038167938932,,26.5495,0.6036836851918116
2020-09-30,0.050449405317362,,,,-0.0273251292916014,0.0272537726804038,,,-0.028066065076663,,,-0.0828086243083381,,0.0074686837517974,,,,,,,,,-0.3162852024735626,,,-0.618973362002441,-0.5945156400716549,,,,,,,,,-0.6572347711785257,,0.0001365235299756,,,,,-0.0021235882793881,,0.1852743826573978,,,-0.1950059453032104,-0.0442590352801295,,,,,0.050449405317362,,,,,,,-0.0054037038980116,0.0,-0.0172966047405509,0.3375518219506873,,-0.6087359560977419,0.5193897012078831,-0.6806405026438282,-0.7211048769961157,-0.614742943993779,0.3033328583134418,,,-0.0915887850467289,0.4257366819132475,,,0.2593965405124203,-0.2066137493976342,-0.1321270921464042,0.0,,,,-0.5288996043031883,0.2520422212023864,,-0.2655770490672735,0.4007624427706395,,,0.6555939738206965,,,,0.1302006392756036,,0.4220002736352442,0.5765951359084406,,0.5863418387935322,0.4112003194686731,,,-0.542608695652174,,,,,,0.2974657249688409,0.0425941298384303,,,,,0.7117500573991982,0.584618320610687,,20.7677,0.0943050987832064
2020-06-30,0.0305220227693038,,,,-0.0277845896626886,0.0189744846991702,,,-0.0262234668911951,,,-0.1308910513260828,,0.0,,,,,,,,,-0.3190092022691864,,,-0.7073255065753469,-0.6796747967479675,,,,,,,,,-0.8647825936559549,,0.0010137598289679,,,,,0.0036620726563492,,0.1784528632902832,,,-0.3448275862068966,-0.0494249810376991,,,,,0.0305220227693038,,,,,,,0.0221394470384554,0.0,-0.0172966047405509,0.3375518219506873,,-0.7017686973933034,-1.063572790845518,-0.7095126034948015,-0.7211048769961157,-0.614742943993779,0.3480262923509922,,,-0.0915887850467289,0.5239155940215265,,,1.7753934191702432,-0.1928661702263077,-0.1040555453375023,0.0,,,,-0.4481164529081213,-0.205048187241854,,0.1129202441295127,0.4470813026140895,,,0.3260990367992097,,,,0.0559166053317046,,0.1883595567109043,0.2275904353157572,,0.1856999408778235,0.186878664957229,,,-0.96,,,,,,0.0481927710843373,-0.0747541271996613,,,,,0.5338478656328924,0.2001526717557251,,20.4835,0.109488124588083
2020-03-31,0.0947218734623933,,,,-0.0257461900798494,0.045511076338697,,,0.1894825471784452,,,0.0824270177447052,,0.0240617843604363,,,,,,,,,-0.3210239859926013,,,-0.4272200811986068,-0.4067245418216894,,,,,,,,,-0.9685565048946696,,0.1037085019302103,,,,,-0.0146803798706863,,0.2004296845718845,,,0.3198573127229488,-0.0265062216846723,,,,,0.0947218734623933,,,,,,,0.0976339121766958,0.3907779067838779,-0.0172966047405509,0.3375518219506873,,-1.4917868664021654,-1.1042593769866498,1.9394364819534984,-0.7211048769961157,-0.614742943993779,0.7301738572802736,,,-0.0915887850467289,1.2679940827396234,,,0.6219274287943816,-0.1719902166698489,0.0558442155600515,0.0,,,,-0.3716080843687536,-0.2167966957319871,,0.5655667045963932,0.8431269384138237,,,0.5333415658187207,,,,0.102639056363785,,0.3353126282665207,0.4471040261598201,,0.4376917951557353,0.327970323041678,,,0.0,,,,,,0.6215205650186955,-0.0009455588967746,,,,,0.6280355345189947,0.4037022900763359,,13.5831,0.041426478491655
2019-12-31,0.1732034391489506,0.3146322537016147,,0.3810900039026654,0.6717766439154775,0.0777565362388543,,0.01713152484131,0.3545903269696581,,,0.4262545315779431,1.0509938099347946,-1.1819271525126525,3.1635776879886657,,0.6716575215459594,,-4.087567630013285,,,,-0.3194659984275231,,1.3909463642427766,-0.0882742891687103,-0.0750539708786918,0.9323372300465884,,,,,,,,-0.7264173786710021,,0.1823141028806464,,,,,0.2386705095787147,,-0.5675800322454004,,,1.3912009512485135,0.0104343904389003,,,,,0.1732034391489506,1.199089767260826,,5.87301176774861,,,,-0.038166832799958,0.0099518991540885,-0.0172966047405509,-0.0381845952432904,,-0.5782194371315214,1.2987921169739352,2.809132283473628,-0.7211048769961157,-0.614742943993779,0.3219655135558801,,,-7.17196261682243,0.471714475183214,,,0.8898426323319027,-0.1275106152769064,1.828627919808718,0.0,,,,-0.0196742457138666,0.4770995869664984,0.4080274898212584,-4.649618978655909,0.4200727366710973,,,1.0888799703630525,,5.36483061633299,1.7155381165919283,-8.795631906708218,,16.83054863866466,1.0355364806866951,-4.0316851210701765,1.1131861222421382,16.165272494167596,11.148683451113998,26.10312571298197,0.1613913043478261,,,,,,0.7179061071873701,0.1969071428178754,5.427522596168677,3062.7994330262227,-98.94909540397798,,0.9417530598187952,1.081679389312977,,21.5854,0.0327675187858459
2019-09-30,-0.036600341030557,,,,-0.0260670830374341,-0.0097127569359132,,,-0.1873775922976955,,,0.0488456401450104,,-0.0251571277203742,,,,,,,,,-0.3248865444933947,,,-0.9943738021144612,-0.9747462220384916,,,,,,,,,-0.7955999861634785,,-0.0757095592613786,,,,,0.0224591728082333,,0.155475610581704,,,0.2152199762187871,-0.03011418380107,,,,,-0.036600341030557,,,,,,,-0.0035674938355805,0.2704705036766738,-0.0172966047405509,0.2188522801658302,,-0.3961956320219511,0.0909090909090909,1.5281615180580088,,,0.2135362855819587,,,-6.007476635514019,0.2587271088741902,,,0.9346468981662116,-0.1767545893456261,-0.1381966157807614,0.0,,,,-0.5380359049163496,0.1283157411656723,,-0.1907382504051584,0.3077001181509378,,,0.4347987157322796,,,,0.0804227501378949,,0.2654371323026406,0.3427263437563866,,0.3178708508901172,0.2608819016793123,,,-0.5293913043478261,,,,,,0.3053593685085168,-0.0360411867863641,,,,,0.5851009342823335,0.3109160305343511,,20.487,0.088138819739347
2019-06-30,-0.005392227557305,,,,-0.0264317341255985,0.0035189206737929,,,-0.1109951860597075,,,0.010684983781721,,-0.013460482189542,,,,,,,,,-0.3261860113611839,,,-0.8590336312447476,-0.8386477424096275,,,,,,,,,-0.6572347711785257,,-0.0393449194365935,,,,,0.0135965431185738,,0.1661587371767542,,,0.0963139120095124,-0.0342141407515221,,,,,-0.005392227557305,,,,,,,-0.0078170085514925,0.076297893514679,-0.0172966047405509,-1.5834606153174775,,-0.1701954095442916,1.8251748251748248,3.92475302213451,,,0.1206045815668531,,,-5.5769470404984425,0.0320348234173879,,,3.92859929769801,-0.1975214351308838,0.9202455398197537,0.0,,,,0.4317763515566519,0.6290959155575953,,-0.1584635012585772,0.2113886427411017,,,0.1971165719930847,,,,0.0268377433605991,,0.0968997126829935,0.0909707745759247,,0.0288666372619863,0.0990668151915761,,,-0.6302608695652174,,,,,,0.2451184046530951,-0.1206906977894812,,,,,0.4516875364264142,0.0225954198473282,,19.912,-0.0481965393734551
2019-03-31,-0.0913497429545801,,,,-0.0285540034587155,-0.0321597197009989,,,-0.4303503987211636,,,-0.2114100362526235,,-0.0456769309401114,,,,,,,,,-0.3174969705797346,,,-1.2377864334668325,-1.2056313444490376,,,,,,,,,-0.6226434674322875,,-0.1913856557341335,,,,,0.0383988306319137,,0.136733856381825,,,-0.5957193816884662,-0.0580758902031528,,,,,-0.0913497429545801,,,,,,,-0.0663134148260846,-1.209266323879029,-0.7719410634208841,-1.241108444250491,,-0.3658645111053432,-1.7514303877940245,-0.0011967710197294,,,0.3181534789269301,,,-4.599376947040499,0.4892962200948802,,,0.2378072571205618,0.0995790258494494,0.2027312856354607,0.0,,-1.001180637544274,,,-0.4036714089031666,,0.37795938071101,0.4161220646876384,,,0.0,,,,-0.0176018290868659,,-0.0428731700643042,-0.1178172900061312,,-0.2108127891590574,-0.0351310452090207,,,-1.0128695652173914,,,,,,0.0166181969256335,-0.1908929484395529,,,,,0.3486338990833789,-0.2001145038167938,,19.4736,-0.0161493015179404
2018-12-31,0.0383966897979266,0.4513483510020145,,0.7826777910210568,1.4747492795861938,0.0219530634928502,,0.5755112117316307,-0.0317756667215785,,,0.0133562297271513,1.0475008878754428,,2.9561368526000944,,1.4713320373892205,,-0.3278908421099922,,,1.0794675201823127,-0.320347561631258,,1.5072824957252842,-0.669918274724243,-0.6490377107160902,0.9959381303099744,,,,,,,,-0.6572347711785257,,-0.0016295680918367,,,,,-1.6932058220687336,,-0.6679506020647874,,,0.1046373365041617,-0.0339271437649904,,,,,0.0383966897979266,1.1169173063222098,,,,,,-0.0473049157966528,-0.8565267871952231,-0.0172966047405509,-0.8930831333187869,,-0.651155029849086,0.1926255562619199,10.201483305619645,,,0.4267964658520075,,,-10.33582554517134,0.6676642124772576,,,11.556964494732735,0.9032304992589764,3.023427441603826,11.878996467711255,,,,2.971737771408548,0.157687012391005,-2.779213228995216,7.510292748525913,-0.0766042682026288,0.0,0.0,0.4359101012595702,0.0,4.96913354803723,1.746591928251121,-8.339967949219872,,16.871637706936653,0.3439362354383813,-4.155097381368377,0.3192597528129956,16.204722671766955,10.651846698696318,23.910107232489164,,,,-1155000.0,0.0,0.0,0.2991275446614042,-0.0356343765633332,5.173149890489558,2858.1715095676823,-112.2391279919092,0.0,0.586019321453171,0.3129007633587786,,18.0098,0.0476296238714478
2018-09-30,0.0351751387027265,-2.8413853458392173e-08,,,-0.0268401433443427,0.0207026855884568,0.0,,-0.0283528270459246,,0.0,-0.0320549513451631,0.0,0.0017439646819331,-0.4032901296111665,,-0.0259963307569105,,,,,,-0.3226056140934197,0.0,-0.3144477409913602,-0.683831493426943,-0.6618988562766983,-8.064220831917624e-07,,0.0,0.0,-0.2287763466042154,0.0,0.0,0.0,-0.6226434674322875,0.0,0.0,0.0,0.0,0.0,,0.0021235882793881,,0.180045712746589,,,-0.0368608799048751,-0.0388060925360283,,,,,0.0351751387027265,,,,,,,0.0615917318084046,-0.1269420025432631,-0.1505445227418321,-0.1732489635609862,,-0.5682450220623679,-0.0909090909090909,,,,0.3282001496312658,,-0.4734731777318195,0.0,0.4824607641427624,0.0,0.0,-0.1292755885030563,-0.1062345998927107,-0.2617482067316535,0.0,,,,,0.07581459385039,,-0.1793455398089721,0.4265341160832964,0.0,0.0,0.6224993825635959,0.0,0.0,,0.1227395239014951,,0.3985333150909837,0.5415409769057837,,0.546101220919866,0.3886693709409613,-0.3589339032641926,0.0,,,,0.0,0.0,0.0,0.3086830078936435,0.0308076282414253,-0.0064318104698152,0.0,0.0,0.0,0.6923402977693789,0.5426717557251909,,19.6625,-0.0731471245981975
2018-06-30,0.1322097846926483,-2.8413853458392173e-08,,,-0.0264609062126517,0.0614730434153536,0.0,,0.2492937723842122,,0.0,0.0076321312726578,0.0,0.0381120668207142,-0.4032901296111665,,-0.0259963307569105,,,,,,-0.3232591605169498,0.0,-0.3144477409913602,-0.2647587512909113,-0.2425428322079831,-8.064220831917624e-07,,0.0,0.0,-0.2287763466042154,0.0,0.0,0.0,-0.5880521636860493,0.0,0.1321838245759782,0.0,0.0,0.0,,-0.0253190143323465,,0.2132625045307092,,,0.0868014268727705,-0.0345421373075582,,,,,0.1322097846926483,,,,,,,0.1133203924243219,-0.5289987283684414,0.6271620755925689,-0.5699323587169975,,-0.957729244688346,0.680864589955499,,,,0.5476949659767003,,-0.4734731777318195,0.0,0.878883202122052,0.0,0.0,-0.055598907530238,-0.0643008464944582,0.1787060879161302,0.0,,,,,0.2986691142726021,,0.3491327885245336,0.6540115935607739,0.0,0.0,0.393615707582119,0.0,0.0,,0.0711381158943681,,0.2362347790395403,0.2991048436541998,,0.2677953058868795,0.2328443220748649,-0.3589339032641926,0.0,,,,0.0,0.0,0.0,0.3207312006647279,-0.050708344557264,-0.0064318104698152,0.0,0.0,0.0,0.5608873032973631,0.258587786259542,,17.8783,0.0105642016862732
2018-03-31,0.1871373369076502,-2.8413853458392173e-08,,,-0.0282951011861188,0.0850533844380645,0.0,,0.298287359898474,,0.0,-0.184315970234688,0.0,0.0586986398824214,-0.4032901296111665,,-0.0259963307569105,,,,,,-0.3145868968898969,0.0,-0.3144477409913602,-0.0275379144369107,0.0,-8.064220831917624e-07,,0.0,0.0,-0.2287763466042154,0.0,0.0,0.0,-0.3459130374623819,0.0,0.1555090149101123,0.0,0.0,0.0,,-0.0408532080473229,,0.2320652429394896,,,-0.5112960760998811,-0.0551649207683319,,,,,0.1871373369076502,,,,,,,0.04422643093227,-0.4630950406369215,-1.3344010249839846,-0.5049094479598516,,-1.241054544106196,-1.2657342657342658,,,,0.6784976308382914,,-0.4734731777318195,0.0,1.2032442910339902,0.0,0.0,0.0676290805046169,0.0046916341616431,0.389553062350561,0.0,,,,,-0.2634235888022028,,0.6021171683735044,0.7895713336287107,0.0,0.0,0.4031859718448999,0.0,0.0,,0.0732957145566569,,0.2430209330961827,0.309241773962804,,0.2794320517272121,0.2393598015931398,-0.3589339032641926,0.0,,,,0.0,0.0,0.0,0.5729123390112173,-0.0472999345805181,-0.0064318104698152,0.0,0.0,0.0,0.5556418996485403,0.2472519083969465,,16.1376,0.1339041992297051
2017-12-31,0.1529282393661243,0.6011461864346581,,-0.5706962566055249,1.851605239671486,0.0697291100926485,0.0,0.8375733339600016,0.1812213619363144,,0.0,0.2079755771799274,1.0475008878754428,0.0458772404660217,3.1226058666106944,,1.8466401039861944,,-0.4064860632432883,,,1.1318125382953337,-0.3107517919144792,0.0,0.9571220016144816,-0.1752799932220001,-0.1576225253777961,0.6951656852501399,,0.0,0.0,-0.2287763466042154,0.0,0.0,0.0,-0.4496869487010965,0.0,0.0997754623645294,0.0,0.0,0.0,,-1.49716512510832,,-0.3723173073729364,,,0.7110582639714625,-0.0130173633176851,,,,,0.1529282393661243,1.1828598124138991,,,,,,-0.1490051938513194,-4.024105711284348,-0.0172966047405509,-4.018328605716779,,-0.0947013237420742,0.7215511760966307,8.141679276874125,,,0.0998165235669243,,0.4237257136425667,0.0,0.0310486133546445,0.0,0.0,9.078748862010665,0.9139230608366748,2.3730457973146954,14.280228240195637,,,,2.1382109940616374,0.4554382744378155,0.7063806031205182,-0.911678907623875,-0.5378359917294343,0.0,0.0,1.0214559150407507,0.0,5.328729373485175,1.5421300448430493,-8.357618498276532,,15.746362019428105,0.9641201716738196,-3.777952257940038,1.0312033709025048,15.12433006158179,10.538516935535643,11.483002509696554,,,,0.0,0.0,0.0,0.4042376402160366,0.1728943447881563,5.283076780701484,2908.96763524687,-89.79795482638498,0.0,0.916515073912506,1.027137404580153,,14.9084,-0.0276631707836457
2017-09-30,-0.0655858175401686,-2.8413853458392173e-08,,,-0.0279377431197176,-0.021460950474764,0.0,,-0.4342491412394218,,0.0,-0.1469185269986643,0.0,-0.0360207399847224,-0.4032901296111665,,-0.0259963307569105,,,,,,-0.3116874995710386,0.0,-0.3144477409913602,-1.1189974055831484,-1.0955858711129485,-8.064220831917624e-07,,0.0,0.0,-0.2287763466042154,0.0,0.0,0.0,-0.4496869487010965,0.0,-0.1932417947906106,0.0,0.0,0.0,,0.0306200376943667,,0.1455533345929476,,,-0.3947681331747919,-0.0511469629568889,,,,,-0.0655858175401686,,,,,,,-0.1419652693982477,-1.440150384253884,-0.4311338885329916,-1.4689068295876064,,0.1870295524491082,-0.3693579148124603,,,,0.0711371976201503,,-0.4734731777318195,0.0,-0.0249613167604699,0.0,0.0,0.2270776433866562,0.0919051126083121,-0.0660980320029428,0.0,,,,,-0.0045892611289582,,0.0192683010930657,0.1601222123763107,0.0,0.0,-0.110613731785626,0.0,0.0,,-0.0425394936255139,,-0.121307976467369,-0.2349805845084815,,-0.3453110483394176,-0.110437377834759,-0.3589339032641926,0.0,,,,0.0,0.0,0.0,-0.1171582883257166,-0.2302875708481993,-0.0064318104698152,0.0,0.0,0.0,0.2910404266968086,-0.3245801526717557,,14.238,0.0325637600966735
2017-06-30,-0.0668880113337518,-2.8413853458392173e-08,,,-0.0267599201049465,-0.022297810543633,0.0,,-0.4142673231685367,,0.0,-0.0236596069452394,0.0,-0.0365087957343609,-0.4032901296111665,,-0.0259963307569105,,,,,,-0.3126117682586915,0.0,-0.3144477409913602,-1.124621313603858,-1.1041936521060125,-8.064220831917624e-07,,0.0,0.0,-0.2287763466042154,0.0,0.0,0.0,-0.5534608599398111,0.0,-0.1837287190316705,0.0,0.0,0.0,,0.0309883142664735,,0.1451075690659778,,,-0.0107015457788347,-0.0379041020069289,,,,,-0.0668880113337518,,,,,,,0.0005770945910497,-0.6333830928291038,0.2825112107623318,-0.6729216670303295,,0.1090882123920056,0.3388429752066115,,,,0.0435979194128754,,-0.4734731777318195,0.0,-0.0641036540783186,0.0,0.0,0.007478215632722,-0.0264040806306429,-0.0814097848077984,0.0,,,,,0.1999082147774208,,0.0667425261197889,0.1315813764584256,0.0,0.0,-0.1448197085700172,0.0,0.0,,-0.0502511688442753,,-0.1455630045149815,-0.271211935417944,,-0.3869030302461547,-0.1337249626936253,-0.3589339032641926,0.0,,,,0.0,0.0,0.0,0.0195263813876194,-0.2424698877973425,-0.0064318104698152,0.0,0.0,0.0,0.2656611504565443,-0.3794274809160305,,13.5001,0.0823253161087695
2017-03-31,0.0839310558373912,-2.8413853458392173e-08,,,-0.0276132036512513,0.0414241268454796,0.0,,0.0272301844428581,,0.0,-0.1129555428353367,0.0,0.0200174396468193,-0.4032901296111665,,-0.0259963307569105,,,,,,-0.3110972487754583,0.0,-0.3144477409913602,-0.4732646831857515,-0.4487621147397914,-8.064220831917624e-07,,0.0,0.0,-0.2287763466042154,0.0,0.0,0.0,-0.6572347711785257,0.0,0.0264623267676166,0.0,0.0,0.0,,-0.0116651904114336,,0.1967357839184278,,,-0.2889417360285374,-0.0474980012709866,,,,,0.0839310558373912,,,,,,,0.0153192382351398,-0.5648255653231603,-0.4093529788597053,-0.6052803840279293,,-0.6386592013052023,-0.3477431659249841,,,,0.3972977305924685,,-0.4734731777318195,0.0,0.626345411572665,0.0,0.0,0.0235401222525686,-0.0214214924124637,0.3376402427809454,0.0,,,,,0.0016521340064249,,0.5398296610461708,0.4981446610544971,0.0,0.0,-0.0917510496418868,0.0,0.0,,-0.0382869362620995,,-0.107932685729922,-0.2150010218679746,,-0.3223753976670201,-0.0975955778809979,-0.3589339032641926,0.0,,,,0.0,0.0,0.0,-0.1674283340257582,-0.2235697047327421,-0.0064318104698152,0.0,0.0,0.0,0.3039684922555236,-0.2966412213740458,,12.7637,0.1447699334832375
2016-12-31,0.1440292081643733,0.7649350033102139,,-0.0619715140583852,1.541319982241492,0.0664593718726597,0.0,0.621803857898439,0.1901170843019176,,0.0,0.0038160656363289,1.0475008878754428,0.0425419278838014,3.044183239754421,,1.5376293083675203,,-0.6492802176996489,,,0.989985434336268,-0.3077921493593796,0.0,1.1592195815665611,-0.213713084516621,-0.1912544210187864,0.8056523230831721,,0.0,0.0,-0.2287763466042154,0.0,0.0,0.0,-0.7610086824172403,0.0,0.1040105965497308,0.0,0.0,0.0,,-1.5922746491513369,,-0.4695602584786654,,,0.074910820451843,-0.0349521330026034,,,,,0.1440292081643733,1.151794664464703,,,,,,-0.0787328052043439,-0.927517001161055,-0.0172966047405509,-0.9631245908793368,,0.1422373836627238,0.4799745708836618,7.760243036576314,,,0.0091292885389575,,0.6820298541059947,0.0,-0.137253234939042,0.0,0.0,11.50760827155677,2.5465753798314283,2.6339893323524004,13.306041119463815,,,,1.9838578052622204,0.2927948600275356,0.4517185950930284,-0.8763421950967208,-0.5821795155811549,0.0,0.0,-1.6226034205976785,0.0,4.716258839934925,1.588609865470852,-8.117292422478698,,14.6355123819948,0.7321152667075413,-3.5440118765609423,0.6977918336320724,14.057788099791924,9.717515031736598,4.16290212183436,,,,0.0,0.0,0.0,-2.5563082675529705,-0.7687764357927027,4.888260789092144,2625.064965745334,-85.79166198449263,0.0,0.7802405467935924,0.7326335877862595,,12.7707,-0.0651682085134736
2016-09-30,0.005392227557305,-2.8413853458392173e-08,,,-0.0274600501942222,0.0083123336829925,0.0,,-0.2628814086724141,,0.0,-0.0969280671627552,0.0,-0.0094185221131383,-0.4032901296111665,,-0.0259963307569105,,,,,,-0.3076846230516576,0.0,-0.3144477409913602,-0.8145003400449271,-0.7893436222497818,-8.064220831917624e-07,,0.0,0.0,-0.2287763466042154,0.0,0.0,0.0,-0.4496869487010965,0.0,-0.1116559142283661,0.0,0.0,0.0,,0.0106803204905875,,0.1698504598227501,,,-0.2390011890606421,-0.0457760193517968,,,,,0.005392227557305,,,,,,,0.0,0.424614363907779,0.2338244714926329,0.3709360680776783,,0.1420149060031888,0.3248569612205976,,,,-0.0574388115002315,,-0.4734731777318195,0.0,-0.2695414123208243,0.0,0.0,-0.3240343347639485,-0.2138148622969004,-0.3656658083501931,0.0,,,,,0.1859568609453878,,-0.3401675804282611,0.0268701078127307,0.0,0.0,0.1014756730056804,0.0,0.0,,0.0052756767290804,,0.0290819537556437,-0.0103331289597384,,-0.0874257453617245,0.0339540553605582,-0.3589339032641926,0.0,,,,0.0,0.0,0.0,-0.2044038221852929,-0.1547528078151542,-0.0064318104698152,0.0,0.0,0.0,0.4160823722647074,-0.0543511450381679,,12.1285,-0.0051943768809004
2016-06-30,0.0982148916676563,-2.8413853458392173e-08,,,-0.0281747663270245,0.0475768792621698,0.0,,0.0,,0.0,-0.1717229536348025,0.0,0.0253709501904927,-0.4032901296111665,,-0.0259963307569105,,,,,,-0.306253226742479,0.0,-0.3144477409913602,-0.4136182841126888,-0.3854760920490561,-8.064220831917624e-07,,0.0,0.0,-0.2287763466042154,0.0,0.0,0.0,-0.4842782524473347,0.0,0.0134984009318457,0.0,0.0,0.0,,-0.0155710813520848,,0.2016254106678442,,,-0.4720570749108204,-0.0538119349746827,,,,,0.0982148916676563,,,,,,,0.085672315198573,-0.424614363907779,-7.43818065342729,0.1688850098188959,,0.4188141940746783,-0.242212333121424,,,,-0.1739196266343653,,-0.4734731777318195,0.0,-0.2519596674091581,0.0,0.0,-0.1996358434126674,0.0764845476119036,-0.1762460915946294,0.0,,-0.2951593860684769,,,-2.0943552088113813,,-0.0767559739319333,-0.0938469206911829,0.0,0.0,-0.2207026426278093,0.0,0.0,,-0.0673588382375203,,-0.1993706389382952,-0.351587982832618,,-0.4791711633930499,-0.1853864099707854,-0.3589339032641926,0.0,,,,0.0,0.0,0.0,-0.2384711258828417,-0.2694952804516693,-0.0064318104698152,0.0,0.0,0.0,0.2332173575175288,-0.4495419847328244,,12.169,-0.0562166159914537
2016-03-31,0.1998899285702166,-2.8413853458392173e-08,,,-0.0070541753005408,0.085221292328083,0.0,,0.2582566092532596,,0.0,2.0385422629269225,0.0,0.0634782477367805,-0.4032901296111665,,-0.0259963307569105,,,,,,-0.3071523296985374,0.0,-0.3144477409913602,0.0275379144369107,0.0017270681181388,-8.064220831917624e-07,,0.0,0.0,-0.2287763466042154,0.0,0.0,0.0,-0.4496869487010965,0.0,0.1364509110767059,0.0,0.0,0.0,,-0.0444597992982651,,0.2364306958933487,,,6.414982164090369,0.1836575715954982,,,,,0.1998899285702166,,,,,,,0.1844604165573684,0.7455078232985017,7.25624599615631,0.0517128518437704,,-0.4403574474396529,,,,,0.2483968078663294,,-0.4734731777318195,0.0,0.1165088163778884,0.0,0.0,-0.2080244505137209,-0.3721666075666239,-0.2596330697075593,0.0,,,,,2.198256080770996,,-0.1768076962863349,0.3438284596071481,0.0,0.0,0.2622252408001976,0.0,0.0,,0.0415163742598479,,0.1430674510877001,0.1599346004496219,,0.1080340468660554,0.1433930935917106,-0.3589339032641926,0.0,,,,0.0,0.0,0.0,-0.2384711258828417,-0.0975025150767167,-0.0064318104698152,0.0,0.0,0.0,0.5094929443139471,0.1475190839694656,,12.0246,-0.0635613658666399
2015-12-31,0.2489194336517416,0.8280364890706112,,-0.9948175416020616,1.6842048646278416,0.1109388864402321,0.0,0.7211646733782932,0.4426994673548954,,0.0,-0.1278381988170196,1.0400228375482974,0.0818542621018351,2.4380962376029807,,1.6799273071631875,,0.5475415728029471,,,1.1807257570382792,-0.3067214618697223,0.0,0.5660389555012896,0.2392862949300102,0.2662532727022185,0.4813607951134398,,0.0,0.0,-0.2287763466042154,0.0,0.0,0.0,-0.5188695561935729,0.0,0.2242616836546477,0.0,0.0,0.0,,-1.357386172024446,,-0.1571759084060742,,,-0.3353151010701545,-0.0490969844816629,,,,,0.2489194336517416,0.9117085675474694,,,,,,0.078774723256912,-1.6186211090838725,-0.0172966047405509,-1.644992363080951,,-0.0044495531907004,0.0972663699936427,7.48546901341189,,,0.017554953863693,,0.9093543803373711,0.0,-0.1578276172824811,0.0,0.0,9.149759396540512,3.175872634861751,2.196155968364907,10.947196811882982,,,,1.8726668847519936,0.2035796236805874,0.6365087156978815,-0.277797317333885,-0.4532473046817309,0.0,0.0,-1.6232562052358608,0.0,4.776995694854853,,-8.31593170852234,,12.62011219045013,0.0406785203351727,-3.163913691273729,-0.0288666372619863,12.12277475356775,8.756218442094173,1.515400410677618,,,,0.0,0.0,0.0,-2.5563759867054423,-0.7690089223377294,3.3223385877780176,2692.43798724309,-86.81200134846613,0.0,0.4412320517122622,0.0,,11.918,-0.135844940426246
2015-09-30,0.1129334990413817,-2.8413853458392173e-08,,,-0.0277444780429905,0.0536697921648641,0.0,,0.04455792896845,,0.0,-0.1266933791261209,0.0,0.030887410943736,-0.4032901296111665,,-0.0259963307569105,,,,,,-0.3073826342725235,0.0,-0.3144477409913602,-0.350271463475511,-0.3228055670387212,-8.064220831917624e-07,,0.0,0.0,-0.2287763466042154,0.0,0.0,0.0,-0.4496869487010965,0.0,0.0347118336852929,0.0,0.0,0.0,,-0.0197192910795946,,0.2066638679270795,,,-0.3317479191438763,-0.0489739857731493,,,,,0.1129334990413817,,,,,,,0.2172498819579245,,-0.4247277386290839,-1.5895701505564042,,-0.1673773591901813,,,,,0.0913017920125405,,-0.4734731777318195,0.0,0.0541055244767135,0.0,0.0,-0.2551046950188581,-0.1711537237573079,-0.0232205260253816,0.0,,-0.3234946871310508,,,-0.0934373565855897,,0.1068514878797282,0.181020159503766,0.0,0.0,-0.1126821437391948,0.0,0.0,,-0.0430058133363957,,-0.1227746613763852,-0.2371714694461475,,-0.3478260869565217,-0.111845562117741,-0.3589339032641926,0.0,,,,0.0,0.0,0.0,0.0589945990859991,-0.2310242271980121,-0.0064318104698152,0.0,0.0,0.0,0.2823687324490913,-0.3433206106870229,,13.0782,-0.0806838861617042
2015-06-30,0.2972193708749724,-2.8413853458392173e-08,,,-0.0265848875826276,0.130992268645479,0.0,,0.5657508587605782,,0.0,-0.0053424918908605,0.0,0.0999568380664407,-0.4032901296111665,,-0.0259963307569105,,,,,,-0.3080293173147096,0.0,-0.3144477409913602,0.4478838214180217,0.4725184878967434,-8.064220831917624e-07,,0.0,0.0,-0.2287763466042154,0.0,0.0,0.0,-0.3805043412086201,0.0,0.2828448017939772,0.0,0.0,0.0,,-0.0719857739678546,,0.2697484020231511,,,0.0463733650416171,-0.0359361226707119,,,,,0.2972193708749724,,,,,,,0.2806778238287603,-0.6997290871896943,-7.475336322869955,-0.7383809731616845,,0.3057213838110423,,,,,-0.0455217499732801,,-0.4734731777318195,0.0,-0.0365917940521331,0.0,0.0,0.0274417999739888,0.1958848185628688,-0.2097664153025565,0.0,,0.1475796930342384,,,-1.9673244607618168,,-0.1203406779076583,0.0392205730320484,0.0,0.0,0.0546739935786614,0.0,0.0,,-0.0052756767290804,,-0.0041045286632918,-0.0599059881463314,,-0.1443331863099315,0.0020912587486075,-0.3589339032641926,0.0,,,,0.0,0.0,0.0,0.0108018280016618,-0.1714210320885307,-0.0064318104698152,0.0,0.0,0.0,0.3801593048515568,-0.1319847328244275,,14.2732,-0.1032844772020289
2015-03-31,0.2814276200817794,-2.8413853458392173e-08,,,-0.0053585477405762,0.1191431517472021,0.0,,0.4989475225596251,,0.0,2.2159893150162184,0.0,0.0940381685032347,-0.4032901296111665,,-0.0259963307569105,,,,,,-0.3082718234555295,0.0,-0.3144477409913602,0.3782902495265704,0.3506407606448946,-8.064220831917624e-07,,0.0,0.0,-0.2287763466042154,0.0,0.0,0.0,-0.4496869487010965,0.0,0.2510406288215696,0.0,0.0,0.0,,-0.0674285013377766,,0.2643425875055335,,,6.967895362663496,0.2027223714151001,,,,,0.2814276200817794,,,,,,,0.2710246052148365,-0.4394316359816442,7.713645099295324,-0.4815622954396683,,-0.6177092216989877,,,,,0.3771331362000784,,-0.4734731777318195,0.0,0.3655438608423594,0.0,0.0,-0.0490961113278709,-0.2797886946164407,0.1273450432223652,0.0,,,,,2.329325378614043,,0.2875073273335402,0.4772467139270418,0.0,0.0,-0.0315510002469745,0.0,0.0,,-0.0247149446767343,,-0.0652455876316869,-0.1512364602493358,,-0.2491765125423474,-0.0566111099434624,-0.3589339032641926,0.0,,,,0.0,0.0,0.0,-0.0531782301620274,-0.2021297064919215,-0.0064318104698152,0.0,0.0,0.0,0.3335511559315448,-0.2327099236641221,,14.708,-0.0565066630405222
2014-12-31,0.329356410865471,0.974066647534672,,-1.3570165353472494,1.5478326506761086,0.1447160592732714,0.0,0.6263327068277729,0.6557331039237579,,0.0,-0.086624689944667,1.0400228375482974,0.1120016406304026,2.511665004985045,,1.5441152267487237,,-0.151882729717414,,,0.9255364034097628,-0.3090832276499706,0.0,0.4274147227791824,0.5852848706340865,0.6136787469569611,0.4055750019372864,,0.0,0.0,-0.2287763466042154,0.0,0.0,0.0,-0.3113217337161437,0.0,0.3256841426467555,0.0,0.0,0.0,,-1.3193277273121913,,-0.0650287687560473,,,-0.2068965517241379,-0.0446690309751747,,,,,0.329356410865471,0.9408509813479198,,,,,,0.2710246052148365,-3.7686736329960735,-0.0172966047405509,-3.766310277111063,,0.2035670584745448,-0.6528925619834711,5.593120868119286,,,0.0218657593786739,,0.6944667201283079,0.0,-0.0943020863443913,0.0,0.0,-0.2821563272207049,8.028586236054663,2.006276439212801,9.214020469160404,,,,1.106903331932465,-0.0056906837999082,0.6401740251990028,-0.420495844970863,-0.360461896322552,0.0,0.0,0.3372746357125216,0.0,4.725256482618945,,-7.951948189792122,,12.128050348884935,0.2394277539341917,-3.01086898266751,0.1992886569881474,11.650339435465224,8.709939306140795,1.107004334930413,,,,0.0,0.0,0.0,-0.1092646447860407,-0.0707739839364936,3.28628497393343,2718.918025041342,-62.79986515338802,0.0,0.5469348828173293,0.2284351145038168,,12.0515,0.1514666224121477
2014-09-30,0.1353677106839274,-2.8413853458392173e-08,,,-0.0267271015070117,0.0628681079058268,0.0,,0.0239903843220519,,0.0,-0.0202251478725434,0.0,0.0392956417575412,-0.4032901296111665,,-0.0259963307569105,,,,,,-0.3099220853697875,0.0,-0.3144477409913602,-0.2511203163677248,-0.2281934683753617,-8.064220831917624e-07,,0.0,0.0,-0.2287763466042154,0.0,0.0,0.0,0.1383652149849527,0.0,0.0249199013544877,0.0,0.0,0.0,,-0.0262121150096545,,0.2143435222337354,,,0.0,-0.0375351058813882,,,,,0.1353677106839274,,,,,,,0.0964797229945963,0.241278266158014,0.3798846893017296,0.190050185468034,,0.010678927657681,,,,,0.0204228864583704,,-0.4734731777318195,0.0,-0.0918535648093043,0.0,0.0,-0.2130966315515671,-0.1526054026531373,-0.1680844215560051,0.0,,,,,0.2278109224414869,,-0.0669632081652356,0.1075635061290799,0.0,0.0,-0.0852679673993578,0.0,0.0,,-0.0368253371682909,,-0.1033356136270351,-0.208134069078275,,-0.31449244080744,-0.0931818659492633,-0.3589339032641926,0.0,,,,0.0,0.0,0.0,-0.1732447029497299,-0.2212607818452691,-0.0064318104698152,0.0,0.0,0.0,0.3079246216068243,-0.2880916030534351,,11.929,-0.108030849191047
2014-06-30,0.1326487979097032,-2.8413853458392173e-08,,,-0.0278575198803215,0.061999988389348,0.0,,-0.0312143454200452,,0.0,-0.1385231825987407,0.0,0.0382766067884262,-0.4032901296111665,,-0.0259963307569105,,,,,,-0.3075763341460085,0.0,-0.3144477409913602,-0.2628627432122681,-0.237122778007441,-8.064220831917624e-07,,0.0,0.0,-0.2287763466042154,0.0,0.0,0.0,0.3113217337161437,0.0,-0.0013623305437993,0.0,0.0,0.0,,-0.0254431727206626,,0.213412787045502,,,-0.3686087990487515,-0.0502449724277895,,,,,0.1326487979097032,,,,,,,0.0598079848906143,-1.2066124841046055,-7.377962844330558,-1.2328169321405194,,0.7017686973933034,,,,,-0.195420214471481,,-0.4734731777318195,0.0,-0.2965771709374096,0.0,0.0,0.2320847964624788,0.3063018830182846,-0.2780255655692477,0.0,,,,,-1.9952271684258835,,-0.1988759008310058,-0.1161294491212524,0.0,0.0,-0.1287663620647073,0.0,0.0,,-0.0466319710881779,,-0.1341797783554522,-0.2542080523196403,,-0.367383327546242,-0.1227957712436158,-0.3589339032641926,0.0,,,,0.0,0.0,0.0,-0.2268383880348982,-0.2367525549331237,-0.0064318104698152,0.0,0.0,0.0,0.28531816817082,-0.3369465648854962,,11.6664,-0.0478553795515325
2014-03-31,0.1061150087378476,-2.8413853458392173e-08,,,-0.006908314865275,0.0456950605160577,0.0,,-0.1297811457055869,,0.0,2.053806525472238,0.0,0.0283318747302379,-0.4032901296111665,,-0.0259963307569105,,,,,,-0.3084159544637526,0.0,-0.3144477409913602,-0.3774567387287128,-0.4048321161177713,-8.064220831917624e-07,,0.0,0.0,-0.2287763466042154,0.0,0.0,0.0,0.2767304299699055,0.0,-0.0482886630279757,0.0,0.0,0.0,,-0.0179390877147524,,0.2043297699316269,,,6.462544589774079,0.185297554375679,,,,,0.1061150087378476,,,,,,,0.0373012958396726,-0.606402388455797,6.664317745035234,-0.6519746890682959,,-0.5988727798583559,,,,,0.3819961523388792,,-0.4734731777318195,-0.0161993769470405,0.3823434391525395,0.0,0.0,0.0,-0.2433466990353054,0.3691603825639139,0.0,,,,,2.0286369894447,,0.5776490465846005,0.4822865898685571,0.0,0.0,-0.3478327982217831,0.0,0.0,,-0.0960201004675377,,-0.2895170337939526,-0.4862456570611077,,-0.6337521936204357,-0.2719371991845142,-0.3589339032641926,0.0,,,,0.0,0.0,0.0,-0.3934358122143747,-0.3147721587879254,-0.0064318104698152,0.0,0.0,0.0,0.1670758199254693,-0.5924809160305343,,11.0764,-0.052146906937272
2013-12-31,0.1294929927552215,0.9596778721433422,,0.5764518091139543,1.9002642808761472,0.0601976579528723,0.0,0.8714103776963015,-0.0184747924026382,,0.0,0.0637282961266933,1.020120081577799,0.0370938267306703,2.2723198824578894,,1.895099283649562,,-1.2748971510355496,,,0.3327246390832769,-0.3091823653804944,0.0,1.212937503675029,-0.2764920186761375,-0.2556612006798034,0.8350198820937681,,0.0,0.0,-0.2287763466042154,0.0,0.0,0.0,0.2421391262236673,0.0,0.0047027998942668,0.0,0.0,0.0,,-1.585433941814401,,-0.4995739272904879,,,0.2615933412604043,-0.0285152005903938,,,,,0.1294929927552215,0.8460404408153848,,,,,,0.0373012958396726,,,0.3696268819550513,,0.4623827357336201,,7.827158646958303,,,-0.1690566104955645,,0.6880231854696887,0.0,-0.3642175783441873,0.0,0.0,17.47873585641826,2.026895065601048,1.78055453375023,7.830812426410652,,,,2.010936086641187,-1.4661771454795778,0.5045267727373355,-0.6010413434019517,-0.4878433761630483,0.0,0.0,0.3189985181526303,0.0,4.681906216452516,,-7.875576157142783,,11.156754686003556,0.2200694870222767,-2.7762425905480583,0.1770662262220929,10.717785157317303,8.539633141830903,1.3342459502623774,,,,0.0,0.0,0.0,-0.2742002492729539,-0.0772829475049889,3.2560770583335903,2691.5969761398537,-55.26059107764917,0.0,0.543490930926688,0.2209923664122137,,9.2445,0.1356806749959434
2013-09-30,-0.1002148407675732,-2.8413853458392173e-08,,,-0.010230286278453,-0.0403809544223856,0.0,,-0.6683201239787918,,0.0,1.7061629460026713,0.0,-0.0489995254571945,-0.4032901296111665,,-0.0259963307569105,,,,,,-0.3084998402357343,0.0,-0.3144477409913602,-1.2685530573130268,-1.2901933765100362,-8.064220831917624e-07,,0.0,0.0,-0.2287763466042154,0.0,0.0,0.0,0.0,0.0,-0.3046798523222071,0.0,0.0,0.0,,0.0404135553969087,,0.1336991659864931,,,5.379310344827586,0.1479469465570611,,,,,-0.1002148407675732,,,,,,,-0.1818372593253239,0.2954608282191629,6.255605381165919,0.0,,0.1426081797619489,,,,,-0.0274413053546617,,-0.4734731777318195,-0.6953271028037383,-0.3321487476832565,0.0,0.0,-0.265184029132527,-0.2801887564441777,0.0,0.0,,0.0,,,1.9214318494722349,,0.1347125961173752,0.0579585733274257,0.0,0.0,-0.5598295875524821,0.0,0.0,,-0.1438143908350777,,-0.4398412915583527,-0.7107950132842836,,-0.8915248829287061,-0.4162655793522352,-0.3589339032641926,0.0,,,,0.0,0.0,0.0,-0.4894058994599086,-0.3902739372082923,-0.0064318104698152,0.0,0.0,0.0,0.0498754878931845,-0.845763358778626,,8.4488,0.2426380077644161
2013-06-30,0.3069221992229254,-2.8413853458392173e-08,,,-0.0280836035549834,0.1354454002392687,0.0,,1.1180849181508123,,0.0,-0.1621827895439801,0.0,0.1035934098165975,-0.4032901296111665,,-0.0259963307569105,,,,,,-0.3869894692852246,0.0,-0.3144477409913602,0.4895410423922676,0.518322539157595,-8.064220831917624e-07,,0.0,0.0,-0.2287763466042154,0.0,0.0,0.0,0.2421391262236673,0.0,0.5458036443068236,0.0,0.0,0.0,,-0.0747136597169458,,0.273069863400817,,,-0.4423305588585018,-0.0527869457370697,,,,,0.3069221992229254,,,,,,,0.2968889355227952,-1.0449494111793,0.9961563100576554,-2.375518219506873,,0.5536356557529015,,,,,-0.030968328048737,,-0.4734731777318195,-3.7021806853582553,-0.410943530972097,0.0,0.0,0.1289504486929379,0.0386968895192893,-0.1858331800625345,0.0,,1.460448642266824,,,0.8684717760440569,,-0.088259025550843,0.0543032786885245,0.0,0.0,-0.2222153618177327,0.0,0.0,,-0.0676998780260756,,-0.2004432890956355,-0.3531902718168813,,-0.4810105199936185,-0.1864162760881901,-0.3589339032641926,0.0,,,,0.0,0.0,0.0,-0.413377648525135,-0.270034029125413,-0.0064318104698152,0.0,0.0,0.0,0.2397873580473676,-0.4353435114503817,,9.0665,-0.0984979456206919
2013-03-31,0.3059932727056788,-2.8413853458392173e-08,,,0.002674715731686,0.1275206837066381,0.0,,1.0413303314846338,,0.0,3.056668574699485,0.0,0.1032452527834677,-0.4032901296111665,,0.0036297174815299,,,,,,-0.3772991374254846,0.0,-0.3144477409913602,0.4739516426345352,0.4368104359009692,-8.064220831917624e-07,,0.0,0.0,0.9653103044496488,0.0,0.0,0.0,-0.0691826074924763,0.0,0.5092618143686658,0.0,0.0,0.0,,-0.0736928018574574,,0.2727518743115454,,,-0.1129607609988109,-0.0414300649843176,,,,,0.3059932727056788,,,,,,,0.2494097896227899,-1.045612871122906,2.811659192825112,-2.373336242635828,,0.4825169639215395,,,,,0.0030193451850796,,-0.4734731777318195,-3.6940809968847352,-0.3456156161262348,0.0,0.0,0.129145532579009,0.0388059972904903,-0.2057430568328122,0.0,,5.476977567886659,,,2.637723726480037,,-0.1121478569704493,0.089527027027027,0.0,0.0,-0.297635218572487,0.0,0.0,,-0.0847031474840485,,-0.2539225612258859,-0.4330758226037196,,-0.5727155847934008,-0.2377624582273692,-0.3589339032641926,0.0,,,,0.0,0.0,0.0,-0.578728707935189,-0.2968944987163488,-0.0064318104698152,0.0,0.0,0.0,0.2036700164250013,-0.5133969465648855,,9.0142,0.1055626002940086
2012-12-31,0.1991391523439488,0.9615702347836712,,2.170746885778476,1.791131503210297,0.0844942868893857,0.0,0.7955204612589527,0.98875527001385,,0.0,2.214081282198054,1.0091173429335747,0.0631968605456208,2.8877945112032326,,1.7864147565988082,,-1.6761910263075137,,,0.4798996527889752,-0.4105163779343815,0.0,2.101941310907641,-0.0302674333134115,-0.0057507693721005,1.3210377834718388,,0.0,0.0,0.6572014051522248,0.0,0.0,0.0,0.0691826074924763,0.0,0.4842315322878148,0.0,0.0,0.0,,-1.9050704156501947,,-0.8900928430130337,,,-0.2354340071343638,-0.0456530206432832,,,,,0.1991391523439488,1.0898452095078683,,,,,,0.2494097896227899,,,0.3696268819550513,,0.3814379472727947,,1.603316436614289,,,-0.0739516904770387,,0.6594071385359952,0.0,-0.4787879818401319,-1200829000.0,53.62800875273523,-0.3027701911822083,4.279752325359373,,7.843492437279232,,,,-0.5076234791749855,-1.5579623680587424,-0.5518677870501382,1.1579048998310404,-0.3899257864421799,0.0,0.0,-0.7948258829340578,0.0,5.62617174098299,,-9.72587012996052,,3.2347735668354085,-0.9597057020232986,-1.0300933617741952,-1.1772633001435824,3.111782509090145,9.786044056897907,1.4702258726899384,,,,0.0,0.0,0.0,-2.2667220606564187,0.0088728608104319,3.9140728630039794,3338.1431608788093,-19.739296550174178,0.0,-0.0090072587909079,-0.9730152671755724,,7.0484,0.3977640315532603
2012-09-30,0.2818072498685081,-2.8413853458392173e-08,,,-0.0104928350619314,0.1205605444145395,0.0,,-9.53321862854563,,0.0,1.678687273421103,0.0,0.0941804518569567,-0.4032901296111665,,-0.0103553170571112,,,,,,0.9308346558052386,0.0,-0.3144477409913602,0.381322030560536,0.3652197877910982,-8.064220831917624e-07,,0.0,0.0,0.4016393442622951,0.0,0.0,0.0,0.2767304299699055,0.0,-4.525139210429236,0.0,0.0,0.0,,-0.067627034799287,,0.2644725419506925,,,0.1724137931034483,-0.0315901683032328,,,,,0.2818072498685081,,,,,,,0.2546036409422381,,1.6700832799487508,-0.2007418721361553,,0.8574659794578962,,,,,-0.3544746873775339,,-0.4734731777318195,-1.6286604361370716,-0.9153729744435564,0.0,0.0,-0.3027701911822083,-0.2978278461216733,0.8716203788854148,0.0,,,,,0.5975217989903625,,1.180524809489328,-0.2809684684684684,0.0,0.0,-2.137348728081008,0.0,0.0,,-0.3839620819435091,,-1.558440279107949,-2.381720825669324,,-2.809673514203399,-1.490247798398453,-0.2713124245253094,0.0,,,,0.0,0.0,0.0,0.1611965101786456,-0.517869413918407,-0.1344124996143998,0.0,0.0,0.0,-0.8802564419561647,-2.85587786259542,,6.1813,0.6030720666482257
2012-06-30,0.3929772731128794,-2.8413853458392173e-08,,,-0.0152952898930569,0.1685527277663829,0.0,,-9.53321862854563,,0.0,1.1761114291165808,0.0,0.1358464230044362,-0.4032901296111665,,-0.0138561151083316,,,,,,0.9741006491996154,0.0,-0.3144477409913602,0.8614425690451493,0.8588581140048689,-8.064220831917624e-07,,0.0,0.0,0.2605386416861827,0.0,0.0,0.0,0.1729565187311909,0.0,-4.525139210429236,0.0,0.0,0.0,,-0.0990672975952109,,0.3025281403101446,,,-0.2473246135552913,-0.0460630163383284,,,,,0.3929772731128794,,,,,,,0.259377787104559,,-5.217809096732863,-0.3846825223652629,,0.6628721865845971,,,,,-0.2459742064198938,,-0.4734731777318195,-2.153894080996885,-0.7369029603305504,0.0,0.0,-0.3027701911822083,-0.3284871298291554,-0.0282554717675188,0.0,,,,,0.8732446076181735,,0.1008103168856246,-0.1685220056121695,0.0,0.0,-0.7667016547295629,0.0,0.0,,-0.3839620819435091,,-0.5865316732795184,-0.929916206826078,,-1.1430662825289275,-0.5571050253262995,-0.212134266423146,0.0,,,,0.0,0.0,0.0,0.1267137515579559,-0.4639505670604663,0.207985007866243,0.0,0.0,0.0,-0.094664523763268,-1.1581297709923664,,4.831,1.1054431218344627
2012-03-31,0.4239542153752184,-2.8413853458392173e-08,,,-0.0094389934171362,0.1801633797357505,0.0,,-9.53321862854563,,0.0,1.7889715703110094,0.0,0.1474564267165214,-0.4032901296111665,,-0.0259963307569105,,,,,,0.9832518243248912,0.0,-0.2963699086490029,0.8889209469964988,0.9782830370676588,-8.064220831917624e-07,0.0703472817938607,0.0,0.0,-0.2287763466042154,0.0,0.0,0.0,0.2075478224774291,0.0,-4.525139210429236,0.0,0.0,0.0,,-0.1008666945273291,,0.3047061477709092,,,5.637336504161712,0.156843853139542,,,,,0.4239542153752184,,,,,,,0.2773726457163842,,6.310698270339526,0.3696268819550513,,1.1446846379176092,,,,,-0.5390199152089494,,-0.4734731777318195,0.0,-1.1787930829266633,0.0,-53.62800875273523,-0.3027701911822083,,-0.4794923671142174,0.0,-0.9426115241635687,1.2337662337662338,,,0.0714089031665901,,-0.4406054963621944,-0.4722252990695613,0.0,0.0,-0.615306248456409,0.0,0.0,,-0.3839620819435091,,-0.4791790942673416,-0.7695565092989985,,-0.9589804709128276,-0.454034342882364,-0.186241182257103,0.0,,,,0.0,0.0,0.0,-0.0627336933942667,-0.4100317202025255,0.2458046703889934,0.0,0.0,0.0,0.0,-0.9535496183206108,,5.9497,-0.1009470584298239
2011-12-31,0.3264699519842549,1.07779994374057,,1.1565847810112475,1.3133401219210914,0.1435219483745757,0.0,0.4632687878749477,-9.53321862854563,,0.0,-0.0957832474718565,1.009233819211908,0.110919810214673,2.948134543737209,,1.3105858496929306,,-0.9686607492410676,,,0.8070627344749374,0.9519654817674276,0.0,1.6790904386164056,0.5142074663332623,0.6013963529465803,1.0898654399172971,0.0079623063196988,0.0,0.0,-0.2287763466042154,0.0,0.0,0.0,0.2075478224774291,0.0,-4.525139210429236,0.0,0.0,0.0,,-1.7543583268067706,,-0.649416484576168,,,-0.2354340071343638,-0.0456530206432832,,,,,0.3264699519842549,1.1137473932661692,,,,,,0.2773726457163842,0.4228451373914966,0.1069827033952594,0.3691904865808422,,0.6543809559123438,,,,,-0.3034397377890199,,0.5866148932877503,0.0,-0.7290472870721464,-890511000.0,-15.956236323851204,-0.302640135258161,7.7753834683542,5.082858193856906,1.7849832442713522,0.0573884758364312,-1.1452184179456906,,,-0.8659017898118403,2.93073835580838,6.233371263059895,-0.3190352237483385,0.0,0.0,-7.5974314645591505,0.0,5.905220403510519,,9.8840638718804,,-5.758719387057053,-8.16510116492949,-0.009202190946802,-9.4487373192316,-5.522993337396751,9.201691425595202,1.163586584531143,,,,0.0,0.0,0.0,-0.0639800581636892,29.49309247236164,4.108523305672949,3017.124970470116,-57.479267333408245,0.0,-3.994313064057505,-9.585687022900764,,4.9625,0.0846462589109206
2011-09-30,0.6227741817811636,-2.8413853458392173e-08,,,-0.0278028222170968,0.2683882584156015,0.0,,-9.53321862854563,,0.0,-0.1327990841442473,0.0,-1.1818731007358196,-0.4032901296111665,,-0.0259963307569105,,,,,,1.0547697831247755,0.0,-0.3087530524644208,1.819219751458072,1.885747094759083,-8.064220831917624e-07,-0.0105994384639468,0.0,0.0,-0.2287763466042154,0.0,0.0,0.0,0.3805043412086201,0.0,-4.525139210429236,0.0,0.0,0.0,,-0.1617864772621456,,0.3784440423600671,,,-0.3507728894173603,-0.0496299788852217,,,,,0.6227741817811636,,,,,,,0.3502439536225801,,0.122357463164638,0.3696268819550513,,0.3138418183840706,,,,,-0.1398785136627596,,-0.4734731777318195,0.0,-0.4167927768614715,0.0,-18.11816192560175,-0.3027701911822083,,0.0693856906382196,0.0,0.0,0.0554899645808736,,,-0.5787976135842129,,0.2179648977621461,-0.0585677891005759,0.0,0.0,-0.5731044702395653,0.0,0.0,,-0.3839620819435091,,-0.449254343959502,-0.7248559166155732,,-0.9076661755459416,-0.4253031799743584,-0.1790234322458916,0.0,,,,0.0,0.0,0.0,0.3788948899044453,-0.3950017316921656,0.2563469784372397,0.0,0.0,0.0,0.005369032691051,-0.9419465648854962,,5.0687,-0.0560498747213288
2011-06-30,0.6556280646091722,,,,-0.028200291903196,0.2823210407788425,,,,,,-0.1743941995802327,,-1.18181427968456,,,,,,,,,1.0628533211521023,,-0.3119773427408882,1.979391216536488,2.029057002434431,,-0.0316761316631496,,,,,,,0.5534608599398111,,,,,,,-0.1722751619794625,,0.3911396478488637,,,-0.4803804994054697,-0.0540989319612144,,,,,0.6556280646091722,,,,,,,0.4220659986359582,0.1961629899928125,-9.867392696989109,0.1455378572987126,,0.0336312061997107,,,,,0.013030389397556,,,,-0.1248745982894356,,64.65645514223195,-0.235986474183899,-0.1654073811407217,0.039313959904359,0.0,2.197258364312268,-0.2715466351829988,,,-0.0710417622762735,,0.1818833833316092,0.0999021562546152,0.0,0.0,-0.3054149172635219,0.0,0.0,,-0.3839620819435091,,-0.2594390477493501,-0.4413161659513591,,-0.582175133024897,-0.2430589125454507,-0.1332406156056472,0.0,,,,0.0,0.0,0.0,0.4461985874532613,-0.2996652061813164,0.3232177561156183,0.0,0.0,0.0,0.155648964165239,-0.617175572519084,,7.0707,-0.0766543623686481
2011-03-31,0.6871988411747739,-2.8413853458392173e-08,,,-0.0001659162451148,0.2887497694615739,0.0,,-9.53321862854563,,0.0,2.75939706162946,0.0,0.2461192016552561,-0.4032901296111665,,-0.0259963307569105,,,,,,1.0706302948127326,0.0,-0.3004711435755432,2.0499373721969194,2.095181663681044,-8.064220831917624e-07,0.0435381353235705,0.0,0.0,-0.2287763466042154,0.0,0.0,0.0,0.4496869487010965,0.0,-4.525139210429236,0.0,0.0,0.0,,-0.1768948137031873,,0.3967313190031332,,,8.661117717003567,0.2611057583895369,,,,,0.6871988411747739,,,,,,,0.4738995855411573,0.3239896057942168,9.440743113388852,0.2716561204451233,,-0.0270310356335051,,,,,0.0318768035911503,,-0.4734731777318195,0.0,-0.0888949346210742,0.0,-67.36105032822758,-0.2735726362335804,-0.1864288117254484,-0.1285175648335479,0.0,-1.3071561338289963,,,,-0.0012849931161083,,-0.0194889831385124,0.1194339831634913,0.0,0.0,-0.0487774759199802,0.0,0.0,,-0.3839620819435091,,-0.0774606649336434,-0.1694829348048232,,-0.2701226550549461,-0.0683389730763572,-0.0893480363494655,0.0,,,,0.0,0.0,0.0,0.506439551308683,-0.208264844450064,0.3873276367338125,0.0,0.0,0.0,0.2999063951537415,-0.3054198473282443,,7.7818,-0.0680176822843043
2010-12-31,0.6680031473218073,1.1698665117164524,,0.5333115346616459,1.513209029854896,0.287259140374122,0.0,0.6022557636116332,-9.53321862854563,,0.0,-0.057622591108567,1.0039401260693466,0.2389247511829788,3.008532297843312,,1.509633818557501,,-2.453934574580742,,,0.2160730218108721,1.0731705085079235,0.0,1.41434972723984,2.0375263048222263,2.07984934086629,0.9451318359599532,-0.0348223626769436,0.0,0.0,-0.2287763466042154,0.0,0.0,0.0,0.2767304299699055,0.0,-4.525139210429236,0.0,0.0,0.0,,-1.6559990919043484,,-0.4091089354026582,,,-0.1165279429250891,-0.0415530636928312,,,,,0.6680031473218073,1.137672441971104,,,,,,0.4738995855411573,,,0.3696268819550513,,1.1495049872075345,,,,,2.383528091488832,,0.860169670366775,0.0,-1.1769226845318053,0.0,0.0,-0.3027701911822083,0.6858150805124429,,0.6955891676478579,,,,,0.3544745296007343,0.2241767972818188,3.6163304713630566,2.592056195539802,0.0,0.0,-0.0762533959002222,0.0,5.7093971690073815,,10.101556777034798,,8.849703105760021,-0.1985857347230737,-2.2800317279967413,,8.502753315538367,9.997497204263668,1.618982432124116,,,,0.0,0.0,0.0,0.4503531366846697,31.6883723742874,3.972067125273776,3414.987006850933,-47.326216428812224,0.0,-0.4715388283499055,-0.334236641221374,,8.1742,-0.0703065743436667
2010-09-30,0.5742918525933592,-2.8413853458392173e-08,,,-0.0284883662628459,0.2481392813810245,0.0,,-9.53321862854563,,0.0,-0.2045411181072314,0.0,0.2038022245485683,-0.4032901296111665,,-0.0259963307569105,,,,,,1.0359549670672086,0.0,-0.3120380902388506,1.6303333814204948,1.6774700289375777,-8.064220831917624e-07,-0.0320732287813954,0.0,0.0,-0.2287763466042154,0.0,0.0,0.0,0.4496869487010965,0.0,-4.525139210429236,0.0,0.0,0.0,,-0.149417422750765,,0.3634724190747715,,,-0.5743162901307967,-0.0573378979520715,,,,,0.5742918525933592,,,,,,,0.3072766381616914,,,0.3696268819550513,,0.4513700915866365,,,,,-0.8978321279703587,,-0.4734731777318195,0.0,-0.5428916359184506,0.0,0.0,-0.3027701911822083,-0.202722238891465,,0.0,,,,,-0.5057365764111978,,-0.5533464363297818,-0.8440869147836361,0.0,0.0,-1.0411212645097554,0.0,0.0,,-0.3839620819435091,,-0.7811191681488576,-1.220584508481504,,-1.4767405850280126,-0.7439311460938649,-0.2590681214704453,0.0,,,,0.0,0.0,0.0,0.2243456584960531,-0.5616839744259303,0.1394330135422772,0.0,0.0,0.0,-0.2558061496617863,-1.506374045801527,,9.2075,-0.0761010046158022
2010-06-30,0.5988850760956242,,,,-0.0279742082285341,0.2583700520201865,,-0.4704170662242155,,,,-0.2117916428162564,,0.2130196422567252,,,-0.0254152854372059,,,,,,1.0538417014474872,,,1.750716155225357,1.782701759220982,,,,,-0.2053571428571428,,,,0.0345913037462381,,,,,,,-0.1573005807103749,,0.373014269760381,,,-0.5969084423305588,-0.0581168897726573,,,,,0.5988850760956242,,,,,,,0.3666124547505377,,,,,-0.0307389966257554,,,,,-0.8880704692008978,,,,-0.0038428185203448,,,,-0.0991062255075784,,0.0,,,,,-0.1378614043139054,,-1.1053549877590427,-0.8339702407325358,0.0,0.0,-0.423345270437145,0.0,0.0,,-0.3839620819435091,,-0.3430619783828157,-0.5662293071735132,,-0.7255698720896405,-0.3233464343512894,-0.153410187692573,0.0,,,,0.0,0.0,0.0,0.4129621936019942,-0.3416656129915394,0.2937579048030354,0.0,0.0,0.0,0.0895957330319139,-0.7599236641221374,,8.9087,-0.001290872966875
2010-03-31,0.6740242029895316,,,,-0.0008113486711658,0.2833597475665636,,,,,,2.6918526998664376,,0.2411814128657536,,,,,,,,,1.0721287997394966,,-0.3039135017934141,,,,0.021035965289639,,,,,,,0.1729565187311909,,,,,,,-0.1744944181957416,,0.3938258570504733,,,,,,,,,0.6740242029895316,,,,,,,0.3600020985257856,,,,,-0.5528199043346064,,,,,-0.8951601410809078,,,,0.556630562309772,,,,-0.0117836392897084,,0.0,,,,,-0.3533731069297843,-0.6891628887413012,-1.637336643564015,-0.8413177521784079,0.0,0.0,0.04853050135836,0.0,0.0,,-0.3839620819435091,,-0.0084608017512655,-0.0664132434089515,,,-0.0020912587486075,-0.0727054993814053,0.0,,,,0.0,0.0,0.0,0.3344412131283755,-0.1736090113961836,0.4116358700681741,0.0,0.0,0.0,-0.4715388283499055,-0.1693129770992366,,10.4118,-0.047292495053689
2009-12-31,0.9325414835677563,1.2728951443565826,,0.2263440463256932,0.9864267748707995,0.3971209155624267,,0.2321732407445755,,,,0.0343445907269605,0.9881796217919602,0.3380724023550677,2.8197565199139425,,0.985015262462674,,-2.0690387713319343,,,0.280559676223032,1.163925762616992,,1.2203315645167634,,,0.8390622111633682,,,,-0.011563231850117,,,,0.4150956449548583,,,,,,,-1.5652471074319445,,-0.228121597430532,,,,,,,,,0.9325414835677563,1.0628936733212322,,,,,,0.3600020985257856,,,,,-0.7250917720345582,,,,,-0.8651091951975489,,1.0719059075113606,,0.5360561799663328,,,,1.1338479583208314,,0.0,,,,,0.4315741165672326,-0.1570692924451118,-1.8821833729871384,-0.8101739034116083,0.0,0.0,0.4460360582859965,0.0,6.17949909802229,,10.697123607783364,,11.738546996853197,0.3546290619251993,-2.8966267565626573,,11.276371928792114,9.554463577386766,2.0127766370066165,,,,0.0,0.0,0.0,0.5218113834648941,31.23961671880068,4.299649875065552,3116.4162532482874,-41.249578604337565,0.0,-0.4715388283499055,0.3049236641221374,,9.3256,-0.0839838723513767
2009-09-30,0.4401149917711532,,,,-0.0239484602151988,0.19052276067365,,-0.4730517101422323,,,,-0.1869872161801183,,0.1535134052380941,,,-0.0216421223923739,,,,,,0.9882842080458656,,,,,,,,,-0.0532786885245901,,,,0.3805043412086201,,,,,,,-0.1123924316765236,,,,,,,,,,,0.4401149917711532,,,,,,,-0.1672525051151566,,,,,0.1764618636211947,,,,,-0.8665876946097117,,,,-0.290795939535121,,,,1.4157097005900912,,0.0,,,,,-0.0475447452960073,,-1.927340436536671,-0.8117061733865013,0.0,0.0,0.4965732279575204,0.0,0.0,,-0.3839620819435091,,0.309240662197291,0.4081585939096668,,,0.3029382710859833,0.0039230345708339,0.0,,,,0.0,0.0,0.0,0.0141254673867885,-0.0140404501300143,0.5235601690471049,0.0,0.0,0.0,-0.4715388283499055,0.4140458015267175,,8.8291,-0.101176790386336
2009-06-30,0.3879084731671728,,,,-0.0208562189875644,0.1677801728468827,,-0.4749560581522714,,,,-0.1499713795077275,,0.1339466620245729,,,-0.0189148409230102,,,,,,0.9681028165029242,,,,,,,,,0.0566451990632318,,,,0.4150956449548583,,,,,,,-0.0973830620667483,,,,,,,,,,,0.3879084731671728,,,,,,,-0.2228634384344997,,,,,1.3426155956839334,,,,,-0.8634347500801596,,,,-1.3603237489585285,,,,0.2654592073320422,,0.0,,,,,-0.1125286828820559,,-1.2478880038619358,-0.808438561512332,0.0,0.0,-0.2638305754507286,0.0,0.0,,-0.3839620819435091,,-0.2299521138322616,-0.3972695687717147,,,-0.2147481031547531,-0.1261284654482941,0.0,,,,0.0,0.0,0.0,-0.1329455754050685,-0.284855115088811,0.3336058241046364,0.0,0.0,0.0,-0.4715388283499055,-0.512557251908397,,6.3769,-0.0910944189182831
2009-03-31,0.2738689577359643,,,,-0.0106459885189604,0.1172550811115681,,,,,,1.6626597977485214,,-1.1819676913452772,,,,,,,,,0.9386886518565064,,-0.3104119264472409,,,,-0.0214432443852758,,,,,,,-0.2075478224774291,,,,,,,-0.0638219100868344,,0.2598667821736623,,,,,,,,,0.2738689577359643,,,,,,,-0.2592728608152773,,,,,0.5940895101783529,,,,,-0.8802860807296305,,,,-0.6738195235585179,,,,1.03405071692898,,0.0,,,,,-0.4458926112895823,-0.5430125224991097,-1.013413330574808,-0.8259027470093044,0.0,0.0,-1.235675475426031,0.0,0.0,,-0.3839620819435091,,-0.9190751128745382,-1.4266584917228695,,,-0.8763845393976334,-0.29234263542118,0.0,,,,0.0,0.0,0.0,-0.1171582883257166,-0.6309736507919056,0.0908319708794768,0.0,0.0,0.0,-0.4715388283499055,-1.7155343511450385,,4.6531,0.1100556618168531
2008-12-31,0.27326027757512,1.3837148556150036,,6.0236550746956095,1.102145151188899,0.1167120598502315,,0.3041707814223903,,,,-0.0560961648540354,0.9881796217919602,0.0909770892005344,2.4963110667996014,,1.100258338559594,,-1.4453921738516535,,,0.3760480828146667,0.9366997964626133,,3.692658158642091,,,2.190681825187789,,,,0.4774590163934426,,,,-0.1383652149849527,,,,,,,-2.5281355953552165,,-1.6061447398488065,,,,,,,,,0.27326027757512,0.9347689055433464,,,,,,-0.2592728608152773,,,,,-0.3588193852200675,,,,,-0.9059905946061492,,1.7525288763207136,,0.2059818741391916,,,,9.264813653019102,,7.610904809346979,,,,,-0.6944469940339605,-0.2111480080467404,-0.8773904348125927,-1.2403725446758234,0.0,0.0,-0.6784699925907631,0.0,5.967418130305345,,14.059949922831048,,19.06481324394582,-0.8364602493357858,-4.885511238785332,,18.310420563694063,10.27816577584082,16.666210358202143,,,,0.0,0.0,0.0,0.2010801828001661,38.26966020351506,4.151864762316069,3485.487833687692,-150.23530733790312,0.0,-0.4715388283499055,-1.05587786259542,,6.4755,-0.038962242297892
2008-09-30,0.2938154278151987,,,,-0.0030940644830751,0.1238052750764405,,-0.486978047387418,,,,-0.1003625262354512,,0.0986810571573693,,,-0.001697741793512,,,,,,0.9214036072407148,,,,,,,,,0.7505854800936768,,,,0.8301912899097167,,,,,,,-0.0704562865755542,,,,,,,,,,,0.2938154278151987,,,,,,,-0.439798541524579,,,,,-1.502725351329304,,,,,-0.9066496847055472,,,,1.276257842920542,,,,-0.173881418037333,,0.0,,,,,0.0012849931161083,,-2.0435571187200443,-0.8532251513808891,0.0,0.0,0.6266362064707335,0.0,0.0,,-0.3839620819435091,,0.4014666849090162,0.5459227467811159,,,0.3914857395069253,0.0261676437860744,0.0,,,,0.0,0.0,0.0,1.0037390943082676,0.032280940941051,0.5560508375235216,0.0,0.0,0.0,-0.4715388283499055,0.4839312977099236,,11.1885,-0.1653572864995307
2008-06-30,0.3681486367261066,,,,-0.0028278691887151,0.1550432876364865,,-0.4874801258241527,,,,-0.148063346689563,,0.1265407737193902,,,-0.0009786982103775,,,,,,0.9358746655054844,,,,,,,,,0.7795667447306791,,,,1.3836521498495278,,,,,,,-0.0916189938941963,,,,,,,,,,,0.3681486367261066,,,,,,,-0.4613084308273438,,,,,-0.8116355815936817,,,,,-0.9215237450568242,,,,0.886738875380456,,,,0.087395324732004,,0.0,,,,,-0.1011473152822395,,-2.598186269438985,-0.8686401565499926,0.0,0.0,1.2473450234625834,0.0,0.0,,-0.3839620819435091,,0.841603502531126,1.203384426732066,,,0.8140671304567141,0.1323271768697733,0.0,,,,0.0,0.0,0.0,1.2347320315745742,0.253343815110251,0.7111083690656137,0.0,0.0,0.0,-0.4715388283499055,1.230114503816794,,16.2293,-0.1185078838890155
2008-03-31,0.3337444221992229,,,,0.0046511246295372,0.1387231766029286,,,,,,3.263499332188513,,-1.1819605374336375,,,,,,,,,0.9219397135834704,,-0.3110879370655921,,,,-0.0258622225729347,,,,,,,1.3836521498495278,,,,,,,-0.0810103493814048,,0.2806718354413723,,,,,,,,,0.3337444221992229,,,,,,,-0.4685483447877865,,,,,-1.6778523489932886,,,,,-0.9199383661690832,,,,1.5656594854704051,,,,-0.0361510415245992,,0.0,,,,,0.0893988067921064,-0.5767087291732841,-2.806703217130444,-0.8669971200708906,0.0,0.0,0.9063657693257594,0.0,0.0,,-0.3839620819435091,,0.5998194007388151,0.8422154097690578,,,0.5819269005233402,0.0740096575765546,0.0,,,,0.0,0.0,0.0,1.413377648525135,0.1319054661000643,0.6259292963568498,0.0,0.0,0.0,-0.4715388283499055,0.7921374045801527,,18.5597,-0.0563263414818127
2007-12-31,0.2176773867897317,1.5014391332638142,,5.227690641689608,1.3914702640712018,0.0910837784455391,,0.498683067912505,,,,-0.1125739362717038,0.9881796217919602,0.0701448985058658,2.6214042084273497,,1.388395081067879,,0.0030870734415413,,,1.0466275919894223,0.8827879360058324,,3.377160576275688,,,2.0181994672675234,,,,0.8631440281030445,,,,1.3144695423570514,,,,,,,-2.4194766124133498,,-1.478120009300092,,,,,,,,,0.2176773867897317,0.9843214021616729,,,,,,-0.4685483447877865,,0.3811659192825112,,,-1.946197486002448,,,,,-0.941545833481777,,2.2131431224412275,,1.9486150550067165,,,,6.502095778438486,,9.58645050267186,,,,,-0.1407985314364387,-0.3363768492583716,-2.853542981276508,-1.3778891596514546,0.0,0.0,1.533125463077303,0.0,6.5431676571820665,,19.558075073993454,,28.85071008345875,1.5060862456570612,-6.897419956481194,,27.70599424115681,12.554518465550805,88.72096737394479,,,,0.0,0.0,0.0,1.6568342334856667,51.12338993859365,4.553066292377456,4381.081974958658,-133.58849308911113,0.0,-0.4715388283499055,1.5446564885496183,,21.691,-0.0955465400396476
2007-09-30,0.3054609426695397,,,,0.0002206139083394,0.1278975833321053,,-0.4900386972517551,,,,-0.2140812821980538,,0.1030457381366285,,,0.0026855188370099,,,,,,0.914984057890334,,,,,,,,,0.9272540983606558,,,,1.2798782386108132,,,,,,,-0.0741966329984505,,,,,,,,,,,0.3054609426695397,,,,,,,-0.4325061644194953,,0.9423446508648302,,,-1.9607326930920688,,,,,-0.9255495386369303,,,,1.82727721004574,,,,-0.0338234090723111,,0.0,,,,,0.1452042221202386,,-3.199931036860798,-0.8728123615418697,0.0,0.0,1.920782909360336,0.0,0.0,,-0.3839620819435091,,1.3191298399233822,1.9166973227059063,,,1.2725467117846108,0.2475049374729669,0.0,,,,0.0,0.0,0.0,1.607395097631907,0.4931859287642315,0.8793380016657927,0.0,0.0,0.0,-0.4715388283499055,2.0284732824427483,,24.8394,-0.0318863119263034
2007-06-30,0.2742782792378561,,,,-0.0001367441580616,0.1148534624080581,,-0.4883853884600834,,,,-0.0026712459454302,,0.0913586311546492,,,0.0003177591592134,,,,,,0.9061341089462652,,,,,,,,,0.8318208430913349,,,,1.1761043273720986,,,,,,,-0.0653855860208451,,,,,,,,,,,0.2742782792378561,,,,,,,-0.4347096164944127,,0.1069827033952594,,,-0.6050279951054915,,,,,-0.9079322384124836,,,,1.082042475047185,,,,0.4989134684451233,,0.0,,,,,0.3585130793942175,,-3.0733422985414296,-0.8545543494313986,0.0,0.0,1.7791121264509755,0.0,0.0,,-0.3839620819435091,,1.2186728690655355,1.7666380543633762,,,1.1760965972382773,0.2232750510051914,0.0,,,,0.0,0.0,0.0,1.4378894889904446,0.4427304662375002,0.8439476200758861,0.0,0.0,0.0,-0.4715388283499055,1.8688931297709923,,24.3804,-0.0320655498165012
2007-03-31,0.1922761244676699,,,,0.0115393836849633,0.0774609111771727,,,,,,3.984354130891052,,-1.1818643570660377,,,,,,,,,0.876494215313424,,-0.3083496267728242,,,,-0.0079623063196988,,,,,,,1.072330416133384,,,,,,,-0.0398743361162506,,0.2308804068808337,,,,,,,,,0.1922761244676699,,,,,,,-0.4424741619012644,,,,,-2.465089547257963,,,,,-0.9418664719085112,,,,2.7272789104079167,,,,0.4339943445805261,,0.0,,,,,-0.4550711335474988,-0.4356328145303341,-3.4731078238681423,-0.8897227145177965,0.0,0.0,1.0865645838478637,0.0,0.0,,-0.3839620819435091,,0.7275961143795321,1.0330839975475168,,,0.7046070745496963,0.104828974925085,0.0,,,,0.0,0.0,0.0,1.3086830078936436,0.1960825275009208,0.6709442576425949,0.0,0.0,0.0,-0.4715388283499055,1.0245419847328243,,24.2732,-0.0380784834372572
2006-12-31,0.202407361848691,1.6191634109126245,,-1.0760316572967537,0.0035024737018193,0.0836958312847231,,-0.4873076948458802,,,,0.4151879412325892,0.9881796217919602,-2.462217410554245,3.231374298158157,,-0.024805187851516,,-4.171002047352241,,,-0.388780945316951,0.8818179114425532,,-0.3133698623095654,,,1.5872601090160032,,,,0.8176229508196722,,,,1.072330416133384,,,,,,,-0.0449912211922174,,1.4060983845900163,,,,-0.0770586908837457,,,,,0.202407361848691,5.100425443904751,,,,,,-0.4424741619012644,,,,,0.2352330453483629,,,,,-0.8928087926181909,,2.350708366746859,,0.921188213089388,,,,13.08449487648091,,15.212752468073544,,,,,0.9323542909591556,-0.1328135678053381,-3.3352918864866727,-0.0636815093782307,0.0,0.0,2.072270931094097,0.0,6.455460008632425,,17.50255170841794,,24.27371186208784,2.077155119558553,-5.683250619017504,,23.3115555181908,11.001672614565235,85.709787816564,,,,0.0,0.0,0.0,1.7345243041130038,44.729773560633966,4.491948668908289,3705.024805102764,-98.66726598494212,0.0,-0.4715388283499055,2.204083969465649,,21.9174,0.0498781789810835
2006-09-30,0.0524302668861025,,,,-0.0047823990212764,0.0225666417930776,,-0.4862325369813575,,,,-0.1648540354894104,,0.0082111008041791,,,-0.0027654125684692,,,,,,0.838011236117858,,,,,,,,,0.707552693208431,,,,,,,,,,,-0.0026016280643542,,,,,,,,,,,0.0524302668861025,,,,,,,-0.5198573002465767,,,,,-0.5338351440542846,,,,,-0.9059549681142898,,,,0.9596504055363791,,,,0.4378494858296282,,0.0,,,,,-0.1863240018357044,,-2.2943622633702287,-0.8525051691035298,0.0,0.0,0.9073227957520376,0.0,0.0,,-0.3839620819435091,,0.6004980161444794,0.8432291027999183,,,0.5825784484751676,0.0741733373500349,0.0,,,,0.0,0.0,0.0,0.775238886580806,0.1322463070977389,0.6261683684486535,0.0,0.0,0.0,-0.4715388283499055,0.8519465648854961,,18.8851,0.2268721175121963
2006-06-30,0.0150992975788527,,,,-0.0012234044007916,0.0059741270017768,,-0.4880658840003432,,,,-0.0683075748902881,,-0.0057803606048393,,,-0.0001398140300539,,,,,,0.8238436918280768,,,,,,,,,0.8133782201405152,,,,,,,,,,,0.0080508017737855,,,,,,,,,,,0.0150992975788527,,,,,,,-0.5251560778553066,,,,,-0.6274611591086062,,,,,-0.8900299262531618,,,,0.6429409464215878,,,,0.0073102206704672,,0.0,,,,,0.3195961450206517,,-2.362939208992793,-0.8360009599763698,0.0,0.0,0.9840701407755,0.0,0.0,,-0.3839620819435091,,0.6549185935148447,0.9245207439198856,,,0.6348283906765589,0.0872993991846154,0.0,,,,0.0,0.0,0.0,0.976319069380972,0.159579556137062,0.6453404078107166,0.0,0.0,0.0,-0.4715388283499055,0.9283587786259542,,16.2787,0.4135403932746472
2006-03-31,-0.0145966592578767,,,,0.0027075343296208,-0.0074942292826894,,,,,,3.060103033772181,,-1.180355676589142,,,,,,,,,0.8123437150873136,,-0.3144228189409141,,,,-0.0476618361668927,,,,,,,,,,,,,,0.017431657779895,,0.161516677275378,,,,,,,,,-0.0145966592578767,,,,,,,-0.569697287655422,,,,,-0.092624865586414,,-0.0022209308346902,-0.7202512827890472,,-0.9047792938829312,,,,1.3113533182567887,,,,1.2467381322568034,,0.0,,,,,-0.3162918770078017,,-2.049846557015276,-0.8512867375572294,0.0,0.0,0.6336749814769079,0.0,0.0,,-0.3839620819435091,,0.4064577917635791,0.5533782955242182,,,0.3962777696042371,0.0273714821200584,0.0,,,,0.0,0.0,0.0,0.6007478188616535,0.0347877715045931,0.5578091741987229,0.0,0.0,0.0,-0.4715388283499055,0.5296564885496183,,17.4279,-0.0350816793761726
2005-12-31,-0.2026300497124145,1.735091933022865,,,0.0011759997593302,-0.0863037623424579,,-0.4882611367257399,,,,0.1534058385804236,0.9825873941412944,-2.616745876366099,-0.4028231096185128,,0.0001398140300539,,0.2744414707562367,,,,0.7389512905826019,,-0.3143091120857537,,,1.465361789729061,,,,0.824648711943794,,,,0.9685565048946696,,,,,,,0.0697083372507704,,1.4090227226073362,,,,,,,,,-0.2026300497124145,-0.2136500613456125,,,,,,-0.5644509731913331,,,,,-0.2242204012013793,,-0.7740346718373312,-0.0761233395674483,-0.6139564886980189,0.1201948769104706,,3.24011311357785,,0.4703881926850419,,,,0.2237436694761918,,0.0,,,,,0.3779715465810004,-0.0620792546177317,-5.481121340643426,0.2109640378083001,0.0,0.0,1.2195912571005187,0.0,4.27847316754651,,-8.193647959938264,,-34.22122862224654,1.1739873288371143,8.4898491848263,,-32.85023855062107,8.353296919705327,0.0,,,,0.0,0.0,0.0,0.6015787287079352,0.784747915097607,2.974951414381343,2984.776754075124,1015.2376671536128,0.0,-0.4715388283499055,1.253969465648855,,14.641,0.1518466259349571
2005-09-30,-0.2193422436756646,,,,-0.0006180835944387,-0.0929021851693569,,-0.4396381366025723,,,,-0.0377790497996565,,-1.2892549042051489,0.3085322978433121,,0.0436710030756762,,-0.5956062152222885,,,,0.739418000513991,,-0.1031523667965079,,,,,,,0.8259660421545667,,,,,,,,,,,0.0745175254513449,,0.0924193905826224,,,,,,,,,-0.2193422436756646,0.0681354623370158,,,,,,-0.6927233618383086,,,,,-0.3479921391226964,,-0.0023935420394589,-0.7201074185968446,-0.0204920205715497,0.1762175353592931,,,,0.3039227355426706,,,,-0.0811398125164798,,0.0,,,,,0.045709040844424,,-0.2654115375331885,0.2690241470979176,0.0,0.0,0.4506977031365769,0.0,0.0,,-0.3839620819435091,,0.2767109043644821,0.3595667279787451,,,0.2717060047499947,-0.0039230345708339,0.0,,,,0.0,0.0,0.0,0.2110511009555463,-0.0303788282766089,0.5121001326464509,0.0,0.0,0.0,-0.4715388283499055,0.339236641221374,,12.2089,0.3773968170760676
2005-06-30,-0.2404360864622745,,,-1.078829959813094,-0.0006217301053203,-0.1017843339259231,,-0.4570562011577764,,,,-0.1121923297080709,,-1.1814940260863414,-0.402744398383796,,0.0194305186442481,,0.2743452002746918,,,,0.7318339641289187,,-0.3144475789980323,,,,,,,0.8543618266978923,,,,,,,,,,,0.0804333427651722,,0.0852588280541155,,,,,,,,,-0.2404360864622745,-0.2136188818729301,,,,,,-0.7015896332826189,,,,,0.2788386666172271,,0.0,,-0.613823940052666,-0.121210231928462,,,,-0.016255462413494,,,,0.1912659229153596,,0.0,,,,,0.6022946305644791,,-0.6451777524912934,-0.0392205730320484,0.0,0.0,0.3092121511484317,0.0,0.0,,-0.3839620819435091,,0.1763852784238609,0.2097036582873492,,,0.1753819962588537,-0.028121241082452,0.0,,,,0.0,0.0,0.0,0.1541337764852513,-0.0807683215779838,0.4767560230743128,0.0,0.0,0.0,-0.4715388283499055,0.1695419847328244,,11.7511,0.4310575180195898
2005-03-31,-0.2800109011011384,,,,-0.0053549012296946,-0.1172908061945507,,-0.4702750642421087,,,,2.17668383896203,,-1.181587341709769,-0.4030513721991919,,-0.0256186512991025,,0.2747206551527171,,,0.7065919034258871,0.7185937389184989,,-0.314376868910404,,,,,,,-0.2135538641686182,,,,,,,,,,,0.0915824061565766,,0.0717638938272183,,,,,,,,,-0.2800109011011384,-0.2137404818163913,,,,,,-0.7235192277425109,,,,,-0.2189921762023063,,,9.459905049633146,,0.1160978303466457,,,,0.6381119178384996,,,,0.402789522017039,,0.0,,,,,-0.3471317117944011,,0.0499155201544774,0.2067179884802835,0.0,0.0,0.0117930353173623,0.0,0.0,,-0.3839620819435091,,-0.0345108770009577,-0.1053259758839158,,,-0.0271022930284369,-0.0789886906859711,0.0,,,,0.0,0.0,0.0,0.0112172829248026,-0.1866929077585306,0.4024585865440972,0.0,0.0,0.0,-0.4715388283499055,-0.1850381679389313,,11.7066,0.4364973604633285
2004-12-31,-0.3587406046929877,1.8527252863406083,,0.4246521881295685,0.9749986097677265,-0.1516592291509532,,0.2085552682206023,,,,-0.1896584621255485,0.9825873941412944,-0.1458936944627929,5.166962271081492,,0.9736340372629592,,-3.922418827938977,,,0.7065919034258871,0.6892482080855208,,2.004924441405339,,,1.2679987133011956,,,,0.893003512880562,,,,,,,,,,,-1.9183751565662768,,-1.0358465542923718,,,,,,,,,-0.3587406046929877,1.9926800991299367,,,,,,-0.7235192277425109,,1.2114029468289558,,,0.3806592754644221,,-0.5382937957779299,9.907552870090637,8.76548610006539,-0.1719779828280309,,4.516917795692117,,-0.1693560728435156,,,,0.1307474791558695,,0.0,,,,,0.4829738412115649,0.0620792546177317,1.0218820040688252,-0.0918346625313838,0.0,0.0,0.5825821190417387,0.0,4.7189371050389015,,-7.413223643801341,,-32.63784375427555,0.4992601675863478,7.991607087348461,,-31.33000903760062,7.622049611693101,0.0,,,,0.0,0.0,0.0,0.2804320731200664,0.0572942722220084,3.281881420242465,2563.579021970234,913.7930104506124,0.0,-0.4715388283499055,0.4959160305343511,,10.2371,0.0618143810258764
2004-09-30,-0.4083554607305859,,,,-0.0041624921713969,-0.1716313367924145,,-0.4860717450941184,,,,,,-1.1238047999567586,-0.7841055780028336,,-0.0259948418282788,,0.7407821013920711,,,,0.6721949932395693,,-0.4274879313023679,,,,-0.0416137415966867,,,0.6983313817330211,,,,,,,,,,,0.1279254257935453,,0.0277739511396696,,,,,,,,,-0.4083554607305859,-0.3646855056504999,,,,,,-0.7973873353968837,,,,,0.1833215914568578,,,,9.1779244649453,-0.0771758879903096,,,,-0.1477614731937902,,1.2691466083150984,,-0.0430612003673294,,0.0,,,,,-0.1367599816429555,,-0.1251680976518051,0.0064152267021119,0.0,0.0,-0.152414176339837,0.0,0.0,,-0.3839620819435091,,-0.1509481461212204,-0.2792560801144492,,,-0.1388953109565144,-0.1070729718195728,0.0,,,,0.0,0.0,0.0,-0.0897382633984212,-0.2451746260369537,0.361438442792362,0.0,0.0,0.0,-0.4715388283499055,-0.3787786259541985,,8.5358,0.273448300100752
2004-06-30,-0.4088771865827381,,,,-0.0011541206940404,-0.1725878758892754,,-0.4880419008798652,,,,,,-0.1646846357029473,,,-0.0259946675146829,,,,,,0.6713782508596385,,-0.3132764046203924,,,,-0.0401679008071762,,,0.8120608899297423,,,,,,,,,,,0.1281581477967659,,0.027492262174744,,,,,,,,,-0.4088771865827381,,,,,,,-0.8036304496091495,,0.08263933376041,,,1.318736326893841,,,,,-0.6226352916028358,,,,-1.1728078080631177,,0.0262582056892779,,-0.0256403262322358,,0.0,,,,,-1.9911886186324,,-0.8476535291886487,-0.5588816275291685,0.0,0.0,-0.12512348728081,0.0,0.0,,-0.3839620819435091,,-0.1315966616500205,-0.2503494788473329,,,-0.1203156854914983,-0.1024054582790381,0.0,,,,0.0,0.0,0.0,0.0195263813876194,-0.2354551601677817,0.3682558534102477,0.0,0.0,0.0,-0.4715388283499055,-0.3550763358778626,,8.035,0.3528189172370876
2004-03-31,-0.4562418347783301,,,,0.0198497819842306,-0.1976784947950786,,-0.48665662082942,,,,,,-0.1824366699972099,2.2354148082069583,,-0.0259717888552195,,-0.3509444134239559,,,0.7007065153127586,0.6499545872934408,,-0.3132359062884174,,,,-0.0399031693950123,,,0.7330210772833724,,,,,,,,,,,0.1415690531318428,,0.0112595725696658,,,,,,,,,-0.4562418347783301,,,,,,,-0.8113425318713604,,7.46252402306214,,,2.632392747228299,,,,,-1.2537229683993016,,,,-0.0881127680195881,,,,0.8288917378140258,,0.0,,,,,2.248921523634695,,-2.2533705734285023,-1.2129209127159948,0.0,0.0,-0.0142627809335638,0.0,0.0,,-0.3839620819435091,,-0.0529867286906553,-0.1329245861434702,,,-0.0448412114588368,-0.0834450045187893,0.0,,,,0.0,0.0,0.0,-0.1429164935604487,-0.1959725787919935,0.3959496560446679,0.0,0.0,0.0,-0.4715388283499055,-0.2030916030534351,,8.6743,-0.0937481987019125
2003-12-31,-0.650035417974516,1.970358639658352,,1.671641686092096,1.8845806375741951,-0.2740747984993679,,0.8435019167129594,,,,,0.9825873941412944,-0.2556696736941925,2.2354148082069583,,1.8794800591492515,,-0.3509444134239559,,,0.7007065153127586,0.563700186150154,,1.6883520956134466,,,1.094928782796556,-0.0401373548750035,,,0.7526346604215457,,,,1.6454391366010586,,,,,,,-1.808817074957328,,-0.988009524426626,,,,,,,,,-0.650035417974516,0.83142142539038,,,,,,-0.8113425318713604,,0.6079436258808456,,,0.2807297267232749,,,,,-0.1239712850475613,,,,-0.0881127680195881,,2.704595185995624,,0.116272514843203,,0.0,,,,,0.286920605782469,,0.6439915864970174,-0.0420820410574508,0.0,0.0,-1.1211718942948876,0.0,3.75959803889018,,-6.385482841000639,,-27.507795868107813,-1.3053750255466994,6.439856152122882,,-26.40457975157107,6.263417731930932,0.0,,,,0.0,0.0,0.0,0.028250934773577,-0.1952579121839661,2.6133818675386373,2160.474840538625,663.6156871558602,0.0,-0.4715388283499055,-1.5873282442748091,,7.9554,0.0325816426578174
2003-09-30,-0.5561459729550892,,,,-0.0027695250146088,-0.2342100715260817,,-0.4871292414621165,,,,,,-1.2567069908819422,0.0945689248045337,,-0.0259949689319425,,-0.333910956222603,,,,0.6187620442810112,,-0.1666646547303025,,,,-0.0392413408646026,,,0.759367681498829,,,,,,,,,,,0.1698729670750847,,-0.0229997587856737,,,,,,,,,-0.5561459729550892,-0.0166207375712126,,,,,,-0.848643827711033,,0.1402946828955797,,,0.2723868144907115,,,,,-0.1199633047133848,,,,-0.2407372770400095,,1.934354485776805,,-0.0551357937135739,,0.0,,,,,0.142634235888022,-0.7187163716516031,0.9275128443846764,-0.0379282971496086,0.0,0.0,-1.444461595455668,0.0,0.0,,-0.3839620819435091,,-1.178437542755507,-1.6478070713263846,-0.0624001800778193,,-1.1254019630509258,-0.3548999888468074,0.0,,,,0.0,0.0,0.0,-0.2417947652679684,-0.7053319626394287,-0.0005398402072986,0.0,15.091583323968983,0.0,-0.4715388283499055,-1.962213740458016,,7.7494,-0.0713603633829715
2003-06-30,-0.4819103225368601,,,,-0.0027914040798987,-0.202942585772575,,-0.4871901755269384,,,,,,-1.181943844973145,,,-0.0259950778779399,,,,,,0.6454598351110762,,-0.3130567790508359,,,,-0.0387322419950566,,,0.7628805620608899,,,,,,,,,,,0.1489213889964778,,0.0023602340849818,,,,,,,,,-0.4819103225368601,,,,,,,-0.8840039871989928,,0.1326073030108904,,,0.7633579294745819,,,,,-0.3558284940681891,,,,-0.6101239564027138,,1.4967177242888403,,0.031386668848822,,0.0,,,,,0.335383203304268,,-0.5407675597393193,-0.2823715108551174,0.0,0.0,-0.2324648061249691,0.0,0.0,,-0.3839620819435091,,-1.1753728280202491,-0.3640465971796444,0.1472564929844683,,-1.1224594884297694,-0.3541607898697997,0.0,,,,0.0,0.0,0.0,-0.3930203572912339,-0.2736843262617989,0.0005398402072986,0.0,17.52601415889426,0.0,-0.4715388283499055,-0.4498854961832061,,8.3277,-0.0694429434297585
2003-03-31,-0.5197821052274385,,,,-0.004694882760117,-0.2184249436101893,,-0.4739619555262851,,,,,,-1.18193271666615,0.4362491472949572,,-0.0259780459870061,,-0.7518146985771222,,,,0.6322402000446883,,-0.3129524179645928,,,,-0.038050049509865,,,0.0,,,,,,,,,,,0.1596805830525899,,-0.0106627985254163,,,,,,,,,-0.5197821052274385,,,,,,,-0.9185771995173392,,,,,0.1880307019170158,,,,,-0.0794381702233781,,,,-0.2234615973202292,,0.9102844638949672,,-0.1194002709509651,,0.0,,,,,-0.0163377696190913,,0.2323092307161822,0.0040706690296854,0.0,0.0,-0.6017535193875031,0.0,0.0,,-0.3839620819435091,,-1.183165959775619,-0.7552013079910076,0.085054612886283,,-1.129941781037853,-0.3560404672684765,0.0,,,,0.0,0.0,0.0,-0.5637723307021189,-0.4052049718806177,-0.002205632846963,0.0,12.493988088549274,0.0,-0.4715388283499055,-0.890763358778626,,6.4948,0.193169920551826
2002-12-31,-0.4985037496394577,2.087991992976096,,2.484099275369962,-0.003218045853051,-0.2098259161362608,,-0.4863491814666595,,,,,0.9825873941412944,-0.1991219765780933,0.4362491472949572,,-0.0249795014474274,,-0.7518146985771222,,,,0.6395824928868679,,1.514710824386382,,,0.9999991935779168,-0.0369911238612094,,,0.7552693208430913,,,,,,,,,,,-1.7541831855053778,,-0.8552040675015332,,,,,,,,,-0.4985037496394577,0.1187272747114209,,,,,,-0.9185771995173392,,1.6534272901985907,,,0.4280099373354592,,,,,-0.1947254978802237,,,,-0.3901651051674006,,6.800875273522976,,-0.0623005373557731,,0.0,,,,,-0.0045892611289582,,-0.245494982931623,-0.115409466843893,0.0,0.0,-0.2576870832304272,0.0,0.0,,0.8945543253763183,,2.8260719660692297,-0.3907623135090946,-0.8367830383844447,,2.7193825006830745,0.6109743544603714,0.0,,,,0.0,0.0,0.0,-0.4275031159119236,-0.2826671357811581,1.4102245735262362,0.0,-62.66052365434319,0.0,-0.4715388283499055,-0.4779007633587786,,6.8685,-0.025478634345199
2002-09-30,-0.5105967610580431,,,,-0.001321860194596,-0.215382952794215,,-0.4886486677421584,,,,,,-0.2028086257097276,,,-0.0259957025016586,,,,,,0.6348376085844123,,-0.3124835718905751,,,,-0.0349852743151983,,,0.8470433255269321,,,,,,,,,,,0.1572310040289996,,-0.0076978043688288,,,,,,,,,-0.5105967610580431,,,,,,,-0.9422905408950212,,,,,0.0020393785457376,,,,,0.0099130713598631,,,,-0.0832497321929571,,5.076586433260394,,-0.1518780175117972,,0.0,,,,,0.0427719137218907,,0.2008620392400262,0.0966714665485157,0.0,0.0,-0.4030316127438874,0.0,0.0,,-0.3839620819435091,,-0.3286578191271035,-0.5447128550991212,,,-0.3095168036318544,-0.1499359525006366,0.0,,,,0.0,0.0,0.0,-0.3801412546738679,-0.334430987944124,0.2988324027516426,0.0,0.0,0.0,-0.4715388283499055,-0.6619465648854962,,6.0557,-0.0912363558300444
2002-06-30,-0.4910659749910925,,,,0.0001367441580616,-0.2075153963943566,,-0.4888431014204084,,,,,,-0.1954885843442207,,,-0.0259945295164195,,,,,,0.6415553337242919,,-0.3121627004910812,,,,-0.032887786972669,,,0.8583138173302107,,,,,,,,,,,0.1518310138357129,,-0.0011616039790744,,,,,,,,,-0.4910659749910925,,,,,,,-0.8770263889617543,,,,,0.2145797026215284,,,,,-0.0921924543090241,,,,-0.0611790311336314,,3.273522975929978,,0.0801942118327377,,0.0,,,,,0.0163377696190913,,-0.21677873176787,-0.0091474671392704,0.0,0.0,-0.0936342306742405,0.0,0.0,,-0.3839620819435091,,-1.1606403064714734,-0.2169957081545064,0.1677510638525934,,-1.1083145925723534,-0.3506073547874695,0.0,,,,0.0,0.0,0.0,-0.154964686331533,-0.2242403918571986,0.0057300182003269,0.0,18.987301944038656,0.0,-0.4715388283499055,-0.3001145038167939,,7.1305,-0.0930246028643005
2002-03-31,-0.5052798232070446,,,,0.0011140090743423,-0.2137404921040868,,-0.4754707341934186,,,,,,-0.2008158638785488,7.022632103688933,,-0.0259744253483577,,-4.7795020890694495,,,1.2980653466197984,0.6362400261723609,,-0.3121595852347754,,,,-0.0328674230178871,,,0.0872365339578454,,,,,,,,,,,0.1558520661800197,,-0.0060287246513962,,,,,,,,,-0.5052798232070446,,,,,,,-0.8701537170137978,,,,,0.0184656457414068,,,-0.4898479835035726,,0.0020218034130179,,,,0.1607182329836255,,3.25601750547046,,0.1251466135675513,,0.0,,,,,0.2079853143643873,,-0.1102168890727905,0.0884932063210751,0.0,0.0,-0.0747715485305013,0.0,0.0,,-0.3839620819435091,,-1.1537228074976056,-0.1970161455139996,0.1693321042307568,,-1.101673006998886,-0.3489388770965092,0.0,,,,0.0,0.0,0.0,-0.2766929788117989,-0.2175225257417414,0.0081670111361322,0.0,19.251601303517248,0.0,-0.4715388283499055,-0.2656106870229007,,9.8058,-0.0906056027442011
2001-12-31,-0.5137780162540933,,,-1.0849374694554903,0.6806303723361099,-0.2174228550325254,,0.0036869800354151,,,,,,-0.2054643166861809,7.022632103688933,,0.6804748842724774,,-4.7795020890694495,,,1.2980653466197984,0.6330958349189015,,1.889842200585902,,,,-0.0290797274284652,,,0.9026639344262296,,,,,,,,,,,0.0476273376977705,,-1.035279546350086,,,,,,,,,-0.5137780162540933,2.7277569539318094,,,,,,-0.8701537170137978,,0.00832799487508,,,0.0096036189699284,,0.2762699869390855,,-0.4016754148772599,0.4357921550464925,,,,0.0946081515362772,,3.527352297592998,,0.0457525253902875,,0.0,,,,,-0.1683340982101881,,0.7464708113513328,0.5380390636538177,0.0,0.0,-0.2391639911089157,0.0,0.0,,11.232270715992156,,-0.212461349021754,-0.3711424483956673,,,-0.1979549801382963,8.216349749229256,0.0,,,,0.0,0.0,0.0,-0.129206481096801,17.58079855747294,-12.531565228121048,0.0,0.0,0.0,-0.4715388283499055,-0.4824045801526717,,10.0518,-0.1007879185817465
2001-09-30,-0.4795816437333514,,,,0.0110543977377046,-0.2053531357468306,,-0.4946151853103361,,,,,,-1.181869126340464,,,-0.0259919257070805,,,,,,0.6434015833058162,,-0.3089212763049322,,,,-0.0116990920221661,,,1.1915983606557377,,,,,,,,,,,0.1499116571081202,,0.0011616039790744,,,,,,,,,-0.4795816437333514,,,,,,,-0.8555689628036305,,3.352338244714926,,,-0.1813934517408877,,,,,0.098035198973957,,,,0.2328135892945197,,,,0.0062191429584572,,0.0,,,,,0.5725562184488298,,0.1692217509741043,0.187998449268941,0.0,0.0,-0.2435169177574709,0.0,0.0,,-0.3839620819435091,,-0.2155479545765494,-0.3757531166973227,,,-0.2009184724353181,-0.1226542302563576,0.0,,,,0.0,0.0,0.0,-0.1657665143331948,-0.2776204900413956,0.3386803220532436,0.0,0.0,0.0,-0.4715388283499055,-0.4844274809160305,,8.886,0.0778676542247345
2001-06-30,-0.4640698433974108,2.8413853458392173e-08,,,0.0039619340729065,-0.1970836721634172,,-0.4914574136974871,,,,,,-0.1877194442523486,,,-0.025994464148821,,,,,,0.6504624775128937,,-0.3098449497995916,,,,-0.0177370046149812,,,1.0092213114754098,,,,,,,,,,,0.1451072672993646,,-0.9011041154721476,,,,,,,,,-0.4640698433974108,,,,,,,-0.8664288337442946,,0.860345932094811,,,-0.1754977937632096,,,,,0.0952028928711389,,,,0.1289894747581234,,,,-0.0990334869934444,,0.0,,,,,0.2079853143643873,,0.1066032205786007,0.1850631369073992,0.0,0.0,-0.158125463077303,0.0,0.0,,-0.3839620819435091,,-1.194122314954166,-0.2853055385244226,0.1647524465929919,,-1.1404611278084869,-0.3586831036112792,0.0,,,,0.0,0.0,0.0,-0.3061902783547985,-0.2472086771521085,-0.0060654903291482,0.0,-0.0024272390156197,0.0,-0.4715388283499055,-0.3659541984732824,,10.5889,-0.1003235316639865
2001-03-31,-0.4321406454130542,19.495926845692885,,2.7541742698323963,0.8414487952383861,-0.1830258520097368,,0.1351199574739564,-1.8422015997657093,,,,,-1.1819382808196477,0.7314687516398174,,0.8406327635825662,,3.9074969032995104,,,1.7135979339331593,0.6546865074311355,,1.7203348744765885,,,1.1124137507312724,-0.0221967107122038,,,0.7567330210772834,,,,,,-0.8635490889232941,,,,,-1.1848923833177312,,-0.9283270379842686,,,,,,,,,-0.4321406454130542,0.2356710835854107,,,,,,-0.8638581396568911,,-0.00832799487508,,,-0.4278986985056917,,,,,3.599887776550643,,,,0.4486915713046879,,,,-0.0046916341616431,,0.0,,,,,0.6786599357503442,,5.642688183166098,3.817207576428888,0.0,0.0,-0.2967090639664114,0.0,0.0,,-0.0844943476135044,,4.166381173895198,-0.4320948293480482,-1.1717009850685476,,4.006231740894092,0.7070702214713791,0.0,,,,0.0,0.0,0.0,0.0,-0.296564652589567,1.5505830274238823,0.0,-90.74997190695584,0.0,-0.4715388283499055,-0.4777862595419847,,8.1759,0.1115960026018567
2000-12-31,-0.4321406454130542,,,,0.0014640741189801,-0.1830258520097368,,,,,,,,-0.1751873728690285,0.7314687516398174,,0.8406327635825662,,3.9074969032995104,,,1.7135979339331593,,,1.7203348744765885,,,,,,,0.984192037470726,,,,,,-0.8635490889232941,,,,,,,,,,,,,,,,-0.4321406454130542,,,,,,,-1.1980483710193588,,2.333760409993594,,,-0.4278986985056917,,,,,3.599887776550643,,,,0.4486915713046879,,,,-7.110698926197685,,0.0,,,,,392.1081229921983,,5.642688183166098,3.817207576428888,0.0,0.0,-0.2967090639664114,0.0,0.0,,1.3206939811697316,,-0.2532658366397592,,,,-0.2371319279514071,-0.3589339032641926,0.0,,,,0.0,0.0,0.0,0.0,-0.296564652589567,-0.0064318104698152,0.0,0.0,0.0,-0.4715388283499055,-0.5654198473282442,,9.7948,0.0502508893270324
2000-09-30,-1.623770975075926,,,,0.001044725367591,-0.6847426655288228,,,-5.269635568246298,,,1.8679641289830184,,-0.6200207781389179,,,,,,,,,,,-0.3093542969314336,,,,-0.0145296817368417,,,0.1617388758782201,,,,,,-2.4953044619956253,,,,,,,,,,,,,,,,-1.623770975075926,,,,,,,-0.8868369970096007,,2.622037155669443,37.50905520401484,,-0.3129519077459305,,,,,-0.8390840428942962,,,114.94890965732088,0.2743024264168268,,,,-0.0784484874935217,,0.0,,,,,-0.0886645250114731,,-1.916058066963208,-0.7832022596366859,0.0,0.0,0.4839775253148926,0.0,0.0,,0.0915100232637855,,0.300309207825968,0.3948170856325362,,,0.2943630593328989,-0.3589339032641926,0.0,,,,0.0,0.0,0.0,-0.6738678853344412,-0.0185263574542475,-0.0064318104698152,0.0,0.0,0.0,-0.4715388283499055,0.4616412213740458,,9.7153,-0.1141765396077127
2000-06-30,-1.4532641799148271,,,,-0.0004977487353444,-0.612561028489414,,,-4.671730761017455,,,2.630032436557909,,-0.5561156803409714,,,,,,,,,-0.3119261927222229,,-0.3102873161950104,,,,-0.0206286861940023,,,-0.1924765807962529,,,,0.0976512504756304,,-2.210649997240482,,,,,,,,,,,,,,,,-1.4532641799148271,,,,,,,-0.9088190546141336,,,25.2559458869736,,-0.2656383254848159,,,,,-0.8450336670348071,,,77.83115264797507,0.241145363962524,,,,-0.0675013411163543,,0.0,,,,,-0.0299219825608077,,-1.753746422537154,-0.7893682617043273,0.0,0.0,0.3022968634230674,0.0,0.0,,0.0505504486587218,,0.1714817348474483,0.202378908645003,,,0.1706740368650034,-0.3589339032641926,0.0,,,,0.0,0.0,0.0,-0.4686331533028666,-0.083231172657955,-0.0064318104698152,0.0,0.0,0.0,-0.4715388283499055,0.218206106870229,,9.032,0.0301594331266606
2000-03-31,-2.578679863927111,,,,-0.0006217301053203,-1.0864658649064918,,,-7.912659625745124,,,0.4632703682503339,,-0.977915874768392,,,,,,,,,-0.3114899867079181,,-0.3109088098280106,,,,-0.024691295172979,,,0.6336358313817331,,,,0.1174374762184786,,-3.7536127902214296,,,,,,,,,,,,,,,,-2.578679863927111,,,,,,,-0.9175803997691622,,6.75144138372838,13.208378791184812,,-0.4398383329007378,,,0.0012084592145015,,-0.8259378673981973,,,41.11277258566978,0.5174542177483804,,,,0.0571361028522589,,0.0,,,,,0.4348783845800826,,-1.9943174373297472,-0.7695779796189632,0.0,0.0,0.5715300074092369,0.0,0.0,,0.1112485710258859,,0.362391572034478,0.4875536480686695,,,0.3539691880871813,-0.3589339032641926,0.0,,,,0.0,0.0,0.0,-0.3880348982135438,0.0126550963975305,-0.0064318104698152,0.0,0.0,0.0,-0.4715388283499055,0.5436641221374046,,7.7532,0.2000722282412423
1999-12-31,-2.5461419857819103,,,,-0.005227273348837,-1.0716354898333111,,,-7.912659625745124,,,,,-0.9657208400599976,,,,,,,,,,,-0.311514727179482,,,,-0.0286520843780466,,,,,,,,,-3.7536127902214296,,,,,0.7332815406916372,,-0.7049549488231772,,,,,,,,,-2.5461419857819103,,,,,,,-1.1313200251823097,,,,,-4.736771849160147,,-0.1257760312081058,0.105040042200163,0.0507572945937825,-0.7859649435320104,,0.0117334233739923,,-1.5785482307731546,,,,10.094360037460335,,1.0426591794221538,,,,,-19.887104176227627,,-1.4327368021792353,-0.781282306897061,,,1.3745677945171648,,0.5767566430935068,-0.1271973094170403,1.0433868731001388,-0.0227366255144032,0.9806320974141468,1.974935622317597,0.0027654807970587,,0.9475503898778872,0.1990874044789592,1.0175678758840976,,,,,,,2.1121728292480264,1.4851761653188786,-0.8214825554493013,,-1.0023598157096305,,,,,5.4766,0.698937296863017
1999-09-30,0.1747516500110283,,,2.5999662472180325,3.891634812874736,-0.8829659678393872,,1.244409012695909,,,,,,,0.0487117594584667,,2.4292832983200268,,2.301987664542298,,,0.6916661291883002,0.0671337833169501,,1.7513690577946244,,,,1.9264301223619127,,,,,,,17.186827631533433,,,,,,,0.9547309219315148,,-0.7350412178836918,,,,16.42149607429122,,,,,0.1747516500110283,-0.0347858983559583,1.727679956069211,1.568897674160832,,,,4.298885315565815,,,,,-0.2591493937483777,,-0.0260873067473719,0.1257852587157723,0.1464220702331088,1.6475025829206598,,0.9120274624009904,,1.5970141640169355,,,,31.175327096005745,,7.352594873652749,,,,,-8.440385497934832,,0.1589876211165132,1.4191496824693546,,,2.067022721659669,,1.7856502539924963,1.00792600896861,2.668991305225391,3.2690329218106995,1.5655329046381177,3.894902922542408,0.174246728050336,,1.5091216713255848,1.2912274930444478,2.974674880219028,,,,,,,4.894058994599086,4.053182190508128,-2.4166718080019742,,-2.9302168783009326,,,,,4.9114,-0.0797125055992182
1999-06-30,-0.0336778279237856,,,1.641517328186034,3.5720254271203777,-0.8917114681535446,,1.1361325013394938,,,,,,,0.0600619195046439,,2.2742168286238496,,1.9951094595375165,,,0.5689813172519806,0.0573534649018117,,1.6202494775131064,,,,3.822935413171915,,,,,,,,,,,,,,0.955442883317656,,-0.7452764009443115,,,,14.547815747934647,,,,,-0.0336778279237856,-0.0302898183951613,1.4168086112481124,1.2865271286323918,,,,4.210024290435968,,,,,0.5362823983091698,,-0.3176046167743568,0.389497913969213,0.165535584892989,-0.7248476967473013,,0.8152056162861042,,1.5948377004301917,,,,18.3874598801633,,4.237297346254868,,,,,-53.82413951353832,,0.112534050549981,-0.8807321665928224,,,1.905871820202519,,1.639009705944199,0.943890134529148,2.500691649571177,2.9150205761316874,1.4066055547954577,3.5449826282444308,0.1558048299443688,,1.3565333445427603,1.2018847366876753,2.043805612594113,,,,,,,4.570004154549231,3.787315217451059,-2.2861770058919704,,-2.0132599168445893,,,,,5.6806,-0.0881420976657395
1999-03-31,-0.0633992348020835,,,2.0961743331188627,3.553078156579354,-0.8989574081095045,,1.2829524078391763,,,,,,,0.204344860156373,,2.484482603691968,,1.409226562951268,,,0.3975499048663291,0.0511665079191981,,1.607886582863676,,,,2.145485183950149,,,,,,,,,,,,,,0.9560210895318434,,-0.7496883180573335,,,,11.932043213546258,,,,,-0.0633992348020835,0.0268642336631255,1.2736064431823382,1.1564537880327357,,,,4.295873039189969,,,,,2.688790833920427,,0.4661308047709737,0.0,0.4085060884011098,1.481572197085753,,0.6619395320699504,,0.9395861318460832,,,,14.392587945409746,,5.649488270989947,,,,,-6.249288664525012,,0.0818868314885693,1.3339702407325358,,,1.936187947641393,,1.7775601226246998,0.8125,2.5130804418901262,2.35462962962963,1.406693118073608,3.366997751890456,0.1266118572668903,,1.356617415246222,1.211262003710288,1.5975359342915811,,,,,,,4.628998753635231,3.806886087640116,-2.2998735231514327,,-1.57365996179346,,,,,4.3711,0.1850335155910411
1998-12-31,-0.7210940548702897,,,1.333414199373464,2.52164432115186,-0.9245446056687668,,0.8285460650974995,,,,,,,-0.0087579367161672,,1.8337118456227663,,1.013240400228482,,,0.1226028464854289,0.0293188399055293,,1.140672903150186,,,,1.7138100704847383,,,,,,,,,,,,,,0.9565135244922665,,-0.7570637773219692,,,,7.737787253233841,,,,,-0.7210940548702897,-0.057551070677109,1.050291600778958,0.953612532559901,,,,4.150411835685431,,,,,-1.2876265341688606,,-1.7294607050592343,1.4404354289550665,0.0496438859728186,-1.3184206776158751,,0.553524951110736,,0.702317593647447,,,,8.661083985706881,,2.980527126166108,,,,,-54.38182652592933,,0.0261370297575945,-1.4318509082853346,,,1.2358607063472462,,1.4418030700443796,0.6323318385650224,2.0333975392935257,1.958230452674897,0.8714187987412779,2.4414306151645206,0.1059618620904033,,0.8426932049853927,0.9764712886418542,0.7912388774811773,,,,,,,3.6011632737847945,3.0491195857132647,-1.9569361754634915,,-0.7794134172378919,,,,,4.3713,0.1849792967767026
1998-09-30,-0.7331594954105092,,,0.9017477612412584,2.556457560538918,-0.9379540155663116,,0.8176423414714437,,,,,,,0.7793356771789893,,1.818096252655704,,0.1362484035145144,,,0.1589955066808561,0.0178691946279551,,1.1504143096183148,,,,1.49837979284767,,,,,,,,,,,,,,0.9519322599030936,,-0.7657344250232729,,,,8.295381398495316,,,,,-0.7331594954105092,0.2546323602393128,0.9627350983612392,0.8740832425042951,,,,4.131420177325429,,,,,0.4217805628684786,,0.6948176362621619,0.860336642209754,1.3767827792799958,1.005566639353023,,0.499528693425625,,0.8767407457788509,,,,8.8876644572343,,2.5468707544606466,,,,,-3.996879302432309,,0.1017758008344539,0.9987538768276472,,,0.9566250926154606,,1.322996558097325,0.6059304932735426,1.8791849149053528,1.7608024691358024,0.6726282665207278,2.08173308808502,0.0956770604439775,,0.6518316904516699,0.9074301041893302,0.7748117727583846,,,,,,,2.9987536352305777,2.8055062313430783,-1.8560940247401048,,-0.763231823800427,,,,,3.8595,-0.1029926156237854
1998-06-30,-0.8518945435110877,,,0.8819637087275553,2.347392152161606,-0.9365053634513646,,0.7752953218074593,,,,,,,0.4619509891378496,,1.7574496474115318,,0.2622985540173672,,,0.0492316746750943,0.0191061284657216,,1.0659425772593298,,,,1.61934168425179,,,,,,,,,,,,,,0.9526016355618414,,-0.7670078333853333,,,,6.618499005760439,,,,,-0.8518945435110877,0.1289084118579692,0.9043640967494267,0.8210637158005579,,,,4.186510151618488,,,,,0.8541658941747933,,0.8380849362201599,0.1608305759363161,0.8423112949118994,1.350270761338131,,0.3897072271697688,,0.6351192804067266,,,,7.780438795086513,,3.855810162122996,,,,,3.3562184488297384,,0.036481500637909,1.289294417368188,,,1.1624783897258582,,1.3818630543289396,0.5415470852017937,1.922114168289216,1.3592592592592592,0.8293008619510193,2.1881381565501736,0.0747590923220391,,0.8022551966203577,0.9022081914160396,0.997946611909651,,,,,,,3.4453676776069795,2.873322595009428,-1.848466853811272,,-0.9830318013259915,,,,,4.1569,-0.0197502946907552
1998-03-31,-1.1544743293914046,,,0.6680027142862166,1.877787187801692,-0.9487465631353762,,0.5595030239987724,,,,,,,0.0792359762816812,,1.448406167993624,,0.448344468619032,,,-0.0688684467950165,0.0086539612768024,,0.8523715083331159,,,,1.5854967914043747,,,,,,,,,,,,,,0.9532242269003544,,-0.7710422292051562,,,,4.818617904512003,,,,,-1.1544743293914046,-0.0226944988497372,0.7702328230107844,0.6992296465980676,,,,4.09375163947327,,,,,0.1889206125551559,,0.3232432494634668,-0.1095765597276171,0.1978244349009419,0.5651163204959208,,0.3036339847212256,,0.8045773749808709,,,,7.868343289417456,,2.177339009147722,,,,,-9.55612666360716,,0.0643150236198751,0.5611154186973859,,,0.9102864904914794,,1.4383611673694343,0.3839125560538116,1.801824562868771,1.0445473251028807,0.6456587768504584,1.81379113018598,0.0583645075193208,,0.6259379137854936,0.8552479364052759,0.8975587497148072,,,,,,,2.9002908184461984,2.6832982413704007,-1.779876299472499,,-0.8841442858748174,,,,,4.1974,-0.0554152570638967
1997-12-31,-1.4594252108111776,,,0.3388357399770059,1.3648616741678434,-0.9533470606964696,,0.2805705591461806,,,,,,,-0.0687096604922075,,1.0489375106966812,,0.4460853213187772,,,-0.1455827340449547,0.0047258193542778,,0.6303861321250293,,,,1.3747400413897382,,,,,,,,,,,,,,0.9537526497994198,,-0.7719664303710072,,,,3.6460302166827248,,,,,-1.4594252108111776,-0.0812994357035102,0.7264240643097934,0.6594372910162384,,,,4.09375163947327,,,,,0.5322778004375394,,-0.4340596429249544,0.251196470531818,-0.0513139989042645,-1.0636556343296877,,0.2452763826165252,,0.5672408222951488,,,,2.5188983752034404,,2.542161036138031,,,,,-43.54346030289123,,0.027764559842764,-1.145482572736671,,,0.8155717461101507,,1.246610666578129,0.2190134529147982,1.5574451943839795,0.8311728395061728,0.5565193596935285,1.612818311874106,0.0472489897419956,,0.5403539376615734,0.6913569632172715,0.4394250513347023,,,,,,,-0.2588284171167428,2.297246334584916,-1.5404957275503597,,-0.4328576244521856,,,,,3.1724,0.2497793468667254
1997-09-30,-1.4640401516822477,,,0.2747828043639534,1.398653890508041,-0.96351888494871,,0.3847898710138308,,,,,,,0.1286771265151912,,1.1981935271958115,,0.0,,,-0.2312809721908693,-0.0039594084375359,,0.6309889342201949,,,,1.181170469210973,,,,,,,,,,,,,,0.9542816724974624,,-0.7738271747449871,,,,2.3381439494885305,,,,,-1.4640401516822477,-0.0031096327421878,0.6563585240475307,0.5957953852690695,,,,4.077987828550444,,,,,1.1054914902295228,,0.2527948630905461,0.0395051071788231,0.281082657335242,0.8467971783818448,,0.1789276720268996,,0.2749485640441414,,,,1.8607966685760529,,2.887419617788244,,,,,-0.5828361633776962,,0.0251163752974035,0.8168568158322257,,,0.5729809829587552,,1.0820412364288323,0.1508183856502242,1.356976438674608,0.5885802469135802,0.3790285948830209,1.2705824647455548,0.0346113856345063,,0.3699426217448874,0.582087514437447,0.325347935204198,,,,,,,-0.4823431657665143,1.980561068261656,-1.3808958262639972,,-0.3204854478031239,,,,,2.9257,-0.0749906005400416
1997-06-30,-1.691016347410034,,,0.0057590684232176,1.0564543698418964,-0.9766174866243056,,0.2506487129165389,,,,,,,0.0128561683370939,,1.0060854183684638,,-0.1114106192759176,,,-0.3372475195373386,-0.0151436696364771,,0.4705345429354359,,,,1.1361254012335469,,,,,,,,,,,,,,0.9548094955975504,,-0.7767384447175424,,,,0.7227609110104344,,,,,-1.691016347410034,-0.0489891874785316,0.5569040996984843,0.5054589791431897,,,,-0.5801374534389592,,,,,-0.2225888983647892,,0.1108509157024413,-0.0538819354529324,0.0860417439867097,0.3078396095336492,,0.1740317111945863,,0.1553790957473942,,,,-0.11667257667094,,2.92183679014582,,,,,-7.718219366681964,,3.3266301162028897,0.2565444542903559,,,-3.4729254136823906,,0.9726529211903892,0.0709977578475336,1.1800672683582936,0.570679012345679,-2.491930496647968,-3.0236501124054773,0.0336788397843353,,-2.386504550326825,1.1403464218517798,0.2824549395391284,,,,,,,-0.7868716244287495,1.701093439910282,-2.196293611376747,,-0.2782335093830767,,,,,2.2397,0.2083314729651293
1997-03-31,-1.473189441626088,,,0.3666712373558914,0.9921153318461646,-0.8772079775896554,,0.2283341157283316,,,,,,,-0.0382379178254709,,0.9741279257847082,,-0.0477950850710155,,,-0.3367772259666548,0.0697372926400911,,0.6127491085499378,,,,1.1197120536793848,,,,,,,,,,,,,,0.9646905839507888,,-0.7684576603517156,,,,0.7309608249113384,,,,,-1.473189441626088,-0.0692288225124107,0.4538294529498202,0.4118342539395171,,,,-0.5757830124337653,,,,,-0.3544810708591345,,0.1383536343289164,-0.1701913393756294,0.0,0.4002191029249349,,0.1182909157416395,,0.1222220332930914,,,,-0.0859041851922569,,4.452132958971108,,,,,-4.078384580082607,,0.0103858487638357,0.2743040171318859,,,0.1459619659175104,,0.9545248292882677,0.0617488789237668,1.13733985484929,0.3668724279835391,0.075359146258038,0.7465031677907215,0.0230617516855498,,0.0783854221400197,0.4887108436632892,0.3070955966233173,,,,,,,-0.8899044453676777,1.6335959274998213,-1.2445090538914767,,-0.3025058995392741,,,,,1.8417,0.4694575663788892
1996-12-31,-1.5836277761753677,,,0.2749902433364625,0.8288537466531868,-0.8837108358195759,,0.1010394817683306,,,,,,,-0.1018733273862622,,0.7918249567273761,,0.0646103291808665,,,-0.3223002461650918,0.06418481713283,,0.5448848075569888,,,,1.0650755629997124,,,,,,,,,,,,,,0.9653425654391932,,-0.7746315855004962,,,,0.9523585002357476,,,,,-1.5836277761753677,-0.0944363868603466,0.2587645482603102,0.2346529714950767,,,,-0.5757830124337653,,,,,-0.0582149875783306,,-0.6424473967353468,0.3642641346568839,-0.1071611614795963,-0.6001727884855178,,0.108639682606677,,0.0038428185203448,,,,-0.1178363928970841,,4.244180780726383,,,,,-24.436714089031668,,0.0294472604392951,-0.7518738000295377,,,0.1108607063472462,,0.938798322210786,0.0,1.0926010025873785,0.3315843621399177,0.0489588178957449,0.6958512160228898,0.021223457279753,,0.0530381050463439,0.4611387218209001,0.2756103125712982,,,,,,,-0.9231408392189449,1.5629208974013622,-1.2042369744269985,,-0.271491178784133,,,,,1.9519,0.0057892310056868
1996-09-30,-1.502622414699944,,,-0.1480727513087992,0.9992442606197792,-0.8913184922407352,,0.2194589918466582,,,,,,,0.1905389095870283,,0.9614175594161692,,-0.2929510753412788,,,-0.3222653100712696,0.0576890079897384,,0.4291997646423861,,,,0.9666463875616964,,,,,,,,,,,,,,1.0385810195712908,,-0.6929817158088675,,,,0.9523585002357476,,,,,-1.502622414699944,0.0213953541546387,0.062703065494501,0.0565664776191092,,,,-0.6085724778343213,,,,,-0.0020393785457376,,0.1993774489214676,0.1970939433175082,0.3852570560062209,0.9106576650397236,,0.0804457012619761,,-0.0565200387682576,,,,-0.1272923997345044,,1.7244814781269813,,,,,8.365121615419918,,0.0241508913485741,0.9422998818490622,,,0.0006174364040503,,0.8669831889062275,-0.0526457399103139,0.9898923462667452,0.2284979423868312,-0.0291914078533315,0.5463478438585735,0.0158532794529064,,-0.021994997793144,0.4020714435652878,0.2760666210358202,,,,,,,-1.0211882010801827,1.4006695876373672,-1.1179627972977142,,-0.2719406674907293,,,,,1.8683,-0.0141304929615158
1996-06-30,-1.6024544444255926,,,-0.2584056732801024,0.853956327562426,-0.8974828553093949,,0.1172682797233905,,,,,,,0.0990764548459883,,0.8150667695155619,,-0.1803659561905128,,,-0.321964322186032,0.0524255570968507,,0.3538323688370008,,,,0.9709737279528372,,,,,,,,,,,,,,1.0409940108572613,,-0.6920277485410526,,,,0.9564584571861996,,,,,-1.6024544444255926,-0.0148351931022691,0.0076065347048145,0.0065212170475328,,,,-0.6179109175803997,,,,,0.0099002558493084,,0.0656497948803516,0.1413801371505299,0.2312355301062156,0.1665805693113399,,0.0626626711124242,,-0.1079729982486269,,,,-0.1700626460452979,,0.8720224617335386,,,,,-6.02092703074805,,0.0233785041895107,0.2146008713631664,,,-0.0660965670535934,,0.8811160175747313,-0.0610986547085201,0.977948993671624,0.163477366255144,-0.0794089478724859,0.4506683016554261,0.0124661014224003,,-0.070209546228378,0.4051232793417912,0.2153775952543919,,,,,,,-1.1184046530951393,1.381802389185445,-1.1224203350094086,,-0.2121586695134285,,,,,1.7055,0.0799765464673116
1996-03-31,-1.9035326778533737,,,-0.2459909781626532,0.5851318988567277,-0.9456143664848706,,-0.052119798932547,,,,,,,0.2487327491210579,,0.572480348538873,,-0.5002470942359654,,,-0.3792622034463113,0.0113283922071643,,0.3812528548403489,,,,0.8238747005862274,,,,,,,,,,,,,,0.9458419010868508,,-0.8078730613691717,,,,0.0831676267399192,,,,,-1.9035326778533737,0.0444473776244671,-0.0004271048898425,-0.0105854316380632,,,,-0.7020618015843869,,,,,0.1907375134413585,,-0.1798148457143514,0.6194983935165204,0.4832546878037573,-0.5925665324735473,,-0.0129152070231714,,-0.2410093349883525,,,,-0.1341661893201676,,0.6955891676478579,,,,,-19.066544286369894,,0.0105789455536016,-0.5631645990252547,,,-0.1767102988392195,,0.806689022433237,-0.149719730941704,0.784725593470132,0.0,0.0041045286632918,0.4875863478438585,-0.0019294052072502,,0.0099728871981336,0.2383969500776928,3.5911476157882727,,,,,,,-0.9725799750727048,1.0765627834615152,-0.8788984174969923,,-3.537476120912462,,,,,1.7486,0.0585632183908046
1995-12-31,-1.9035326778533737,,,-0.2459909781626532,0.5851318988567277,-0.9456143664848706,,-0.052119798932547,,,,,,,0.2487327491210579,,0.572480348538873,,-0.5002470942359654,,,-0.3792622034463113,0.0113283922071643,,0.3812528548403489,,,,0.8238747005862274,,,,,,,,,,,,,,0.9458419010868508,,-0.8078730613691717,,,,0.0831676267399192,,,,,-1.9035326778533737,0.0444473776244671,-0.0112267571044322,-0.0105854316380632,,,,-0.7020618015843869,,,,,0.1907375134413585,,-0.1798148457143514,0.6194983935165204,0.4832546878037573,-0.5925665324735473,,-0.0129152070231714,,-0.2410093349883525,,,,-0.1341661893201676,,0.6955891676478579,,,,,-19.066544286369894,,0.0105789455536016,-0.5631645990252547,,,-0.1767102988392195,,0.806689022433237,-0.149719730941704,,-0.1128600823045267,0.0041045286632918,0.4875863478438585,-0.0019294052072502,,,,3.5911476157882727,,,,,,,-0.9725799750727048,1.0765627834615152,,,,,,,,1.5214,0.2106612330747995
1995-09-30,-1.8779256943619675,,,-0.2356014499632586,0.6544958288473652,-0.9518198133989604,,-0.0036869800354151,,,,,,,0.330183134806108,,0.6418426335786148,,-0.5997330098645154,,,-0.3792057682178292,0.0060298618096296,,0.3968400397662467,,,,0.7376333520851417,,,,,,,,,,,,,,0.9471572602442292,,-0.806372414228705,,,,0.0831676267399192,,,,,-1.8779256943619675,0.0767118959561782,-0.0137893864434874,-0.012913118176276,,,,-0.7808614448350034,,,,,0.354073195149987,,0.1594352161379969,0.4856183762528173,0.6204160260148808,0.5272809861412947,,0.0120710758451863,,-0.3832276274846542,,,,-0.1263467990507624,,0.3876460465537542,,,,,4.470491050940798,,0.0094203648150063,0.6131018313395362,,,-0.2585514941960978,,0.7432849696205053,-0.1795515695067264,0.7604560885172251,-0.0215020576131687,-0.220998768641401,0.1803719599427753,0.002829794303967,,-0.2061518737258034,0.2742797804187263,0.10860141455624,,,,,,,-1.206065641877856,1.0382236686585709,-0.9313091896227288,,-0.1069783121699067,,,,,1.2896,0.4102289258096623
1995-06-30,-1.952042577919544,,,-0.3381782639115958,0.5558941746077039,-0.9588817691775596,,-0.0724057963763718,,,,,,,0.256934459778559,,0.5434280825536407,,-0.5099639948399022,,,-0.3791305212465198,0.0,,0.3379102938582332,,,,0.7916080142344044,,,,,,,,,,,,,,0.9484690206077432,,-0.8042771710514495,,,,0.0831676267399192,,,,,-1.952042577919544,0.0476962786779695,0.0004271048898425,0.0,,,,-0.7851634226955564,,,,,0.3919685564907857,,0.425578679063987,0.1299189565050592,0.4970662566495237,0.314448323773558,,-0.0027856328873506,,-0.4409039125333696,,,,-0.1493321695171071,,0.5213295897110769,,,,,1.739329967875172,,0.0074066411503051,0.385716659282233,,,-0.4066436157075821,,0.688037451442611,-0.195762331838565,0.6822674969941519,-0.0758230452674897,-0.3261622656998221,0.0060167586347843,0.0,,-0.3071207885831984,0.2403294274032988,0.1054072553045859,,,,,,,-1.5754050685500622,0.9147072890496584,-0.881721010580868,,-0.103831891223733,,,,,1.2281,0.4997964335151861
1995-03-31,-1.9779167868474183,,,-0.2522809497189026,0.5408085590903414,-0.966083052779791,,-0.0838166699385233,,,,,,,0.0623235556488429,,0.5270861829369476,,-0.2693327172022514,,,-0.3780394401625334,-0.0061488270862582,,0.3148589548237213,,,,0.7697880366856645,,,,,,,,,,,,,,0.94978018117228,,-0.8023902905879404,,,,0.0995674545417273,,,,,-1.9779167868474183,-0.0293939282134214,0.0088268343900789,0.0076296392085865,,,,-0.799118619170033,,,,,0.3778412251103118,,0.4192035719011973,-0.2204670790773509,0.1693441493027941,0.3302130464213189,,0.0048115477145148,,-0.4433184268249137,,,,-0.1668621514234018,,1.1647495697853456,,,,,3.007801743919229,,0.0094479500706872,0.3692678334071776,,,-0.5022845146949864,,0.6515377889925518,-0.216244394618834,0.6250354524780195,-0.0480452674897119,-0.3901053495690245,-0.0806703453913754,0.0014470539054377,,-0.3685134197860401,0.2123349061454766,0.1861738535249829,,,,,,,-1.6518487744079768,0.8242964656987515,-0.8408319708794768,,-0.1833913922912687,,,,,1.0909,0.0517004308369236
1994-12-31,-2.023760795059298,,,-0.218791861360448,0.4709632896633268,-0.9682819316373744,,-0.132503063803703,,,,,,,-0.1293802802119956,,0.4573607445723903,,-0.0351579798602152,,,-0.3781630601868275,-0.0080263431827939,,0.279907336701185,,,,0.8163094913847744,,,,,,,,,,,,,,0.9510919415357942,,-0.801792790541204,,,,0.0995674545417273,,,,,-2.023760795059298,-0.105332573247077,-0.0189146451215977,-0.0175684912527017,,,,-0.799118619170033,,,,,0.411064555600875,,-0.6015385412051715,0.2798925814031554,-0.153482494742237,-0.7099558231500944,,0.0229603680411936,,-0.4609341789801228,,,,-0.1524962948819363,,2.1690064305769403,,,,,-20.61073887104176,,0.129967932140271,-0.7599043715846995,,,-0.4900901457149914,,0.7031663291167258,-0.2018161434977578,0.6692105450894621,0.018312757201646,-0.385442605007525,-0.0526139382791743,0.0049039049017611,,-0.3640366548267092,0.244722381323802,0.1031257129819758,,,,,,,-1.8716244287494808,0.8940809112548996,-0.8881373970447605,,-0.1015844476907517,,,,,1.0892,-0.0652846824875715
1994-09-30,-1.9098039922631875,,,-0.2098157309059457,0.6825411440380914,-0.9721134467872656,,0.0143168426959793,,,,,,,0.1443773941333893,,0.6676265196405085,,-0.3684014607441066,,,-0.3774992744042052,-0.01129788829008,,0.3667482214807047,,,,0.8267867461200302,,,,,,,,,,,,,,0.952367713960666,,-0.8032593155647855,,,,0.1077673684426313,,,,,-1.9098039922631875,0.0031096327421878,-0.1032576917014536,-0.0941789362841994,,,,-0.8439746078379938,,,,,0.2810634432125774,,0.2091587505250257,0.104570085838968,0.3075216937949561,0.1564982721151448,,0.0160103546757832,,-0.5164340004420942,,,,4.569615304183373,,2.1921927361652025,,,,,0.6026617714547958,,-0.1036240129650701,0.1368797075764289,,,-0.5037972338849098,,0.6731299179919652,-0.185347533632287,0.6574481523821455,-0.0070987654320987,-0.3488411547407306,-0.0060167586347843,0.003580118551231,,-0.3288951007797557,0.2269710458902301,1.0686744239105634,,,,,,,-1.8799335272122968,0.8754995794461884,-0.8622096430885029,,-1.05270255084841,,,,,1.2876,-0.0940509474992233
1994-06-30,-1.937205203685166,,,-0.1683771592111693,1.0198579866337143,-1.0662704754963888,,-0.0176336032780447,,,,,,,0.0484546360917248,,0.6218692007137677,,0.4230381680369165,,,-0.0952290732798004,-0.0916940121573361,,0.3499196069169593,,,,0.7829024235651685,,,,,,,,,,,,,,0.9536794743241802,,-0.8047955368271114,,,,4.416822123367704,,,,,-1.937205203685166,-0.034887751300054,-0.1907735174629969,-0.1736712789344368,,,,-1.0977913016106184,,,,,0.5327227557566094,,0.1050626866358651,0.0160072891190715,0.1459890779916229,-0.0020218034130179,,0.0,,-0.5596572069850878,,,,1.6806597383231954,,1.7342632007970291,,,,,-3.122716842588343,,0.0130892038205579,-0.0040706690296854,,,-0.5578537910595208,,0.6618745642285601,-0.1875,0.6368465651551296,-0.0656378600823045,-0.3901710220276371,-0.0863601062742693,0.0005305864319938,,-0.3685764728136362,0.2213108937234279,1.0061601642710472,,,,,,,-1.604486913169921,0.8429547616037119,-0.8539423759138723,,-0.991122598044724,,,,,1.2023,0.0079846959993346
1994-03-31,-1.863224053682621,,,-0.0450142570344665,1.3467749801948878,-1.1151861522433342,,0.0822749341327926,,,,,,,0.0,,0.7649516106910363,,0.8046415208168871,,,0.0397424941146118,-0.1334607380270219,,0.4056063710106709,,,,0.8836836357804867,,,,,,,,,,,,,,0.9549870360948528,,-0.8054257069857593,,,,6.475000512494619,,,,,-1.863224053682621,-0.0540818346833178,-0.252764741474427,-0.2299791247159668,,,,-1.1839357851109595,,,,,2.3579294745819275,,-0.2251310406729535,0.2026471011365271,0.0643921319124118,-0.3404912893227403,,-0.0282221190506338,,-0.5609154749961742,,,,2.3775310729840067,,1.5886242188207589,,,,,-9.188618632400184,,-0.0042619220026895,-0.3474283709939447,,,-0.5705729809829587,,0.6508958907444913,-0.1721076233183856,0.6345776065618839,-0.1688271604938271,-0.3987960049254344,-0.132041692213366,-0.0048449508537618,,-0.3768574371046049,0.221669933226546,1.0143737166324436,,,,,,,-1.423764021603656,0.8393704336926824,-0.8544667921152481,,-0.9992133947634566,,,,,1.3763,-0.11109496476059
1993-12-31,-1.9327111505115453,,,-0.0352927526448469,1.2376786676378542,-1.1177279918975511,,,,,,,,,0.1020359972713438,,,,0.3590888961626586,,,-0.0945652874971782,-0.1356310917275664,,0.4671700661252091,,,,1.059974392326862,,,,,,,,,,,,,,0.9137472576066132,,-0.8579069747603421,,,,4.425022037268609,,,,,-1.9327111505115453,-0.0136628449294122,-0.3245997162803232,-0.2952282425966636,,,,-1.1839357851109595,,,,,-0.1547332122066075,,-0.3326102841755801,-0.2521076104157675,-0.8692363430712404,-0.8517492607502939,,-0.0823590652654089,,-0.5889714509190458,,,,-0.1300200940145295,,0.543429037224889,,,,,8.411381367599816,,-2.094976035309127,-0.8240197164377492,,,-0.4858607063472462,,0.4526489369943668,0.900964125560538,0.5890453147919048,-0.3667695473251028,-0.3370420030099877,-0.1027099938687921,-0.0151565497947327,,-0.3175665734883036,0.1722333616428061,1.0495094684006387,,,,,,,-0.7307852098047362,0.7674419883124523,-0.7822593083875744,,-1.0338240251713675,,,,,1.5695,-0.100477859190825
1993-09-30,-1.7948567586827058,,,0.4615060069404157,1.4940283826174472,-1.1224615653927548,,,,,,,,,0.2531615679277955,,,,0.3051774264974873,,,-0.0397424941146118,-0.1396728607412299,,0.5660794538332645,,,,-0.0254243975451252,,,,,,,,,,,,,,0.914826895765884,,-0.8568179710299597,,,,5.261413255160821,,,,,-1.7948567586827058,0.0462017426207282,-0.330701214706645,-0.3007703534019323,,,,2.458073186086774,,,,,2.763432088694427,,0.5615157565261419,-0.2588212727185537,-0.182634360143506,-0.1071555808899497,,-0.0626626711124242,,-0.89163591845063,,,,1.7066273878690343,,0.7608006521148447,,,,,-0.9874254245066544,,-0.0371159615185683,-0.0634230542017427,,,-0.6124351691775747,,0.4249809090607258,,0.5027413683003517,-0.294753086419753,-0.4224161992064578,-0.207349274473738,-0.0114049285584127,,-0.3995355093633746,0.1273534237530498,1.1407711613050422,,,,,,,-1.4370585791441628,0.6311055892426183,-0.7167072832155967,,-1.123721766490617,,,,,1.4289,-0.0270137868290292
1993-06-30,-2.1305852237058653,,,0.1222202298705088,1.2796135427767634,-1.2113277093121448,,,,,,,,,-0.0401689667838589,,,,0.6357060798018112,,,-0.0515670181775183,-0.2155513544883082,,0.3252701413975896,,,,,,,,,,,,,,,,,,0.9158465540274175,,-0.8595041802315694,,,,5.081015149340932,,,,,-2.1305852237058653,-0.0699937589088847,-0.4405281863804386,-0.4005283478967689,,,,1.0590560306384764,,,,,,,,,,,,,,,,,,,,,,,,,,,,,,,-1.7083847863670043,,0.2656130681629536,,0.2292135378876065,,-1.2542673416336023,-1.8488779889638256,,,-1.1477647701717144,0.1078174507892735,1.0951403148528405,,,,,,,-2.226422933111757,0.1990071631583866,-0.688172872258383,,-1.0787728958309923,,,,,1.2246,0.1353094888126736
1993-03-31,,,,,,,,,,,,,,,,,,,,,,,,,,,,,,,,,,,,,,,,,,,,,,,,,,,,,,,,,,,,,0.934143749016316,,,,,,,,,,,,,,,,,,,,,,,,,,,,,,,,,,,,,,-1.315871653382383,,,-0.8051766535656487,-0.2744540201775924,,,,,,,,-9.206065641877856,,0.1169602369127309,,,,,,,1.1706,-0.1025115325474116
1992-12-31,-2.37151228388673,,,-0.2863290685286951,0.7804062030796608,-1.1905178484747398,,,,,,,,,-0.0364957758304035,,,,0.6318552605400132,,,-0.0512982789942704,-0.1977828227867311,,0.1456756153702073,,,,-0.0457883523269636,,,,,,,,,,,,,,0.9179458504482224,,-0.8582699760038028,,,,5.085115106291384,,,,,-2.37151228388673,-0.0685387168503743,-0.4771371769383697,-0.4337810127283811,,,,0.934143749016316,,,,,,,,,,,,,,,,,,,,,,,,,,,,,,,,,,,,,,-1.2014224402207234,,,-0.7316147880367389,-0.2559740457523986,,,,,,,,-10.660157872870794,,0.1439522472776629,,,,,,,0.9809,0.1515954735447038
1992-09-30,,,,,,,,,,,,,,,,,,,,,,,,,,,,,,,,,,,,,,,,,,,,,,,,,,,,,,,,,,,,,0.9253264256859556,,,,,,,,,,,,,,,,,,,,,,,,,,,,,,,,,,,,,,-1.204692417739628,,,-0.7337165556232792,-0.2565020450216898,,,,,,,,-10.61861238055671,,0.143181046981522,,,,,,,0.8108,0.3931919092254563
1992-06-30,,,,,,,,,,,,,,,,,,,,,,,,,,,,,,,,,,,,,,,,,,,,,,,,,,,,,,,,,,,,,0.9253264256859556,,,,,,,,,,,,,,,,,,,,,,,,,,,,,,,,,,,,,,-1.204692417739628,,,-0.7337165556232792,-0.2565020450216898,,,,,,,,-10.61861238055671,,0.143181046981522,,,,,,,0.8369,0.0320229418090572
1992-03-31,-2.371300200206994,,,-0.2219878279030029,0.8099429412209794,-1.1976628650712735,,,,,,,,,-0.1498399538227423,,,,0.7717683603853387,,,-0.0507608006277747,-0.2038836062035816,,0.1402239168351176,,,,,,,,,,,,,,,,,,0.9212447448237724,,-0.8556563670508853,,,,5.093315020192288,,,,,-2.371300200206994,-0.1134371575129797,-0.5157800003050749,-0.4688810478284163,,,,0.8944657677981218,,,,,1.8957692165078424,,-0.0380204947037128,-0.228130245048674,-0.1888199635933054,-0.6326463358153123,,-0.1780272654370489,,-0.9970583734335412,,,,4.368857005173527,,0.398514627298252,,,,,-9.064525011473153,,0.015296024275025,-0.5895639491950967,,,-0.998332921709064,,0.2633996259282623,-0.4151793721973094,0.2041575534223168,-0.7165637860082305,-0.7113750171022027,-0.7730553852442265,-0.0333787100854297,,-0.6769688307866916,-0.0294623592264518,0.8213552361396304,,,,,,,-2.1433319484835893,0.1594256279445638,-0.4876607952617454,,-0.8090796718732441,,,,,0.9361,-0.1091763700459353
1991-12-31,-2.335033890972022,,,-0.1808516248800194,0.8857903675591806,-1.2009674352471706,,,,,,,,,-0.1335729653145825,,,,0.5914216582911348,,,-0.1179455964397433,-0.2067052185338749,,0.1645229160200887,,,,-0.0396791658924121,,,,,,,,,,,,,,0.9223243829830432,,-0.8545673633205031,,,,4.068325782579283,,,,,-2.335033890972022,-0.106993399825291,-0.5218814987313968,-0.4744231586336849,,,,0.8944657677981218,,,,,1.0281063443212577,,-0.1185723902624265,-0.5101040617656932,-0.7048760228337133,-0.8713438312729346,,-0.2061649713698842,,-1.0582714118107155,,,,-0.1845739796150314,,0.2536002173716148,,,,,-1.83184947223497,,-0.8453639529671391,-0.8295580416482056,,,-1.0261175598913312,,0.249012251402769,-0.4174215246636771,0.1944135594635931,-0.8194444444444444,-0.7332658366397592,-0.8384549356223175,-0.0387381689944583,,-0.6979865066520944,-0.0315743563036168,0.7757243896874287,,,,,,,-2.1433319484835893,0.1440328086947439,-0.4845759940771817,,-0.7641308012136195,,,,,0.8347,0.0487600335449861
1991-09-30,-2.209692436247646,,,-0.0057590684232176,1.1188024128962504,-1.205254445205091,,,,,,,,,-0.0810988088366479,,,,0.5278831404714687,,,-0.1176768572564954,-0.2103656885839853,,0.2564229770401716,,,,,,,,,,,,,,,,,,0.9223843628807804,,-0.8544947630718109,,,,4.072425739529735,,,,,-2.209692436247646,-0.0862070847037144,-0.5218814987313968,-0.4744231586336849,,,,1.0590560306384764,,,,,1.346990989654789,,0.2519663293076564,,-0.4203382641429404,-0.0038387544978445,,-0.2455577596758536,,-1.095679379707878,,,,0.0845585226807779,,0.2898288198532741,,,,,5.584396512161542,,0.0042619220026895,0.0676506424457244,,,-1.0600765621141022,,0.2346248768772757,-0.4566591928251121,0.1387335939851717,-0.963477366255144,-0.75296757422356,-0.9136644185571224,-0.0462414114670982,,-0.716902414930957,-0.0690623044232956,0.8669860825918321,,,,,,,-2.226422933111757,0.0560738415529155,-0.4298207730511768,,-0.8540285425328689,,,,,0.6477,0.0991199629458081
1991-06-30,-2.318067196593088,,,-0.1133460609448669,0.94996895907612,-1.2095414551630113,,,,,,,,,-0.1970666946528834,,,,0.6222282123855184,,,-0.1375635568168381,-0.2140261586340956,,0.1743359733832501,,,,,,,,,,,,,,,,,,0.923404021142314,,-0.8533331590927364,,,,3.769028925196285,,,,,-2.318067196593088,-0.1321448411223986,-0.5239153315401708,-0.4762705289021078,,,,0.6285891611143172,,,,,1.7734065037635804,,-0.026513081052468,-0.3221215172876804,-0.6341834119788629,-0.8410613131924899,,-0.2793230067952559,,-1.1160837258336025,,,,0.4846203504177918,,0.4709718322615705,,,,,-10.312804038549794,,0.0290886521154442,-0.8092508492098656,,,-1.1681279328229193,,0.2279845501732018,-0.4712331838565022,0.103237615992678,-1.0869341563786008,-0.8361526884662744,-1.0771632945023504,-0.0526727621579325,,-0.7967695832194875,-0.0759262949240819,0.730093543235227,,,,,,,-2.267968425425841,0.0,-0.4197951692013449,,-0.7191819305539948,,,,,0.6886,-0.0551422319474835
1991-03-31,-2.4126565177556456,,,-0.2821099707827481,0.7979094553115533,-1.212131523679255,,,,,,,,,-0.1849976386629584,,,,0.4951511767461861,,,-0.1845929138852161,-0.2162376926227039,,0.1031523667965079,,,,,,,,,,,,,,,,,,0.9244236794038478,,-0.8525345563571228,,,,3.051536458867182,,,,,-2.4126565177556456,-0.127363988644436,-0.5361183283928145,-0.4873547505126452,,,,0.804689260794292,,,,,1.391486521561793,,-0.1358335107392937,-0.209907447369683,-0.2471413675485569,-0.5898945455840964,,-0.3074607127280913,,-1.0990801040621652,,,,0.1282016311611794,,0.5796576397065483,,,,,-4.365121615419917,,0.0483983310920313,-0.5544878895288732,,,-1.2267843912077057,,0.2202375023517823,-0.5284080717488789,0.053821646630579,-1.1898148148148149,-0.8799343275413873,-1.1752626200694871,-0.058032221066961,,-0.8388049349502932,-0.1028542576579357,0.6844626967830253,,,,,,,-2.3095139177399253,-0.0780635833383726,-0.3804639540981583,,-0.6742330598943701,,,,,0.5225,0.1985566247224279
1990-03-31,,,,,,,,,,,,,,,,,,,,,,,,,,,,,,,,,,,,,,,,,,,,,,,,,,,,,,,,,,,,,0.8142280048266093,,,,,,,,,,,,,,,,,,,,,,,,,,,,,,,,,,,,,,,,,,,,,,,,,,,,,,,,,,,0.3649,-0.1167443135105509
1989-03-31,,,,,,,,,,,,,,,,,,,,,,,,,,,,,,,,,,,,,,,,,,,,,,,,,,,,,,,,,,,,,0.8142280048266093,,,,,,,,,,,,,,,,,,,,,,,,,,,,,,,,,,,,,,,,,,,,,,,,,,,,,,,,,,,0.2236,0.4414132379248657
