,totalAssets,intangibleAssets,earningAssets,otherCurrentAssets,totalLiab,totalStockholderEquity,deferredLongTermLiab,otherCurrentLiab,commonStock,capitalStock,retainedEarnings,otherLiab,goodWill,otherAssets,cash,cashAndEquivalents,totalCurrentLiabilities,currentDeferredRevenue,netDebt,shortTermDebt,shortLongTermDebt,shortLongTermDebtTotal,otherStockholderEquity,propertyPlantEquipment,totalCurrentAssets,longTermInvestments,netTangibleAssets,shortTermInvestments,netReceivables,longTermDebt,inventory,accountsPayable,totalPermanentEquity,noncontrollingInterestInConsolidatedEntity,temporaryEquityRedeemableNoncontrollingInterests,accumulatedOtherComprehensiveIncome,additionalPaidInCapital,commonStockTotalEquity,preferredStockTotalEquity,retainedEarningsTotalEquity,treasuryStock,accumulatedAmortization,nonCurrrentAssetsOther,deferredLongTermAssetCharges,nonCurrentAssetsTotal,capitalLeaseObligations,longTermDebtTotal,nonCurrentLiabilitiesOther,nonCurrentLiabilitiesTotal,negativeGoodwill,warrants,preferredStockRedeemable,capitalSurpluse,liabilitiesAndStockholdersEquity,cashAndShortTermInvestments,propertyPlantAndEquipmentGross,propertyPlantAndEquipmentNet,accumulatedDepreciation,netWorkingCapital,netInvestedCapital,commonStockSharesOutstanding,investments,changeToLiabilities,totalCashflowsFromInvestingActivities,netBorrowings,totalCashFromFinancingActivities,changeToOperatingActivities,changeInCash,beginPeriodCashFlow,endPeriodCashFlow,totalCashFromOperatingActivities,issuanceOfCapitalStock,depreciation,otherCashflowsFromInvestingActivities,dividendsPaid,changeToInventory,changeToAccountReceivables,salePurchaseOfStock,otherCashflowsFromFinancingActivities,changeToNetincome,capitalExpenditures,changeReceivables,cashFlowsOtherOperating,exchangeRateChanges,cashAndCashEquivalentsChanges,changeInWorkingCapital,stockBasedCompensation,otherNonCashItems,freeCashFlow,researchDevelopment,effectOfAccountingCharges,incomeBeforeTax,minorityInterest,sellingGeneralAdministrative,sellingAndMarketingExpenses,grossProfit,reconciledDepreciation,ebit,ebitda,depreciationAndAmortization,nonOperatingIncomeNetOther,operatingIncome,otherOperatingExpenses,interestExpense,taxProvision,interestIncome,netInterestIncome,extraordinaryItems,nonRecurring,otherItems,incomeTaxExpense,totalRevenue,totalOperatingExpenses,costOfRevenue,totalOtherIncomeExpenseNet,discontinuedOperations,netIncomeFromContinuingOps,netIncomeApplicableToCommonShares,preferredStockAndOtherAdjustments,adjusted_close,10%DDret
2023-09-30,1.4545288515176784,0.1137451616210812,,1.6514591847427431,1.5728213488955014,0.7473578407345685,,7.270565410010213,0.0,,1.3141212336847474,,0.0008581907626517,,0.5384826641070471,,1.0942192996126583,,2.609006799354688,,,2.749865220192666,-3.431900029128794,,0.8230222379907841,,,,1.1129187956411024,1.9676564726615824,0.9624706520635028,0.9325627585577628,,,,-1.3290229885057472,,,,,,,-13.294698728420892,,2.11232092831511,0.2245407901280491,,-1.256916272391763,2.108167050684037,,,,,1.315928314863525,0.5248806513895086,,7.129825837571624,,-0.0856435234521814,-0.8434366154787545,-0.4722933200108621,0.7616853721908231,,,,-0.3541136514992022,,0.421383930578661,0.4131954004903696,0.5248806513895086,0.5033072166428835,,0.8789624302905782,,-3.500295732995353,1.6045006045006045,-1.1958511858771743,0.1400839566153125,-0.0334401576318978,,-0.544307789340902,,,,,2.4281073623479243,0.6256386072467185,-0.011568263669104,0.5535195444156046,,,-1.767860542540676,,1.0996763967691023,,0.5168749222959798,0.8789624302905782,-1.7754533864127182,-1.4022581495474915,0.91214376820423,,-1.7146186104063053,1.2265975501114552,0.8509973564047104,-1.8318516060293784,,-1.4396767365787957,,,,-1.62408236347359,0.9870371919092962,1.0566679031204855,1.36253019606309,-0.5278923377469069,,-0.3718872707391023,,,54.5526,-0.0861709520500348
2023-06-30,1.46553594847804,0.1261631334751736,,1.6897071151629466,1.5685384030589653,0.790768486749665,0.3421810417442065,2.3194756132135086,0.0,0.0,1.3451324626477417,,0.0028804724016499,-0.0474543713432428,0.4284552823421605,0.0207559297893734,1.0544958495406715,1.76432079500421,2.7542401519787374,1.3965474066422512,0.8161010942659084,2.863926052014189,-3.43825385797253,0.9169534406201564,0.8269033433992737,,0.0056512838367216,,0.985519199122443,1.9665854066844173,1.0057617248212456,0.8664208517925314,,,,-0.9996331621423332,,0.0,,1.070062291988202,,,1.1847181221518444,,2.135480085448464,0.3866541056981243,1.270722820187049,-1.2627557165845995,2.1597782868911644,,,,1.2945628702486136,1.3269235215904756,0.416447933456869,,7.234018018447743,,0.1734247451817043,-0.808883996586374,-0.4731347937530866,0.4452629041330726,,-0.579036801310178,,-0.3684719328019936,,0.5511442830807968,0.2805989327249603,0.416447933456869,0.6769069222691904,,0.8209201643674787,0.7738347457627118,-16.155133079847907,-0.3337103337103337,0.6233522980028564,0.1306593851502117,-0.0374941963830726,,-0.0165668033217702,,,,,0.4128308039633764,0.5663758547512379,0.0303394084906689,0.6119913738555508,,,-0.0153477405528896,,1.0589564254251649,,0.8599096136210764,0.8209201643674787,0.1079697135274373,0.1738950883050698,0.851910373317596,0.5474164764473958,0.0,1.0434117750691794,1.026676279740447,-0.242170715945016,2.3081326019556405,-1.7209928805079853,,,,-0.2660698299015219,0.9607428027542484,1.0171946087453232,1.0908906738350153,0.7310614282613415,,0.6527469250268594,0.061413913869872,,69.7099,-0.0852447069928375
2023-03-31,1.4447857469230747,0.1352214759939504,,1.5450723043068215,1.5602946362454329,0.7452691566186321,0.3150474474104712,7.229514860244363,0.0,0.0,1.3170601561835469,,0.0015253244577059,-0.2433755686710218,0.2909618422734206,-0.114109604751833,1.038550076240508,,2.829277162753585,1.7252167652674744,0.997614396597922,2.8976967180745765,-3.452445208313351,0.9273364053893802,0.795360040274716,,-0.0816343782214717,,0.9655562312056624,1.9657891865645352,0.9882679596122116,0.8267192512802631,,,,-1.229854487649792,,0.0,,1.0385919501048015,,,-15.637996426967796,,2.1367177764660688,0.4646318436725469,1.2699043522631153,-1.2752922131108049,2.164323935201088,,,,1.2451875926308706,1.306195735095603,0.2809472320367445,,7.271039906509179,,0.0,-0.8013690390855056,-0.4750766562351432,-0.5190314199233922,,-0.201791302850375,,3.825872638607606,,-0.6480309852460385,0.3927886821644443,0.2809472320367445,-4.646688744693645,,1.632998238919871,0.1345338983050847,-16.092099704267003,-1.051415051415051,,-0.0081764854506655,78.8225282253955,,1.4600651739724588,,,,,-6.8031857519127055,1.5499489114202625,-0.2025537487722361,-4.796902508210764,,,-0.5579469956212076,,1.9562017024928573,,1.5454986924472225,1.632998238919871,-0.3713371321520568,-0.0421931288990422,1.6689828475699138,,-0.4272391562871628,1.7167835460246916,2.090002403268445,-0.6915794805512375,4.418554734080611,-3.4237059842216664,,,,-0.6499850790808713,1.5433945432750704,1.886969949431804,1.662235815010779,-13.193835467766442,,0.3261440582380987,-0.5399271396138752,,119.0986,-0.0406033320290919
2022-12-31,1.4169650031264274,0.1493152572351388,,1.3691318243738866,1.51195806366333,0.7672905270725092,,6.390748767766199,0.0,0.0,1.3360227323008511,,0.0014188336331432,-0.1547637653196634,0.4072949154754556,0.0,1.1822949646715473,,2.363428787781919,2.805130372178921,1.5940152471173958,2.458023990169452,-3.458135056379967,5.890973150331831,0.7562178295373659,,,,0.8228634868189115,0.9724912611510378,0.9540539815183164,1.006238380685012,,,,-1.2539435069699192,,,,,,,-15.073075196086862,,2.132540920632244,0.5011745583781795,0.2488519189477036,-1.261300673559652,1.819335358244778,,,,1.1720768226017126,1.2784050441947012,0.3955942509007252,,7.210444975762743,,-1.147818975726849,-0.0137054046576843,-0.4725198706337687,-0.5982910561701443,,-2.554889181367217,,-0.0841888996736576,,0.904584197781446,0.1880449461773459,0.3955942509007252,0.8996795993645836,,0.7532653360727913,0.763771186440678,55.84993662864385,0.4071344071344071,,-0.7785438793557441,20.622249651782983,,1.5578681803847367,,,,,0.8188260378778377,0.6323980193350625,-0.0355778675106406,0.5033295023609982,,,0.1036948806693645,,0.9004091802092234,,0.7365225365567529,0.7532653360727913,0.0658184372804621,0.2215710394517177,1.2127015553313407,,-0.0227827502034174,0.861199741550601,0.4351117519826964,-0.5615600929208949,1.134032911996184,-0.7737156051568213,,,,-0.5388839152491793,0.7916321190905724,0.8851934852709907,0.8753609905286703,-2.008248317777296,,0.8158839520239192,0.361781735625913,,142.2993,-0.0425460006717124
2022-09-30,1.4362641618324763,0.1569605367716798,,1.8324819239232943,1.5297554621529117,0.7870501584811946,,7.064076157684937,0.0,0.0,1.3288295851262155,1.0389691380846062,0.0008707190949532,-0.1327699429126754,0.1949897080456707,-0.2082474281797353,1.209232967922519,,2.4057352378279595,2.805130372178921,1.5940152471173958,2.435012803551485,-3.3664660684940766,5.875240461151583,0.7854574452009998,,-0.0176645005720295,,1.0742235590883082,0.9718799373351446,0.9578986418840024,0.9956272271202348,,,,-1.5338102225483004,,0.0,,1.051786019251581,-3.319877241205018,,-15.676287103646594,,2.1315711929992225,0.3929858042187064,0.2482235136588255,-1.138961426905769,1.821250571224929,,,,1.123163324991974,1.2976833553055598,0.1863660542136792,,7.190764203986477,,-1.056389472100813,0.0,-0.4478905814863511,-1.3698872311359922,-0.6909075596213271,-0.4250627764315574,0.5264679438412062,-0.1264669292768714,-0.208803810868031,-0.7323540179976491,0.3174474557159527,0.1863660542136792,0.3201134415695144,,0.67830936307602,0.926906779661017,14.346092099704268,-1.1527241527241527,1.950153356278242,-0.7854479258941318,8.59117623744437,0.6396587231538687,2.823714916430148,,,,,-0.4276558384547849,0.6731116874950877,-0.2252537378587798,-0.3117808856002789,,,0.2993688095249718,,1.0148378255134314,,0.9274539328063452,0.67830936307602,0.5362058647516457,0.3453914418768122,0.0284414323516533,-7.514422079269558,0.4124197765056499,0.9674260895902952,-0.03436673876472,-0.0110911218626098,0.2022418316241354,-0.0219357321531652,,,,-0.0686660698299015,0.9251199706893188,0.9910086500413008,0.983998356942964,-12.928152810939874,,0.848658176159543,0.4221256225691205,,151.5104,-0.0006395600566034
2022-06-30,1.437263803106686,0.1707210786701186,,1.6097008278319187,1.5126513834229665,0.8282142273633304,,7.0261407769477495,0.0,0.0,1.3206363233930027,0.9971910223231496,0.0034338070782989,-0.2361011261178061,0.3291712325600998,-0.076630508709649,1.171680918846256,,2.330857645309325,1.4756784674617336,0.8598025826749874,2.4003717420083315,-3.2737338619224365,0.7686787553406684,0.790676575160205,,0.0469911916290507,,1.2191469459214497,0.971325248423176,0.9251227169250328,0.9913151475948324,,,,-0.509446074834923,,0.0,,1.0426009974147308,-3.22424373601104,,-15.463280884277705,,2.124655676420159,0.572679084774408,0.2476533257536582,-1.1506403152914422,1.837680898805785,,,,1.075059041872452,1.29868191673391,0.318602840785001,,7.150899431780917,,-0.7984906875591893,-1.0258279517090194,-0.4350095603553757,-0.6980955187099884,0.34285897623569,-0.248779176324016,0.6302095580607234,-0.9978614910192388,0.5039843566219713,1.209555068823987,0.0504503795775478,0.318602840785001,2.015741812731662,,0.5527223363663046,0.4020127118644068,14.375158428390368,-0.4868504868504869,0.6223221184238252,-2.31068209422745,10.558993058307948,-0.1214474845542806,1.727572795122464,,,,,1.7280070237050045,0.8964866776703607,0.1918585616064607,1.5391469414636036,,,0.722564205202806,,0.9864262687092668,,0.9399248303262984,0.5527223363663046,0.7910285431790388,0.6800808364818557,0.5465171619486379,-0.4465656775264577,0.6481817612818427,0.9670798125243816,-0.2545061283345349,0.3356505335964928,-0.2346768423563081,0.3305753319222628,,,,0.2275440167114294,0.944303333691752,0.946885025201141,1.0094503722725745,-4.739743868026916,,1.1042145388782896,0.8926558842681404,,166.2632,0.0394019843236506
2022-03-31,1.4142465700828126,0.1833104765322601,,1.6141281567641204,1.4538722835975997,0.8882716073587557,,6.72043065845519,0.0,0.0,1.2990160691133712,1.0097557702453612,0.0049152823729496,-0.2597316980992677,0.0523135823886579,-0.3481965918880641,1.0642275895721485,,2.360647271332363,18.49001471186653,,2.344432289636398,-3.0066536112095243,0.6864443779277158,0.7589803332763079,,0.1478517790464073,,1.265891297631374,0.9706373009137376,0.9077111650064904,0.932480068954168,,,,-1.129279775006114,,0.0,,1.018363701677956,-2.971895092025308,,0.4710288230966916,,2.1199255605213105,0.7122877809539597,0.2469461557691715,-1.1170008768802335,1.8603136997814904,,,,1.0176707816396269,1.2756895476931664,0.045757781609796,,7.109651377022007,,-0.4513339957585015,0.0028778896306073,-0.4042634043894798,-1.1714033161010369,-0.681980151958435,-0.3729789854906929,0.9589805657376028,-1.6377346256828094,-0.4921047988708539,-6.042341364404221,1.26377427264026,0.045757781609796,-1.7395241556949643,,1.3771646609920751,0.4009533898305085,25.1893536121673,-1.3032513032513031,-4.072838378871953,-3.074985616569712,14.022659585310338,1.2066490144160047,2.5052875013139912,,,,,-4.02709143358836,1.6213157274227776,1.802029902870239,-2.222256657928606,,,0.6480319842226789,,1.7669200967753371,,1.6217033571324586,1.3771646609920751,0.8075560065568652,0.8989192513838854,1.4343315121171163,,0.66347297316816,1.5808285741933328,0.0652487382840663,0.2300490803975337,0.3999523014548056,-0.1814508370213584,,,,0.137332139659803,1.5088397988076605,1.7034833629805726,1.5515236699411377,-8.743216843933146,,1.068955101759913,0.8277362242832755,,197.0666,-0.035417468003203
2021-12-31,1.4468195174352372,0.1978848914408756,,2.267041286807084,1.4475605615866574,1.0025668071757672,,2.4238406071847,0.0,0.0,1.2799221648217078,0.9863761293471726,0.0048359362683735,-0.0272109616756223,1.3104472173655315,0.885890395248167,1.1116800383979482,0.1861236360292321,1.8554690840673904,5.644911885310044,,2.2208030458751864,-2.6563648185042523,0.6108027827718283,0.8140119963393286,,1.297244491693692,,0.9667390699588442,0.7160300931227737,0.8670016575150591,0.9241781142208196,,,,-0.5656334067009049,,0.0,,0.9969585600408062,-2.641015600075567,,1.2527776981647607,,2.107760397635176,0.7410715368722379,-0.0147752295305966,21.41685537257774,1.7703341889522588,,,,0.942712891578452,1.3082273086609972,1.2856568628633216,0.742372039283651,6.9774143348617015,,-0.2607356309176001,-1.118590914342411,-0.3682418553473301,-0.7537299440173573,0.5407939617677551,-1.590994635228956,0.9589805657376028,-0.2443954464406031,-1.4874735356386732,-0.139754764366967,1.272210203359163,1.2856568628633216,0.434766610125378,1.995735607675906,0.6292559436454359,1.19385593220339,26.22509505703422,-2.495547495547496,2.844255578188289,-1.032203663284658,-0.0559072327222077,1.4946749043836425,1.824198465258068,,,,,-0.0652452025586353,1.0645288060991904,-2.052384590199716,0.0028409457766758,,,-0.163914259632611,,0.9262143067592364,,0.6984935249306375,0.6292559436454359,-0.1665964145395883,-0.1038045865916879,0.653010717889166,,-0.2109378385274986,0.8115319809434791,-0.3148281663061764,-0.6447697063909315,-0.3544001907941808,0.4271695208774292,,,,-0.6099970158161743,0.7304858962258516,0.88909483284764,0.7931019547628395,-1.2116344692858694,,0.6245149055427897,0.009433132116647,,226.7619,-0.1380690495184596
2021-09-30,1.390748884046794,0.2096251698238958,,1.509430996541968,1.354049968797089,1.0382464464268208,0.1809605896855402,7.364013649359033,0.0,0.0,1.2722901795013692,1.0137449132506122,0.0056899509202582,-0.27123441038654,1.3191946987597991,0.8944706864499679,1.028064196941055,,1.700350138951277,-0.0902901680909005,,2.065043823055216,-2.534144220447281,5.318617460387064,0.7851394336981091,,0.4054506018906226,,1.2213792976723972,0.7155003901978307,0.7961467106360557,0.854453262858437,,,,-0.5411469797016385,,0.0,,0.9884027547817515,-2.5200283751474744,,0.4323560039360675,,2.0066543459725854,0.0,-0.0153197332958915,-0.6661977124025554,1.6695373038066967,,,,0.8970890267876384,1.2522172446416526,1.2942775640690674,,6.494457926149407,,-0.0258578864964841,-1.1187073628603563,-0.3519625748727558,0.2445289690086518,-1.3035940235296948,-0.0014268568908226,0.9589805657376028,-1.782739205412088,1.57136556104446,-2.7273182732020014,1.808842386815089,1.2942775640690674,0.0887967475296841,-0.0042643923240938,0.4175594364543586,1.0757415254237288,9.66894803548796,-0.0215670215670215,-0.1407131652267566,-2.6578691823210137,-0.05570339837159,0.6663136216534274,0.258088930936613,,,,,-1.4053304904051174,1.4738662265189029,0.1510422350758485,-0.0083764855778957,,,1.031637629301297,,0.9111649838565145,,0.9329859277355268,0.4175594364543586,0.4777560950225067,0.389482470784641,0.4333225456414551,0.5997094832952895,0.9131395611961424,0.9048428019282164,-0.4491708723864455,0.5538399734511729,-0.6210350584307178,0.6422936309409275,,,,0.4139361384661295,0.9091010461842352,0.8739279293585885,0.9522619278815322,0.7857607987844585,,1.2985276068928338,1.2504250189190615,,196.6409,-0.0060404524185964
2021-06-30,1.3864258262861653,0.2202760118940811,,1.5904196793461176,1.3234161763967,1.093158709930399,0.1313555883283008,6.596548037477669,0.0,0.0,1.229126043326579,0.984581541266974,0.0052493712343226,-0.3710306691634675,1.8756454564488545,1.440286027487871,1.007303448738312,,1.4777034471706996,-0.0902901680909005,,2.011166682007458,-2.232158967474498,0.4881728384234518,0.8004611166791914,,2.6280810015757976,,1.0027968495807718,0.71444598154535,0.7885582880339235,0.8774507487686174,,,,-0.5856872095866961,,0.0,,0.858805883741252,-1.7370131779289395,,0.0968349048942898,,1.9663399106164088,-0.2555038471335519,-0.0164036039985068,-0.675554313576226,1.6261281374088203,,,,0.7427269648739341,1.2478988567922649,1.8426634938627413,6.255504332755633,6.295308167925732,,0.2209498668440666,0.0901780252491879,-0.2917001091795998,0.3447887927570782,-0.2861663281123104,0.0248821349434089,0.9589805657376028,-3.090881749241757,1.0647200658668547,-1.0098209869802874,1.994883897782848,1.8426634938627413,2.7583533022804985,0.0,0.3673686527737012,0.9459745762711864,9.985128855090831,0.8757978757978758,1.6298143335440518,-4.672231303823709,-0.0591912305932712,0.6979111503383348,0.1436770734783979,,,,,2.2243948325598897,1.6768057847991826,0.0377605587689621,2.575773619666232,,,1.181444073985482,,0.8893232939312474,,0.9474311715056568,0.3673686527737012,1.2530169385684178,1.03196555662947,0.3812370309733671,0.3228885660925503,1.0646072960650166,0.9156528949934324,-0.4829367940398942,0.7795399367718722,-0.68805151442881,0.696363286511449,,,,0.6067442554461355,0.9315507978797544,0.8527549415686688,0.9821457263052592,0.4962014326025613,,1.366454212818346,1.3754914556238012,,192.1743,0.0170615946044815
2021-03-31,1.391482305423538,0.2319105508702673,,1.1766871004925077,1.2834466326917289,1.1977246675162565,0.1313555883283008,6.340489341134919,0.0,,1.1566866346104696,0.9645463599727916,0.0056565420341209,-0.3206892534319172,2.06855773963123,,0.9675822276493832,,1.372546349612539,,,1.963911672673612,-1.697786105458977,0.4881728384234518,0.822920868664346,,2.6280810015757976,,1.0044138516913357,0.71444598154535,0.8050488472643528,0.8491652016078444,,,,-0.5301418439716312,,0.0,,0.858805883741252,-1.7370131779289395,,0.2660858100942936,,1.938660979471756,-0.4794421959591957,-0.0164036039985068,-0.675554313576226,1.5892805104674013,,,,0.7427269648739341,1.2529498737521536,2.03277983447289,6.091056036972848,6.125581783599754,,0.6357120611521537,0.1633007369030663,-0.2628310869463586,0.0,-0.0734325401201951,-0.0655932438677662,,-1.1920966957595027,-0.9776523171018584,0.4827506471317451,1.8762485413470744,2.03277983447289,1.7146280390942623,,1.0716172585852657,0.2748940677966102,4.631685678073511,1.0813800813800811,-2.4347591955234016,-2.090860661850881,-0.0533932757312557,1.199058546631362,0.6564490696941028,,,,,0.3274802458296751,1.50844926511043,0.8438284404670959,1.4696126413478134,,,1.2596374926165848,,1.5946585295185562,,1.5758109643161886,1.0716172585852657,1.366398667811516,1.2963447851682628,1.1120714272116354,,1.1339473570180212,1.5003786049373555,-0.1362653208363374,0.8066127539168253,0.0,0.1412353280738887,,,,0.6298716800954939,1.4739218567679395,1.536495731864126,1.5204425076738868,2.099413935315824,,1.4217712304098309,1.4773411238802556,,171.0198,0.1428682526818532
2020-12-31,1.386580597394392,0.2458040680833611,,1.1479749554647385,1.2630680091979325,1.2280197366271282,0.0896645519850675,2.5278366995603925,0.0,,1.1145872668647097,0.9208184058426736,0.0046751560038378,-0.2695635618625983,1.9455410141857663,,0.9495616426193448,-0.2056366442223965,1.3921166011695654,4.047171878423639,,1.945527325200876,-1.4607605411372546,0.48552657417452,0.8126279637651425,,3.604762112853268,,0.9106978107654564,0.713804674545026,0.825956502374843,0.8095662502586596,,,,-0.6919479090242113,,0.0,,0.8116105634093119,-1.5072508010224062,,0.4379734984188855,,1.9442193458320447,-0.565506394368589,-0.0170628302552318,-0.6921283135954981,1.5669980462325197,,,,0.6713709588751918,1.248053460711576,1.9115460317843136,6.090212593876372,6.124711269579112,,0.6522183121717446,0.1843786510318052,-0.2037013743677356,-0.1246886132911901,0.0353567052812474,-0.0983125484331811,,-1.994910543923412,-0.8021347918136909,-3.094349560335802,2.487802383668332,1.9115460317843136,0.193739174138194,,0.3347886703845025,0.4438559322033898,-0.946514575411914,-1.8762918762918763,1.5027744609117089,-3.767728148601383,24.937739930016875,-0.1713445130920859,0.8271628298118364,,,,,-0.3266775366863163,0.5784799182582724,0.4345738295318127,-0.0242255194411084,,,0.2341994913376063,,7.704634726893299,,0.7231016575795025,0.3347886703845025,0.2535529362787188,0.1803795800017573,0.3474271354870643,,0.1681070384832042,0.74973324081921,-0.3638548425859168,-0.2796884006078284,-0.4517052229906987,0.5056763517413893,,,,-0.2981199641897941,0.7051225990928025,0.8232388532503132,0.7324331914287191,-0.7753418710657695,,0.8564120406657312,0.4364161137607574,,146.6037,0.0007619180143474
2020-09-30,1.4091977360605554,0.254115826305401,,1.3052630200146704,1.246627197762594,1.3342325915759894,0.0904621050363376,6.79815959092912,0.0,,1.076256411593005,0.9884838493651183,0.002386647303433,-0.2917847105993743,2.5796803919915816,,0.914259380443014,,1.1978870438624387,,,1.9449224597240609,-1.021931539900962,0.4517562005136193,0.8549323413464185,,2.8472761198752257,,1.0697571462818567,0.7119523800401941,0.767888439962046,0.7634087505967501,,,,-1.0574101247248715,,0.0,,0.7686399182426149,-1.10519322749787,,0.3632646432222254,,1.92818745256767,-0.5638931455118122,-0.0189668811577725,-0.4470836505198647,1.5815480781163638,,,,0.6212524353398041,1.2706461675898848,2.536494614406513,6.008726747544772,6.040610075305425,,1.2080961349821928,0.2583637408610342,-0.1603978410178738,0.4922186805239332,0.8858587215679512,0.0635689345842346,-1.816128362957328,-2.5011688562785257,-0.1310868031051517,-1.0400226094664295,2.680008915811142,2.536494614406513,1.993529163637669,,0.3538670384502494,0.4465042372881356,1.9357836924376848,0.1766311766311766,-3.1136007117604363,-1.2078245860768395,7.7790095915386095,2.809120329508679,-0.1154210028382213,,,,,1.1017182992600023,0.6955906625795802,10.18574702608316,1.8951777097672573,,,0.788700079570029,,0.7116581517573233,,0.8182591961711709,0.3538670384502494,0.7713891707647074,0.6221245936209472,0.3672257229339983,-19.80203361693297,1.179031396093423,0.812056169785113,-0.0480653689017063,0.4649014025465914,0.1750536608633436,0.0,,,,0.337958818263205,0.8459389174960076,0.6805291706318121,0.9168886982545312,-20.554807901020187,,1.8933499523986128,0.9359356575913834,,142.65,0.0284991237294075
2020-06-30,1.4020456459243085,0.2639960523954782,,1.2315047678926965,1.2452295233538175,1.3153350978662222,0.0774661879482737,6.838615799235554,0.0,,1.0236164425298817,0.9106113572164412,0.0013405315562589,-0.3159267668228588,2.778985379170825,,0.8357512536636588,,1.3321246883248543,,,2.1442565986963578,-0.881279458395552,4.949496008678526,0.8443593436449869,,0.8832407889637347,,0.8976165029936333,1.0592042962571824,0.764904641076138,0.6749141738941997,,,,-1.2171374419173393,,0.0,,0.7096281008395443,-0.9661612604170446,,0.2820975800827338,,1.9280595609523008,-0.4567394582880155,0.3379878702368762,-0.6875030112645384,1.70106761048083,,,,0.5694539121562487,1.2635018033800474,2.732911007405442,6.00106874638937,6.03270628499198,,1.5672124965307423,0.3214667533072935,-0.1595240029009483,0.3588246323627889,-0.8153378157529041,0.0285652532231678,-3.519455010719967,-3.5547761010391787,1.7910638673253352,-1.875532318048392,3.042767048210937,2.732911007405442,2.678253143426402,,0.3154167889638978,0.1239406779661017,1.97482044782425,2.4972114972114974,0.7874786354803213,0.1277492138580165,-0.0795746656550443,-0.0015887025595763,0.0782087669504888,,,,,2.13804088799699,0.5289632948204039,-0.0181163374440685,2.512343048506997,,,1.3256952614339204,,0.5952465656124806,,0.7507680079398897,0.3154167889638978,1.460036947414982,1.1942975133995255,0.3273239543871004,1.1421456733762192,1.2371341495707773,0.7716294071675881,0.1318192742129295,0.9021885316053307,0.5320772716432148,-0.2880507985376178,,,,0.7115189495672933,0.8136430070528827,0.5909569797028007,0.9046062880463408,1.3531582374647275,,1.4525878713959632,1.534080709596804,,132.167,0.0265807652439717
2020-03-31,1.426154431495224,0.2728877752428802,,1.0423739914073142,1.3230365292408135,1.2162650720517596,0.0639749484388948,2.542961664975868,0.0,,0.9539017903666944,0.8642915126772386,0.0,-0.3023553849345158,3.155140674836784,,0.9819316775828016,0.8617507680193578,1.5954753445551608,7.735170751557266,4.316714782097602,2.5306833495295327,-0.894544916565294,0.4509726165033088,0.888969431017889,,2.604845451738547,,0.7011473279510182,1.0604602585383365,0.8218132243135275,0.6725247294868683,,,,-1.449345805820494,,0.0,,0.6314747812804218,-0.96435716153441,,0.327725392412561,,1.9118679202855773,-0.6396713662479228,0.3392789263344622,-0.8106709579193848,1.6649322961154378,,,,0.521903765046332,1.2875845458363495,3.1036145579177403,5.908583477758521,5.937252633901155,,1.1074272833011654,0.4354486133380059,-0.1563522941802559,-0.3438780703399137,-1.7462426482236424,-0.1558296417218578,6.842534061830002,7.819302826542509,0.5935515172900494,10.964447898668482,0.7845153338840157,3.1036145579177403,-1.1485510172944544,,1.1202670971529205,0.0,2.679340937896071,-1.1127881127881127,1.3677741097141252,-0.2901343366727244,45.05317811725005,-0.0263018534863195,1.174434983706507,,,,,-1.6439608679292612,1.123162776074825,0.0013096147549929,-1.3828949237464327,,,-0.5522257640919498,,1.2164180655446302,,0.9123264875870152,1.1202670971529205,-0.5541279629485077,-0.3133819523767683,1.1625578252013171,,-0.5386878252873121,1.1022172580497485,-0.0098534006248497,-0.703840846767855,0.2508943477223944,-0.0611891475851452,,,,-0.6604595643091614,0.9701540801981656,1.208249240647491,1.0729399962835615,-2.5999565878011723,,0.3333091184376039,-0.526734833952236,,86.4379,0.435654961538862
2019-12-31,1.2861558942605826,0.2916709389659327,,1.2583962066436132,1.1267331233104292,1.2225661536450674,0.0660681753945089,2.687557427389577,0.0,,0.9433409847148148,0.8380279003187894,0.0032657186199206,-0.2682109702003597,0.8134885782419656,,0.8506642648135893,-0.2541001744388214,1.5028151437379762,3.0688484051710647,,1.705444086209873,-0.864501556072221,0.4294955511112213,0.6674099574634336,,2.6222324744174696,,0.807233605953166,0.2379648746994394,0.7899351907874912,0.720500993089919,,,,-0.930698214722426,,0.0,,0.6196356342244894,-0.9196162599103456,,0.4425209939525952,,1.9364179572945068,-0.5547514019900779,-0.5061984390892061,-0.914056101062856,1.3839924916202158,,,,0.4579582286998473,1.1477372396929697,0.7959008123610726,5.988419410745234,6.019650959652272,,,,-0.150591435483488,-6.217957303190207,-0.700123724405391,-1.6972357283559691,-0.0613182101113493,0.4124685814947689,-0.3994942366501999,-2.090386480566778,1.191131390210964,0.7959008123610726,0.174829254283227,,0.3948121514528911,4.575211864406779,9.058048162230673,-0.244985244985245,-0.2161738193907892,-0.0014672620950189,2.627594641421405,0.6877905266254781,10.39217912330495,,,,,-0.3549479493289853,0.4300872435746286,0.2623594892502455,-2.0007231498340627,,,0.0320623282288102,,0.5005152956623474,,0.3938448852424525,0.3948121514528911,0.0228657663986678,0.0,0.4097165375316491,,-0.0792389059272704,0.5528760306407471,-0.5394136024993992,-0.4409026601226136,-0.8001430956355832,0.7868000769674812,,,,-0.4358400477469412,0.5039963680242769,0.5169143327119462,0.5960846062601032,0.7536357716518342,,0.7333825278057099,0.2098801499445627,,147.9307,-0.1153844333867142
2019-09-30,1.2620783687159172,-0.0211318602445464,,1.0651393691711202,1.1155611194355397,1.1733479724210043,0.0221216030536487,6.386977773678871,0.0,,0.9062668390500488,0.8007336233970079,0.0023626346665218,-0.302332652301537,1.2351215320736453,,0.8455416902489978,-0.3443600509234912,1.357775251810269,,,1.6887979846866386,-0.8618088237948625,4.798515956706507,0.7005521657992658,,0.7928947511068669,,0.8617142700863584,0.2376583799252586,0.7759810134860372,0.7125786773247998,,,,-1.0619344583027637,,0.0,,0.578073818112468,-0.9045353944933696,,0.3278018209089259,,1.808606918327384,-0.6333437109575583,-0.5065134978716409,-0.8993033138363992,1.3643253318924131,,,,0.4133106987830997,1.1236857234947937,1.211422898050896,5.8180739456961295,5.843838132091559,,,,-0.1151848095606563,0.3386548094179412,-0.1558406140901443,-0.6997081269340325,0.0140811951033958,-2.095223215419138,-0.4064484827099506,-2.3335924001361708,1.6473927808152722,1.211422898050896,0.6955655475081446,,0.3031626063985911,4.577860169491525,-0.2671736375158428,0.0,-0.3933178806396478,-3.9915556326730655,0.4381192883916337,0.0,0.1062545989698307,,,,,0.2025210084033613,0.3063742827949383,0.2339845028920659,0.6047426576617294,,,0.4294340764750965,,0.576084657637073,,0.5705733148720978,0.3031626063985911,-0.1332500715530924,-0.153747473859942,0.3146071693731082,-1.456733762191326,0.3655254428240596,0.6859219279735024,-0.4664744051910598,0.0110911218626098,-0.6553780109706654,0.670001924187031,,,,-0.0497165025365562,0.6628889340230901,0.6045358498526329,0.7586229058357865,-1.3653136531365313,,0.9456732441970276,0.6007497228137484,,152.7126,-0.0773276075451536
2019-06-30,1.2894553560529731,-0.0091849093845325,,0.8853086031646232,1.1025972373332382,1.2864662941541678,0.0097917127241893,-0.7392583028477153,0.0,,0.8579865612889396,0.8055963781949654,0.0034661719367444,-0.2998206963573797,1.7082332915491771,,0.8115467266362175,1.2006448776198153,1.614780729321916,6.938241462422137,,2.098990943560452,-0.3939657030568953,4.830137670562979,0.734887043666607,,0.9914237362040116,,0.8475595190529769,0.2373502194186094,0.7704910681374919,0.6781317363513274,,,,-0.8974382489606261,,0.0,,0.5239494144299429,-0.4794799390960239,,0.336247169757244,,1.8204689827697669,1.322407177542282,-0.5068302689300672,-0.839039478882604,1.3854456325534994,,,,0.3724805502658533,1.1510331372966385,1.6776776897485473,5.856400924321202,5.883395243177495,,,,-0.0716870899625888,0.755203171456888,-0.5308960093364803,-0.2944877987920918,-0.197558614012034,0.2241938602333025,0.4303987297106563,2.604289375477721,1.0956902542317324,1.6776776897485473,1.3348770002602697,,0.195443205165835,4.499470338983051,-0.2421630756231516,1.0706420706420707,0.3566996792395401,-0.0050349616289653,-0.0562243083787242,-0.0972639011473962,-0.2169242089771891,,,,,1.1390819014172833,0.2793366344415625,0.2475171886936593,1.2841591446170535,,,0.4828387462106604,,0.5837572450081114,,0.5652857223312587,0.195443205165835,0.5121328025394843,0.3653106053949565,0.2028212987111881,1.5555094417929032,0.3505423661898594,0.7047510688809306,-0.4385964912280701,0.1619653118613871,-0.6000476985451944,0.6253607850683086,,,,0.0791703968964488,0.6789301601334911,0.6023268243718084,0.790237782208319,1.7855437377903192,,0.9544747215605608,0.616954999032048,,140.0181,-0.0451547349852177
2019-03-31,1.2577816441295753,0.0,,0.8767945090642356,1.087956991165984,1.2215947456131753,0.0,6.117454169100393,0.0,,0.8093013886641157,0.778053924477313,0.0022216909281301,-0.3387616966500624,1.1361556219630575,,0.7842312822540815,-0.3897946105013894,1.434560881582957,-0.0893041600150248,-0.0044859716147769,1.7363753627178056,-0.3897751207535403,0.2958763653141104,0.6892245859546479,,2.8306608773602635,,0.7986016179422281,0.2370437246444285,0.7905511110174982,0.6614239557077009,,,,-1.0978845683541207,,0.0,,0.4693711050519885,-0.4640324988020633,,0.2053251554842222,,1.8177509345925733,-0.405095278720075,-0.507145327712502,-0.9061834510537016,1.391947230673902,,,,0.331197417550279,1.1193936403737188,1.1138913341452925,5.84041709994223,5.866898406243851,,,,-0.0686124743659992,0.2554040661077331,-0.0185125398795642,0.0014268568908226,-2.5555225119302856,-3.4301059099013944,0.0507674664784756,-4.712776275475794,2.037611611532864,1.1138913341452925,0.589276899742423,,0.8012914587613736,0.2552966101694915,0.5044359949302915,-0.6427466427466427,-2.822879351923392,-1.489879848890269,-0.0606180710475953,0.3759929390997352,0.2539682539682539,,,,,-0.4326351436096827,0.6790851214336241,2.196660482374768,0.4725439808537472,,,0.7225056260403904,,1.2278389245663386,,1.1926007708238804,0.8012914587613736,0.8328675877501106,0.7811791582461998,0.8315406727712311,,0.7084414615240177,1.2103867498252343,0.3147080028839221,0.4018828707665974,,-0.5809120646526842,,,,0.2841241420471501,1.1725841586918515,1.21385239111602,1.243777410480636,-0.9715650097677448,,1.0896703078223031,0.8658770524981961,,155.6841,-0.021690856742403
2018-12-31,0.9110564759094352,0.0366739509369152,,1.823823745153516,0.6079503326667008,1.2234716857824397,0.0222447340510377,-0.2488514522084567,0.0,,0.7628382887494386,1.1035374699202567,0.0011745311532643,-0.3144605119957263,2.112863447383233,,0.6308300677183628,-0.3441071577392499,-0.321046780124861,4.67992299746455,-0.0032153784984528,0.2473543497929417,-0.2160245177379491,0.307042914093645,0.7652177067439736,,0.851091560302131,,0.6969885899647584,0.7350194432622371,0.7662832424514101,0.6189935982767976,,,,-1.2249021765712889,,0.0,,0.4172838410025427,-0.2960198475899265,,0.2870272180982679,,0.7208442252016752,,0.0047447167724282,0.209140753731559,0.4424729758414592,,,,0.2803444439069227,0.7730430162494913,2.076443404708023,0.3742010398613518,0.2252401366587764,,,,-0.0313610790852138,,0.3903996278241549,-0.1910652751883293,0.2428176222422021,-0.360644404039536,-0.4406904257821689,-1.042360633835837,2.230295401801518,2.076443404708023,-0.083986250594581,,0.2404975051364837,0.9623940677966102,0.5044359949302915,-2.1315211315211315,1.0354475427875722,-1.7404833441399317,0.9341388564892932,0.106090026478376,1.4006517397245877,,,,,-0.0072870939420544,0.2878251984594828,1.918367346938776,-0.4080459027966098,0.0,0.0,-0.4578840230216108,0.0,0.6112421253898337,,0.3935771052343553,0.2404975051364837,-1.014201337392345,-0.9124857218170636,0.2495764244512555,,-0.4825783217220908,0.5826827620412642,0.0781062244652727,-2.888355195360942,,,-62345000.0,0.0,0.0,-0.6661295135780364,0.4979892713348705,0.6158962137255855,0.5857232873994571,-0.6168873453440417,0.0,0.4086607760746634,-0.3879973953291917,,145.2151,-0.036136049212513
2018-09-30,0.8994537395358548,0.0560675194176001,,1.4330923189772609,0.566365703751252,1.280367022840898,0.0273015002392659,3.901653567244271,0.0,,0.743023089715529,1.07175589391932,0.0038127891304188,-0.2183014744954066,2.312663318495879,,0.5696377958255234,,-0.3823240026602921,-0.086987823582809,-0.0032067350078655,0.2470811847388962,-0.0096808114156558,0.2437155990413965,0.7505125818356658,,0.9410603046382509,0.0,0.8228703240371381,0.7344830774074207,0.7066735109797209,0.558247289980627,0.0,0.0,0.0,-0.8547016385424309,0.0,0.0,0.0,0.3950700949079663,-0.1022581262644018,,0.6103197577216666,,0.7161014606815265,,0.0041933639031673,0.0753442477620282,0.4352567373261538,,,,0.2402267559734542,0.7614528135388909,2.273347509121141,0.2974454072790294,0.1460209758104426,,,,-0.0010680243651311,,0.0580722654800887,0.1301532465387298,-0.08637526799917,-0.5025476575026512,0.0986238532110091,0.7719976619756306,2.0526163972256093,2.273347509121141,0.8853827306749953,,0.267647490460816,-0.0376059322033898,-0.2225602027883396,-0.0741260741260741,-0.5173140408793987,-1.3259117877157895,0.0483200652269922,-0.0656075316269491,-0.5026805424156418,,,,,0.5920732472093315,0.0295527784327595,0.1324893593801157,0.9114959301299518,0.0,0.0,0.2945067390444762,0.0,0.6146529792402475,,0.5599492493127511,0.267647490460816,0.3571722217885671,0.2517792812582374,0.2777513373565078,2.2369786262710107,0.1913616207914261,0.6694004329765118,0.0902427301129536,,,,0.0,0.0,0.0,-0.2285884810504327,0.6333201913159142,0.6355570145447262,0.7137392261704336,2.498372042543955,0.0,1.3611090932031336,0.4905651079706447,,156.5261,-0.0186621448398196
2018-06-30,0.8762130992591629,0.0708950680577273,,1.2115162946662474,0.534643918202825,1.2794850178087116,0.0103178178948517,3.837813096689792,0.0,,0.6979989425051314,1.0407742516080905,0.0029462461462327,-0.2400907032055854,2.1284223807180167,,0.5239380706777093,-0.3686033111764418,-0.3263316613790177,-0.0874573512379879,-0.0034660397254827,0.2468088680235278,0.1510988067812399,0.2497440482886029,0.7134869929693041,,0.931401590507104,0.0,0.7639540145795132,0.7339483772850727,0.6973902036409616,0.5119451853469135,0.0,0.0,0.0,-0.9718146246025924,0.0,0.0,0.0,0.344595962776109,0.0489070939119794,,0.537063043955939,,0.7206315409768483,,0.0036437233098979,0.0203706023492681,0.428217995000136,,,,0.2083023647534314,0.7382372785772977,2.091776837191479,0.3049116117850953,0.1535622506961131,,,,0.0006796518687198,,-0.6674941697129875,0.2366544071778633,-0.0355418770316066,0.5125078363171556,1.0485179957657025,3.281507126478126,1.3626742188831635,2.091776837191479,1.3562280678136471,,0.3121147637217493,-0.0376059322033898,-0.2146176594845796,1.1155181155181155,1.086511671466367,0.1400230743707059,0.1529550318774276,-0.3020888496616652,-1.174434983706507,,,,,1.2603035243948326,-0.297571327517095,0.1414383935392338,1.500682257432732,0.0,0.0,0.3975181961523253,0.0,0.6266679869971894,,0.5697933524675609,0.3121147637217493,0.4646839955246793,0.3531939196907125,0.3238972757905157,1.0043577505706578,0.3194303349526483,0.7027003102173865,0.0636866137947608,,,,0.0,0.0,0.0,0.0267979707549985,0.6744746179854482,0.615012129493453,0.779458713301916,1.2090297373561971,0.0,1.5072319697798102,0.5186251561922529,,123.8385,0.2127290359609713
2018-03-31,0.838734536374311,0.0891479326343851,,0.8953159383841559,0.5089878001079071,1.2212800052282455,0.0007891577559935,3.1655582540024114,0.0,,0.6521916752888665,1.0647854191034165,0.0045404764315968,-0.1569915633515857,1.4129996764220436,,0.4800724270894998,-0.3881737950932974,-0.1081412080416546,-0.0875512567690237,-0.0035179006690061,0.2465357029694823,0.1439210188494799,0.2868565698085653,0.6476854077527437,,0.812723197175743,0.0,0.6891360448316399,0.7334120114302562,0.7214144898546422,0.5039316258812756,0.0,0.0,0.0,-0.7547077525067254,0.0,0.0,0.0,0.2932439172333315,0.0494488240202879,,0.8164474124177199,,0.7392282935604464,,0.0030923704406371,0.1411102652803607,0.4333409423912839,,,,0.1841006944291739,0.7007992012866237,1.3867229946552724,0.3488168688619295,0.1999880751504021,,,,-0.0005825587446169,,-0.8678515066504374,0.189905514661306,-0.1450930216474168,0.2916340356886878,0.2493972006586685,1.0860765510286663,1.120882665303072,1.3867229946552724,0.1354029239923534,,0.8675887877898444,-0.0376059322033898,0.5394169835234474,-0.5858975858975859,0.1801175341246985,0.08171006048651,-0.0842175591968926,0.1791703442188879,-0.874508567223799,,,,,-0.9752288975291608,0.1537373261023343,0.5393430099312452,0.2682197170245828,0.0,0.0,0.6274023558586485,0.0,1.198566707865869,,1.123896071603524,0.8675887877898444,0.7599823068716988,0.735524119145945,0.9003407641493271,,0.6150475924526122,1.1509477273506377,0.6437154530161019,,,,0.0,0.0,0.0,0.1657117278424351,1.1103085188149884,1.1602171576336406,1.1797037746999954,0.1988278706316475,0.0,1.045525278439439,0.7845972439766987,,106.8358,-0.0730369267044419
2017-12-31,0.8161980961454773,0.1121029965907051,,0.6016975793775542,0.508699719056409,1.1525677874718163,-0.0189845610519864,-0.5088041098370343,0.0,,0.598755251359095,0.2638597063664459,0.0054091074711665,18.018180423224795,1.1622784238762465,,0.4800568242080934,-0.4287861414535036,-0.0319376209648291,3.508294988574827,-0.0020052898162393,0.2461726140156578,0.1396129303531592,0.3549978742185608,0.5994973117853154,,0.6727090940394549,0.0,0.6651698856432519,0.7326990779337922,0.7003580354828485,0.5056689222326681,0.0,0.0,0.0,-0.6367693812668134,0.0,0.0,0.0,0.2333392374293716,0.0559846163662545,,1.0866603613157166,,0.7663862888945105,,0.0023595163162779,0.2019040827929117,0.432651326049297,,,,0.1477432151323109,0.6782871056725001,1.1396355295085503,0.4320057770075101,0.2852292850456424,,,,-0.0021684131049631,,-2.425696175371825,-0.8271341790213378,0.0354519676326163,0.5555514326057195,-0.3774847094801223,2.2605997931747672,0.6393370832186078,1.1396355295085503,0.5467183615591036,,0.3104637511006751,-0.0270127118644067,-0.9652724968314322,0.9085839085839086,0.5358806864742104,0.1073414854658861,12.256684068080672,-6.565695792880259,-1.113171449595291,,,,,0.7464442493415276,0.0702664465927847,2.589981447124304,0.7116310902775087,0.0,0.0,-0.4160877906380735,0.0,0.5031926325556831,,0.2765317388379835,0.3104637511006751,-0.9878177607784976,-0.8734557595993322,0.3221839364922233,,-0.4546535644989672,0.5210766873521651,0.0974525354482095,,,,0.0,0.0,0.0,-4.449418084153984,0.4437597320621418,0.4784862961018521,0.5675434760436416,0.0525287605817234,0.0,2.422325624075214,1.4572077224969642,,91.8008,0.1011322069325902
2017-09-30,0.8138065342459109,0.1294795057804209,,0.6130147752279157,0.5486910977555035,1.0561542332451066,0.3324257086328821,-0.5697480197157408,0.0,,0.525999442764454,0.2316650067165485,0.0055291706557224,18.251360406004824,0.6629486925003331,,0.501348070378654,1.1158164570239646,0.1205608865647773,-0.0848123454471468,-0.0020052898162393,0.2461989125146497,0.1328032341102073,0.4014180773403137,0.5845977903382772,,0.4860968531571229,0.0,0.789952536885724,0.7321677092763809,0.7176258840052006,0.516695967843113,0.0,0.0,0.0,-0.622982391782832,0.0,0.0,0.0,0.1517766421578731,0.0598855735895937,,1.451759288450699,,0.7874031443535617,,0.0018133002749915,0.0840070535860547,0.4984238483879927,,,,0.1128766255755757,0.675898127217897,0.6475427517910666,0.4874650491045638,0.3432985326472569,,,,-0.0037866318400103,,-0.9763680369929956,-0.6597139608809259,0.0,0.5392870464945053,-1.0293313338038108,1.264203176886959,0.3611847539629469,0.6475427517910666,-0.0469113199249706,,0.3488406222483123,-0.0270127118644067,-0.2151246303337558,1.2263432263432263,-1.2309943574254876,0.1443700666356167,0.2347831995198568,-0.9745807590467784,-0.7011878482077157,,,,,-0.2958861156402859,0.2442820089601509,-0.1455855069300447,0.0578519867250351,0.0,0.0,0.2659982133355463,0.0,0.5146843982165757,,0.4340947707452466,0.3488406222483123,0.3292587099627924,0.2476583779984184,0.3620095566258638,0.1577090682714256,0.2137784603829543,0.5868866871221816,0.1188416246094688,,,,0.0,0.0,0.0,0.276544315129812,0.55944692018813,0.4896783758448278,0.6668925404372265,0.3234208812676362,0.0,1.4682179493551828,0.2111332077928934,,91.3952,-0.083921901414568
2017-06-30,0.8085720088720711,0.1460757863166799,,0.4708294037514408,0.5655249390850621,1.0025594876319317,0.3592570723366625,-0.6470875560610874,0.0,,0.4890129839114904,0.2356409929176923,0.0050155090313615,18.22996899837177,0.3745238101712244,,0.523978935367107,1.4418647423794375,0.2084252548408765,-0.0837480827620746,9.019707158538903,0.2459868278453597,0.1203192629105505,0.4258369191993335,0.5740470382745677,,0.3787573240910748,0.0,0.7919079812984988,0.7316380063514379,0.742781112549655,0.5229864877855642,0.0,0.0,0.0,-0.6890437759843483,0.0,0.0,0.0,0.1103131269798917,0.0599819089668218,,1.002780086555272,,0.7925216197730743,,0.0012687965096966,0.0985671198820547,0.5046979022132756,,,,0.0737572620403639,0.6706692563530268,0.3632981082424569,0.5175054881571346,0.3738452273770697,,,,-0.0042073687111225,,-1.7829869918927428,-0.422230149204949,-0.3566636696867003,0.1357162247406936,1.079628322747589,1.5862724569167626,0.0172888067235705,0.3632981082424569,0.8381124184414349,,0.3568021719988259,-0.0270127118644067,-0.2158005914659907,1.9578929578929576,1.8069115684484087,0.1430915394988782,0.8905862502406378,-0.7247425713445131,0.0762325239146431,,,,,0.9971779756678792,0.1414760669653383,0.6174833569791554,0.747625012375332,0.0,0.0,0.1874923725048938,0.0,0.6498960239713342,,0.5305380784234133,0.3568021719988259,0.2518877006739,0.1842456726122484,0.3702716594642959,1.163726914297572,0.1188535442775913,0.6661676458323299,0.1917808219178082,,,,0.0,0.0,0.0,0.3035810205908684,0.6243557424642477,0.6206034289669132,0.7173494807464732,1.3757325808552203,0.0,1.4136579658722903,0.0851656957814892,,107.2085,-0.0976069994450066
2017-03-31,0.8070844393620474,0.1590448847760888,,0.322343602640679,0.5880281309855471,0.947870993039898,0.3798143520371184,-0.545352693835586,0.0,,0.455640272330184,0.229099429915678,0.0016526958361043,18.25769144428942,0.0179273064446396,,0.5467531982656283,1.0636055096228731,0.34204349295363,-0.0821516887344664,9.277144882189225,0.2712537470058946,0.1088461281178516,0.441712598162486,0.5691120457789945,,0.2741887532622158,0.0,0.7962171380857412,0.7810802774777146,0.7836961532673158,0.5686580332746224,0.0,0.0,0.0,-1.114269992663243,0.0,0.0,0.0,0.0729007880835712,0.0602096107675427,,0.9097283922310432,,0.7975651403996964,,0.0520925724892041,0.0746119082262929,0.5247997821161532,,,,0.0373162225515764,0.6691832937652236,0.0118698775228011,0.5383027151935298,0.3937048718973032,,,,-0.0042073687111225,,-0.9758867751243762,-0.0223306617839577,0.2047997786845563,0.6558953517212556,0.0,-0.2152138585752182,0.0411281123392203,0.0118698775228011,-0.9316029904059304,,1.078111241561491,0.0646186440677966,0.5346852555978031,-0.9110929110929112,-0.4910678747863548,0.1073049561191222,10.914140441867575,-0.5397469844071786,0.4207715757384631,,,,,-2.02429449391697,0.8975870470800912,0.1233220560951653,-1.020484940835152,0.0,0.0,0.4823798761050715,0.0,1.247712343990112,,1.120495690548322,1.078111241561491,0.6131709728618635,0.6619980669536948,1.1188105617849189,,0.4372824396608586,1.181714314477723,0.7335976928622927,,,,0.0,0.0,0.0,0.5809012235153685,1.1238408143271883,1.2001810832046511,1.205676929718794,2.089429129585413,0.0,0.8255495188245325,0.3795779729325425,,136.264,-0.102792373627664
2016-12-31,0.7877806935869291,0.1813607059547307,,0.1479618568584302,0.5865863170187579,0.8916762408914158,0.4026327645987189,0.0603563999303185,0.0,,0.4140225759193022,0.2283442293599346,0.0018427088760102,18.4121142201144,0.0426470308323567,,0.5528513244152959,0.4371546068229431,0.3090571987721473,-0.0855009860080758,-0.0023856034020778,0.2452631949537422,0.1012521134302853,0.45452257618019,0.5352559547053537,,0.1580453903208929,0.0,0.7248160681465541,0.7304036985923728,0.753822493352444,0.5837128365222464,0.0,0.0,0.0,-1.0875825385179752,0.0,0.0,0.0,0.0262454433893074,0.0641143213172674,,0.8896659119352651,,0.8070773720849612,,0.0,0.0718463628742399,0.511673211474925,,,,0.0,0.649900400540401,0.0362313306348421,0.5529532062391681,0.4097294847868731,,,,-0.0109067942742178,,-1.8013150480560027,-1.4133755533024182,-1.2065218894806002,0.3570118682365991,1.105386967772289,0.1030529202823614,0.0,0.0362313306348421,-0.4256392306794826,,0.4065159964778397,-0.0270127118644067,-0.968990283058724,0.6548756548756549,-0.9529629369483272,0.0711165499249626,-0.0341649019896497,1.6950867902324214,0.0031115315883527,,,,,-0.4960366236046657,0.3338835180381985,-0.9184764815016916,-0.4496356271818248,0.0,0.0,-0.1937408164958921,0.0,0.539910046370497,,0.3487792100702285,0.4065159964778397,-0.1602997424088673,-0.1518320007029259,0.4218622094462106,,-0.2717464046875075,0.5444308623991273,0.1249699591444364,,,,0.0,0.0,0.0,-0.1250671441360787,0.4803224174940164,0.514039281308255,0.5841836200067343,1.7924896896027784,0.0,1.859237536656892,-0.2623677865577867,,156.5689,-0.08670808381906
2016-09-30,0.8047039204065366,0.1997177078259978,,0.5174211463900241,0.6241713854515077,0.8600605169427834,0.4056158928536448,-0.5251177581713411,0.0,,0.3906110053414199,0.2231551858201228,0.0023803831372823,18.575982404942074,0.0,,0.6127756764452773,1.219071594635216,0.3218721017221323,-0.0844680251666823,-0.0018151330233201,0.2450511102844522,0.0945429345331234,0.4465780638420782,0.55784589422945,,0.0888488034422541,0.0,0.8029227398613669,0.7298773271323666,0.7644032079490061,0.628885800362042,0.0,0.0,0.0,-1.02017608217168,0.0,0.0,0.0,0.0,0.0717373272062365,,0.9830615344931356,,0.8118791635045114,,-0.0005410792133119,0.052844079131214,0.510962062808336,,,,-0.0476381052066795,0.6668053463257195,-0.0057976024428446,0.5429243212016176,0.3997913151320379,,,,-0.0117482680164423,,-0.2372139750425616,-1.015247336504517,-0.96319939138253,-0.5542077849538805,-0.0229063749705951,0.0899882456467142,-0.0384612358887621,-0.0057976024428446,0.6967053480879172,,0.4385089521573231,-0.0376059322033898,-0.2188424165610477,1.0403260403260404,-0.6861698391515066,0.1438343028830787,-0.0850555448605433,-1.1945278022947925,0.4634079680437296,,,,,0.3408503699987458,-0.6511042993004794,-0.5578958856269781,0.532711768833103,0.0,0.0,0.5963651629721114,0.0,0.5227530847444366,,0.5201605404905687,0.4385089521573231,0.6842140868524446,0.5687988753185134,0.4550629176264539,-1.1263747665490766,0.5719760617426012,0.6124218001807757,0.1509252583513578,,,,0.0,0.0,0.0,0.753715308863026,0.6125104040971235,0.4974952921922089,0.7033932760405679,-1.0197525504666811,0.0,1.849243157061637,0.4624205839390366,,136.9532,0.0580336932616397
2016-06-30,0.8085917162799243,0.2194509240983312,,0.4850413915959342,0.654624863061717,0.8042103061791328,0.379803158310083,-0.4788342709582219,0.0,,0.3464035173321873,0.2441560765357608,0.0036196440074376,18.75189888524851,-0.0398816629187819,,0.6142178284838401,1.0721176643015409,0.4395825566536779,-0.0839671956678248,-0.0015385413245284,0.3528758044901718,0.0910064228460353,0.4270342203148444,0.5623096836714554,,-0.0260853098857349,0.0,0.7525597904050753,0.9415402861561808,0.7862342338179954,0.638109153535449,0.0,0.0,0.0,-0.8650342382000489,0.0,0.0,0.0,-0.0495586197461661,0.071888711370452,,1.0584582461570795,,0.8143273744272985,,0.2170361187497645,0.1297493664299411,0.5841870972782415,,,,-0.0591562179777553,0.6706889424722804,-0.0451012470137724,0.5198162911611786,0.3753429884865577,,,,-0.0125573773839659,,-0.3380864627052131,-0.5489181718659668,-0.4866588284113701,-0.0010389833586894,-0.123838508586215,-0.0840532607089866,-0.0413955866734846,-0.0451012470137724,-0.1909749333620527,,0.4366011153507484,-0.0376059322033898,-0.2191803971271652,0.3816153816153816,-1.3181850108871251,0.1408510728973555,-0.0345499224297054,-1.355692850838482,-0.2728897298433722,,,,,-0.9696099335256492,-0.65644895071917,-0.4943795700098221,-0.1680290293004816,0.0,0.0,0.8996978291538729,0.0,0.5207970395255612,,0.5670262923838902,0.4366011153507484,1.012151016053912,0.8451981372462877,0.4530830588817605,2.4399252957045032,0.7926394191650498,0.5988692621825088,0.2037971641432348,,,,0.0,0.0,0.0,1.359892569382274,0.6183247511977157,0.4954474402443201,0.682782410906769,2.7106576948122423,0.0,2.242151506230238,0.6138575526653878,,148.3815,-0.0536407840600073
2016-03-31,0.8088353406149373,0.2382741406270026,,0.2539557791051032,0.6830789126079012,0.7415978825605333,0.3690851646737168,-0.4864240797100707,0.0,,0.297848460621651,0.2375934626471753,0.00483384821299,18.913471074145324,-0.0429243833664615,,0.6392307333670033,0.8992134447212858,0.4906453865436046,-0.0809309168310013,0.0001382958493958,0.4040984938170956,0.0850560791227242,0.4285136879352847,0.5588825915055664,,-0.1528081741835237,0.0,0.7414664038326026,1.0417940604977376,0.7902069702601915,0.6781626940354318,0.0,0.0,0.0,-0.7242602103203717,0.0,0.0,0.0,-0.1039910632219965,0.0723466171894841,,1.1082514115387925,,0.8213501700536864,,0.3200911615737871,0.1057170664019965,0.6155323423517401,,,,-0.0792502451831947,0.6709323036361577,-0.0480998682911208,0.5221270941652224,0.3771937251441416,,,,-0.0121690048875545,,0.1866975208997992,0.4284928560508748,0.219697074486479,0.6799560189751171,0.1874705951540814,0.0676228586844116,-0.0752914027979913,-0.0480998682911208,-0.5706362241188982,,1.14745377164661,-0.0376059322033898,0.5258977608787495,-2.953056953056953,-0.651073493947695,0.0014672620950189,-0.0130340743089449,-0.92180052956752,1.4239882266372332,,,,,-2.0999247460178103,-0.0015719562996148,-3.290625341045509,-0.8796342927982025,0.0,0.0,1.3514603297030523,0.0,1.218371665706982,,1.2888251789716183,1.14745377164661,1.5449639632607397,1.465257885950268,1.1907708123131984,,1.315650863500898,1.1797364562491075,0.7952415284787311,,,,0.0,0.0,0.0,1.7197552969262906,1.1946802706459103,1.1717055122533364,1.2192782564594078,1.3557629693943998,0.0,1.2144127059381298,1.095552700586051,,147.1394,-0.1014099554572059
2015-12-31,0.7571207239278427,0.2554135372074543,,0.2388923818505711,0.6511700035076862,0.6535066496748685,0.3456650892839653,-0.591964093578038,-0.3333333333333333,,0.235473639101691,0.2383170868730618,0.000388378301346,19.13174981600775,-0.0780720192080225,,0.597962598035783,1.0054803102539565,0.4874894032526306,-0.0809309168310013,0.0001382958493958,0.3899083327642395,0.0880475319629232,0.432096058629624,0.4766038141030644,,-0.3198976245074588,0.0,0.6505228548975636,1.0139313534992458,0.702490145446182,0.6316748432970911,0.0,0.0,0.0,-1.2208058204940082,0.0,-1.0,0.0,-0.1739160963022993,0.087125965386824,,1.5960180753393902,,0.8312268694193814,,0.2914499210640768,0.1083669791957755,0.6010876442720307,,,,-0.1219099221131053,0.6192735508035734,-0.082738097630714,0.5267487001733102,0.3816750836230078,,,,-0.0117159036417413,,0.3931749045998608,-1.3523791784326715,-3.009890033888927,-0.3484890799333645,1.0566778405081156,-0.2855215913981257,-0.0371002635408881,-0.082738097630714,0.275266327418935,,0.5112635749926622,-0.0270127118644067,-0.968483312209548,-0.2846352846352846,1.5470019432932969,0.0863127581787685,-0.0279819266875785,1.6142983230361871,0.7670766319772943,,,,,0.4014423679919729,0.6797139039534701,-0.0785768852995743,0.0662801258625068,0.0,0.0,-0.3215019697243362,0.0,0.5572283817271145,,0.3521965930307065,0.5112635749926622,-0.2918741706346109,-0.2378262015640102,0.5305640693712045,,-0.3244086451196672,0.5063516673587869,0.1783225186253304,,,,0.0,0.0,0.0,-0.2903909280811698,0.4410190240658216,0.530813179728636,0.5129928647174459,-1.321467332320382,0.0,3.619984171105002,-0.3686101969342321,,138.0664,-0.0793299455913964
2015-09-30,0.7651006950853717,0.2803968752403168,,0.4937257675783296,0.6733672707055615,0.628634839721596,-0.8686444116716991,0.4169749386017946,-0.3333333333333333,,0.2151016086085012,1.0148053516616389,0.0036165119243622,19.33425211058289,-0.0384704279658367,,0.6549640102822989,1.1750221999982755,0.5417696588864469,-0.0809778695965192,,0.4577228299390596,0.0750751314069632,0.3587251412262423,0.4937023673971978,,-0.3831855082991441,0.0,0.7647488411983422,1.1470916727535307,0.691209258983076,0.6220017890282709,0.0,0.0,0.0,-0.8537845438982636,0.0,-1.0,0.0,-0.196754075978015,0.0931875874994213,,1.562771679420672,,0.8215445840477462,,0.4283309761000517,2.951867947618452,0.5668140030526435,,,,-0.1835157730857019,0.6272449017299898,-0.0437104655634205,0.4366273830155979,0.2898919012383956,,,,-0.0148876123624338,,0.6372067561145323,0.4284928560508748,,-0.6705270496973863,,-0.2164856410618741,-0.0130013504831582,-0.0437104655634205,0.4522315859382713,,0.4986425007337834,-0.0376059322033898,-0.223574144486692,-0.0142610142610142,-0.2235021423052609,0.1442604785953248,-0.06378882761276,,-0.3605592347314201,,,,,-0.0245077135331744,0.2438104220702664,0.0126596092982647,0.4669051339333755,0.0,0.0,0.7387027644483063,0.0,0.6022174217612476,,0.6140578128536529,0.4986425007337834,0.8443056748107095,0.7183551533257183,0.517466542290925,0.3780867399875492,0.6851868792157958,0.6424420257121569,0.2474164864215332,,,,0.0,0.0,0.0,0.9910772903610864,0.6494259327845545,0.5743489952133831,0.706419518846954,0.5539396570436292,0.0,2.02154870826276,0.5556959574805089,,173.7907,-0.1313252090014021
2015-06-30,0.7627798080277616,0.2995949860295814,,0.4102614481819134,0.6992607563172395,0.5638323040224814,-0.8686444116716991,0.2081014889278285,-0.3333333333333333,,0.1682057318484763,1.0713796093218588,0.002745792829409,19.47686528357539,-0.0134815084714884,,0.628529757202448,0.9749319631120804,0.6669362385096386,-0.0810404732838764,,0.5934044212866838,0.0648591713052708,0.3668259890603283,0.4860031016233185,,-0.5122256234357542,0.0,0.7454251531857378,1.4135122552102029,0.683745515214045,0.6196538930917114,0.0,0.0,0.0,-0.8744803130349719,0.0,-1.0,0.0,-0.2493265027019167,0.0932951828558059,,1.6161951983797158,,0.8294129634314305,,0.7021958227314912,3.159042947859352,0.672405031173132,,,,-0.2156292742137645,0.6249265217720206,-0.0190837188799251,0.4458705950317735,0.3000256384266353,,,,-0.0175091267132102,,0.291957512598032,0.4284928560508748,,-0.7650510996232709,,-0.217706038397554,0.0113466808270725,-0.0190837188799251,0.805237697782325,,0.5344878191957734,-0.0376059322033898,-0.2237431347697507,0.1125931125931126,-1.7602959424972489,0.1435542445578883,-0.0597574371227649,,0.093556186271418,,,,,0.0716292487144111,0.3327831486284681,-0.2348575793953945,0.7125436364966834,0.0,0.0,1.1818150753474477,0.0,0.6102861082891083,,0.7307376382865904,0.5344878191957734,1.3276403091093592,1.1349881381249451,0.5546650421671838,-1.7318945839385764,1.1813231520310443,0.6626718964050106,0.3740687334775294,,,,0.0,0.0,0.0,1.4642793196060877,0.7090301589387622,0.582355527481865,0.7342676590209559,-1.6531365313653137,0.0,2.489862242732664,0.9714436563946428,,146.0124,0.0339368437201223
2015-03-31,0.7591815071800797,0.3237276024710979,,0.2249161689196269,0.7277544845086587,0.4893083684606084,-0.8686444116716991,0.1498833519492008,-0.3333333333333333,,0.1093771751228878,1.124001563028328,0.0043473313086156,19.73004998337676,0.0117657295595261,,0.6079933932942159,0.912185715558391,0.7892847683328919,-0.0811030769712336,,0.7262873433383569,0.0511137782028135,0.3622655682509299,0.4756227309212532,,-0.6642300191440643,0.0,0.7088750938515033,1.6744375862537093,0.678712499103977,0.6050561230225779,0.0,0.0,0.0,-0.4846539496209342,0.0,-1.0,0.0,-0.315276010449797,0.0934753425223103,,1.8331756995595807,,0.8387275018504464,,0.970411870866994,3.351744606222959,0.7752020946878155,,,,-0.2589618305839098,0.6213321079289791,0.0057976024428446,0.4412489890236857,0.2943207903790313,,,,-0.0184476935795375,,-0.1610382422712351,0.4284928560508748,,0.3029612978698888,,0.1475781536030625,-0.0388703142823427,0.0057976024428446,-0.329124148515118,,1.291532139712357,-0.0376059322033898,0.5196451204055766,-1.983346983346984,-0.10247945494135,0.1259470994176613,-0.082564236130771,,0.0742562808787974,,,,,-1.718575191270538,0.358563231942152,-0.3749863581796355,-0.3716215343689872,0.0,0.0,1.19196879683282,0.0,1.3467371331956766,,1.382410041325256,1.291532139712357,1.404438893659095,1.3811264388015112,1.3402882217441794,,1.2340816847294909,1.2378190099166289,1.1357846671473204,,,,0.0,0.0,0.0,1.5515965383467625,1.2412388541753785,1.296155181669829,1.2394252653551086,-0.8283047536357716,0.0,0.0,0.9448900934513648,,137.1608,0.1006614134650717
2014-12-31,0.7278642275125098,0.3531423829176386,,0.7914046945405009,0.7182078963791005,0.4141910270234944,-0.8686444116716991,0.0,-0.3333333333333333,,0.0513167871956242,0.2115087828245816,0.0065919908459651,19.47326216124825,-0.0403058491474128,,0.5777490651737929,0.8187416839812284,0.8272869254611713,-0.08118133158043,0.0,0.7488692705856803,0.0403060399244987,0.4272401256022253,0.4261198672061824,,-0.8210561305301858,0.0,0.6198186171469742,1.7187860474916985,0.6216992807695979,0.5874554575953048,0.0,0.0,0.0,-0.2510699437515284,0.0,-1.0,0.0,-0.3803643657755106,0.0954646055066302,,0.1860651744002751,,0.8441092559799871,,1.0159995068645145,3.487873035451015,0.7989173314408166,,,,-0.2995281048108681,0.5900486582318717,-0.0455192853687915,0.5198162911611786,0.3756005652378709,,,,-0.0235936291569874,,0.6601388841542525,-15.655185623186776,4.08562832837679,-0.1788301281738305,-1.128058103975535,0.0943559834796739,-0.078223131285319,-0.0455192853687915,0.2675749172073988,,0.6616157910184913,-0.0270127118644067,-0.9664554288128432,0.2496002496002496,1.2828779471330571,0.0927662761070675,6.901230932995119,3.5175639894086497,0.4890991275097235,,,,,-0.1733977172958735,-0.14587754460426,0.9158572519917058,0.1158158894958182,0.0,0.0,0.1386666406314833,0.0,0.6780141739926673,,0.5536032881684804,0.6616157910184913,0.2319048734160747,0.2403743080572884,0.6865921681356965,,0.1127486145950188,0.6437038975262886,0.5620043258832012,,,,0.0,0.0,0.0,0.2323783945091017,0.6032345292569185,0.6478299050379766,0.665136313656235,0.817451703928804,0.0,3.776185542177888,0.0483483219232326,,145.8898,-0.0800480910934143
2014-09-30,0.7338748170162933,0.3775153161928686,,0.4985591533060882,0.7446897529076933,0.3737176093847008,-0.8686444116716991,-0.0830575110755872,-0.3333333333333333,,0.0189773252815019,1.1032243379825093,0.0089817702324736,19.707487845145305,-0.0811120205132109,,0.592971533471617,1.1205467090837506,0.9218119877546852,-0.002958024227627,,0.8327165204201482,0.033367511590464,0.4130155019989971,0.4317401770183982,,-0.911716420458765,0.0,0.7138354956748185,1.875096716591445,0.6232599743915792,0.5856737614074993,0.0,0.0,0.0,-0.0212154561017363,0.0,-1.0,0.0,-0.416618384449064,0.1008631399577875,,0.3047204150067352,,0.8502677291508559,,1.1766777736302647,3.2756583828786727,0.8407109915388149,,,,-0.3400591957991213,0.5960527548963176,-0.0857340391750173,0.5036406701328712,0.3578063046679823,,,,-0.0257620422619506,,1.069323766916856,0.4284928560508748,,-0.5865022000277322,,0.186990564401652,-0.1364853348018198,-0.0857340391750173,0.7256132037371099,,0.6555253889051952,-0.0376059322033898,-0.2289818335445712,0.1184951184951185,-0.3220950106529934,0.1443091843910101,-0.0658271711189373,,0.0,,,,,0.012354195409507,-0.4807042364222275,0.2527556477136309,0.6553201014131553,0.0,0.0,0.7507700719059218,0.0,0.5983053313234968,,0.618425177271428,0.6555253889051952,0.8729789503811828,0.7801335559265442,0.6802718498353291,0.0136957875077816,0.7201698595577296,0.6343014771450628,0.429944724825763,,,,0.0,0.0,0.0,0.9769919427036704,0.6448485282931705,0.5706088211696695,0.6955188972516518,0.1727805513349251,0.0,2.0273908704745227,0.5797434047271255,,119.3011,0.1249820831492752
2014-06-30,0.7290818395132338,0.4032500448591423,,0.4004374934506968,0.7641210193983966,0.3156976766983629,-0.8686444116716991,-0.3860213621349838,-0.3333333333333333,,-0.028621662319704,1.1689715194661494,0.0126337790983568,19.96631023792542,-0.141525928383225,,0.5893052278382895,1.1551241044563805,1.0504899205316598,1.0161361004163143,,0.9453411148612394,0.0266116133635687,0.4082758673283598,0.4194805555114926,,-1.0363999893975744,0.0,0.6926469563909402,1.987775189414604,0.6210884564047041,0.5707444182480884,0.0,0.0,0.0,0.3331499144044998,0.0,-1.0,0.0,-0.4699790306440704,0.1009657308789915,,0.427388151672351,,0.8597705914870094,,1.2925046830748368,3.516424641298168,0.8946180391123038,,,,-0.3614066258834291,0.5912649549274844,-0.1452723479686953,0.4967082611207394,0.351877269447939,,,,-0.026668244753577,,0.7722969626360316,0.4284928560508748,,-1.1050252031583532,,-0.3028383872770366,-0.094759338656597,-0.1452723479686953,0.9023899912944364,,0.6036469034341062,-0.0376059322033898,-0.226615969581749,-0.0261300261300261,-2.0234834117674603,0.143578597455731,3.1827714677205656,,-0.4007568590350047,,,,,0.2332873447886617,-0.2254185333647724,-0.270217177780203,0.9069418079606744,0.0,0.0,1.047248976085057,0.0,0.5887696108814795,,0.6772220161921896,0.6036469034341062,1.1990008586371088,1.0429487742729109,0.6264349216623198,-0.0651587466279311,1.023634936760054,0.6574959655250372,0.5450612833453496,,,,0.0,0.0,0.0,1.3666069829901522,0.6912366638391417,0.5614859251657065,0.7382369830343184,0.0902973735619709,0.0,2.3594382653978063,0.8234701958782844,,123.4764,-0.1023572115805125
2014-03-31,0.7194912974380455,0.4199504626900105,,0.1532798910195955,0.7855904534588274,0.238375061268503,-0.8686444116716991,-0.3449229917919395,-0.3333333333333333,,-0.0832101374036177,1.1621931339902087,0.0231638423977557,20.11983507474774,-0.0982589330628693,,0.5484680292316269,0.9381647426668162,1.2067563449711427,1.0188124080508345,,1.1185006122884402,0.0177094574434687,0.4140602806794112,0.4010288101863786,,-1.1972550224812015,0.0,0.61431636577921,2.327492997677136,0.6128640698364533,0.5388233798947765,0.0,0.0,0.0,0.1339875275128393,0.0,-1.0,0.0,-0.5311752125814324,0.1011433883279056,,0.1597737716507599,,0.8675195116695243,,1.6417148101599608,3.4916021854553514,1.011805678917832,,,,-0.3896851539926379,0.581684772875854,-0.1026324357567499,0.5036406701328712,0.359113268183905,,,,-0.0280922772404185,,-0.1171632019154222,0.4284928560508748,,8.371948230505879,,-13.318709975784747,2.6038810001442263,-0.1026324357567499,-0.5183130951419366,,1.473437041385383,-0.0376059322033898,0.5142374313476975,-2.297908297908298,-0.2842124979513474,0.1378191371159472,-0.0372903620324549,,0.2210448859455482,,,,,-2.1154019816881977,0.0737247504519374,-0.9444505074757176,-0.5831514697589931,0.0,0.0,1.1326085789183358,0.0,1.263360705741115,,1.295696073941286,1.473437041385383,1.3605703431946503,1.3876548633687724,1.52906013820937,,1.1693155064251015,1.1840046031417484,1.359889449651526,,,,0.0,0.0,0.0,1.3816771113100568,1.186493192036734,1.2153882800769369,1.200399866431758,0.2617755589320599,0.0,0.0,0.9394554830080428,,115.7149,-0.0421484182244464
2013-12-31,0.320535212423346,-0.7655372843556946,,-0.2149350309127108,0.2695628634176508,0.1597286540535241,-0.8686444116716991,0.192539306806576,-0.3333333333333333,,-0.1411210132554577,0.0009814975863842,-0.8240270444933281,2.448020413904415,2.7000459535081016,,0.214320436003946,0.2896891425484161,-0.4938163152960986,-0.0759539236861051,,0.2540256851501283,0.0027918338858837,0.1449592288465681,0.2361077414376888,,,0.0,0.1032155009993021,0.7465929524524996,0.1527444800739783,0.2148426616439182,0.0,0.0,0.0,0.2386585962337979,0.0,-8.0,0.0,-1.0894633629700834,0.1019128202369349,,0.0322910397141574,,0.0730455537753792,,,,0.2561886883424431,,,,,0.1831596535361807,2.65511567737622,0.1778174465626805,0.0224819189467972,,,,-0.0315552653334194,,0.574257703699099,-2.116703538851099,,3.962221627649456,,6.90498243270151,1.174283129449711,2.65511567737622,0.0709009809464832,,-0.0113369533313765,10.048199152542374,-0.9678073510773132,-0.9526279526279526,-0.0224532321884292,0.1190308764303522,-0.0010531441448582,,-0.3029538526227268,,,,,0.4590116643672394,0.0026723257093452,-0.1988431736330896,0.089326222359965,0.0,0.0,-0.3406183030592967,0.0,0.0740852126649037,,-0.088567175059055,-0.0113369533313765,-0.3520412145812193,-0.4137773482119322,-0.0117649298482742,,-0.4191024597859423,-0.027295137844742,-0.2810622446527277,,,,0.0,0.0,0.0,-0.1831393613846613,-0.0565712078310494,0.0625542923711589,-0.0700925896171649,0.4380290861732147,0.0,0.0,-0.4467784797874025,,101.1954,0.0952839753585636
2013-09-30,0.2151897734183255,-0.7589830432442132,,0.1213585874462957,0.1353321196520112,0.1344464268208999,-0.8686444116716991,0.1508534265151437,-0.3333333333333333,,-0.1592596566111714,0.2570681640863981,-0.8240270444933281,2.401793604742027,1.2176510415675312,,0.1666049671772957,0.2928273170619559,-0.4135733020917834,-0.0741697185964253,,-0.1264771167004376,-0.0034289156549749,0.1348260195648153,0.0817298410125759,,0.0908374746073102,0.0,0.1055777598965529,-0.0007229278912743,0.1212931403200814,0.1647405012863732,0.0,0.0,0.0,0.2669356810956224,0.0,-1.0,0.0,-0.6164302083753301,0.1046127130169112,,-0.2794607969581458,,0.0686503921072603,,-0.7515556027382717,0.1770334467174807,-0.0017784536211914,,,,-0.4675456612469819,0.0779280121894414,1.1942056132368093,0.166263431542461,0.0098058038242992,,,,-0.0354389902975326,,-0.361162969305519,0.4284928560508748,,0.4472706180583901,,0.4967659470604482,1.052786846556268,1.1942056132368093,-0.4532816384408964,,-0.0021279718227179,8.859639830508474,-0.2311787072243346,-0.4892814892814893,0.0860902343658542,0.1106169502257209,-0.1274304415278517,,-0.8193419531167876,,,,,-0.898607801329487,-0.7462076554271792,-0.3623267488813707,-0.3077605168799528,0.0,0.0,0.4528852678288121,0.0,0.0283626556736925,,0.0414187664905198,-0.0021279718227179,0.4726354955376889,0.2846498550215271,-0.0022083039844657,0.0004150238638721,0.3500801633116836,0.0,-0.5259552992069214,,,,0.0,0.0,0.0,0.613995822142644,0.0321023643684065,0.0181912774306094,0.0,0.1588886477100065,0.0,0.7939681969206299,0.3214304570493304,,75.553,0.4670191785898641
2013-06-30,0.1994899349086404,-0.7554712132475455,,0.0967332075867127,0.1368483604267262,0.082755285429533,-0.8686444116716991,0.094862362131568,-0.3333333333333333,,-0.1994501188317934,0.265085920509221,-0.8240729817117669,2.44301923464908,1.0916677316641423,,0.1678387092999302,0.4139976377477563,-0.3751551629511973,-0.0765486587159983,,-0.1265297136984215,-0.0027918338858837,0.1512431531725619,0.0558409745308303,,-0.0056512838367216,0.0,0.1102561264680255,-0.0005730119691206,0.1019502555236629,0.1609062291748473,0.0,0.0,0.0,0.2712460259232086,0.0,-1.0,0.0,-0.6614855581431904,0.1081771219743497,,-0.2229419238963247,,0.0733355351303745,,-0.7514014978990373,0.2063944804725517,4.713833223707613e-05,,,,-0.4780962349536681,0.062245133169172,1.070048221796145,0.1801282495667244,0.0250076020916186,,,,-0.0284806497368298,,-0.24448905028986,0.4284928560508748,,0.3425910916941873,,1.3563495988746652,0.755824778088083,1.070048221796145,0.3223930427290595,,0.0,8.859639830508474,-0.2272919307139839,0.4684034684034684,-0.7568542061763949,-0.0479325911787715,-0.0682731833263501,,-0.2729738252917061,,,,,0.1011789790543083,-0.7443213078676413,-0.7237804212594129,0.3244273987697844,0.0,0.0,0.6860400974366735,0.0,0.0095357204420173,,0.0760240194416786,0.0,0.7219733041917102,0.4956594323873122,0.0,0.0,0.5807771748811994,0.0047307175095128,-0.5168228791155972,,,,0.0,0.0,0.0,0.9374813488510892,0.0555262183247512,0.0,0.0183390872929936,0.1584545257217278,0.0,0.8936902354070205,0.5050386300839478,,73.0674,0.5220589144050679
2013-03-31,0.1816848015876015,-0.7525249288662172,,0.0,0.1353760244251409,0.0312403359147795,-0.8686444116716991,0.0966112289546763,-0.3333333333333333,,-0.2449009815871838,0.2890444607881189,-0.8219870143835695,2.543338343984519,0.7837384402454842,,0.162071587134384,0.0177714937653208,-0.2811614948450612,-0.0795066829436253,,-0.1265644955841851,0.0167510033153027,0.1508160903542905,0.027173172873189,,-0.1034314368125288,0.0,0.0940074773527829,-0.0003264835638013,0.107634183470848,0.1826364867264856,0.0,0.0,0.0,0.275586940572267,0.0,-1.0,0.0,-0.7124380579540631,0.1280322185536932,,-0.0322910397141574,,0.077365292183152,,-0.7511480810522964,0.2941306840629427,0.0054319653469243,,,,-0.4871823063492552,0.0444592335472515,0.7665818531157926,0.1801282495667244,0.0244733688296356,,,,-0.0134959442502932,,-0.4062331433017371,0.4284928560508748,,-0.1620189087159376,,-2.5441944414112934,1.2550761121818823,0.7665818531157926,-0.0322913581576514,,0.5863663046668623,4.731461864406779,0.5174482467258132,-0.6685646685646686,1.6664325349441595,-0.5842808132650235,-0.2784716953355906,,0.3301587301587301,,,,,-0.5394330866675028,-0.6287825198459482,-2.791880388519044,-0.1392838233964798,0.0,0.0,0.7577312290396434,0.0,0.5464701330233002,,0.5626674289187532,0.5863663046668623,0.8258319673197513,0.723767682980406,0.608501970340193,,0.6711570960178334,0.400792705443623,-0.2000720980533525,,,,0.0,0.0,0.0,1.0098179647866308,0.4264903246874788,0.5204885928246965,0.3491412372387141,0.4158888647710007,0.0,0.0,0.5742947149821369,,75.4148,0.4878901698410056
2012-12-31,0.1589752419742643,-0.7992248981056626,,-0.1513674944985853,0.1180211954401019,0.0,-0.8686444116716991,0.1578898828737434,-0.3333333333333333,,-0.2923351018187335,0.0,-0.9529080869340978,0.7025520222097824,1.3014278217221418,,0.138108904768742,0.0081385624746747,-0.4391292109875712,-0.0804770400976617,,-0.1264508182014456,0.1014927887652753,0.1613115404193985,0.0325642009420648,,-0.012884812526909,0.0,0.0216321038163215,0.0,0.0685105092026228,0.1534160989733454,0.0,0.0,0.0,0.2075996576179995,0.0,-1.0,0.0,-0.7656138802730863,0.2029961553426724,,-0.31515290476054,,0.0047542419728101,,-0.7508124749579637,0.2015186409319984,-4.713833223707613e-05,,,,-0.4874505785443814,0.0217742055579599,1.2767681883530764,0.1963038705950317,0.0410584496503037,,,,-0.0071525268089084,,2.5051124047251894,-1.4902290175598287,,0.5398182560312789,,1.4267857945750126,0.9437359870982968,1.2767681883530764,0.3734955978568159,,-0.0832110361021426,-0.0376059322033898,-0.9679763413603718,-1.199108199108199,-2.0730490974222096,0.1221480473542098,0.2314312568652541,,0.6181015452538632,,,,,0.6735733099209833,-0.559616442662894,-0.3241296518607443,0.191006254385172,0.0,0.0,-0.1143269986477976,0.0,-0.074818729621982,,-0.1706481232553123,-0.0832110361021426,-0.1315640205032134,-0.2448554608558123,-0.0863523006339355,,-0.2038699861820598,-0.1157858515009461,-0.5206681086277337,,,,0.0,0.0,0.0,0.0373918233363175,-0.1199810436354802,-0.0819662222938549,-0.1273620691341396,-0.0690253961363143,0.0,0.0,-0.2244944650745323,,65.967,0.6801991905043431
2012-09-30,0.1153797375398002,-0.7995389121017149,,0.1494812951901917,0.0726156773379526,-0.0330508773649642,-0.8686444116716991,0.0997195664723101,-0.3333333333333333,,-0.3168425555008018,0.2382381460484196,-0.9529080869340978,0.7142593281938638,0.9785894720241024,,0.0716911535934643,0.2053435180315714,-0.3445667850402573,-0.0793501737252324,,-0.1305559290602231,0.0978359394106922,0.1206509657529937,-0.027173172873189,,-0.0730798446219316,0.0,-0.0216321038163215,-0.0081804121521846,0.0293606761601501,0.0700535730870187,0.0,0.0,0.0,0.2080887747615554,0.0,-1.0,0.0,-0.7930878588380467,0.2053757642710852,,-0.2683022364888748,,-0.0047542419728101,,-0.7592214623521878,0.1080778978000905,-0.0085483328670421,,,,-0.5071751817434175,-0.0217742055579599,0.9586088433870218,0.1454662045060658,-0.0098058038242992,,,,-0.0074761705559178,,1.1438471672725887,0.4284928560508748,,0.4816820593743836,,0.297096096655469,0.8629980726114148,0.9586088433870218,-0.4082101540974485,,-0.1029131200469621,-0.0376059322033898,-0.2277989015631601,-0.9915889915889916,-1.00793706539299,0.1434690094154391,0.0086629599012535,,-0.0144223693892568,,,,,-0.8180985827166688,-0.5992297414131887,-0.3706209756629924,-0.4293271693418906,0.0,0.0,0.2525640587548999,0.0,-0.0136923165321274,,-0.0384689359251321,-0.1029131200469621,0.2568834074883563,0.0783674545294789,-0.1067981495935578,-0.0219962647852251,0.1539905922455837,-0.0366697866317091,-0.5139389569814948,,,,0.0,0.0,0.0,0.4292450014920919,-0.0177711934943031,-0.0226377707804235,-0.0349666568399933,0.1354460603429563,0.0,0.6844123618317167,0.1197163020714172,,62.0591,0.0669228528897805
2012-06-30,0.0834299520150102,-0.7982267821896388,,0.0224379126060987,0.0492116158412178,-0.0792565434761297,-0.8686444116716991,0.0619686365328715,-0.3333333333333333,,-0.3512355859752016,0.2092510752398156,-0.9529080869340978,0.7303312997098748,0.8948697938618078,,0.0386973748709279,0.2266842542381161,-0.3188307003028116,-0.0783954674930353,,-0.130380322954051,0.0930549946679795,0.1077780722308122,-0.0733637116897097,,-0.1582774974741631,0.0,-0.0989029256029465,-0.007937215211802,-0.003602097186301,0.0345903239314303,0.0,0.0,0.0,0.2115431645879188,0.0,-1.0,0.0,-0.8316440219668613,0.2055646816991558,,-0.2455647588203261,,-0.0072549212506207,,-0.7589714700574297,0.0019272093045665,-0.0148741806623139,,,,-0.5226909900123581,-0.0536894778583555,0.8761025426646998,0.1316013864818024,-0.0259091207212149,,,,-0.004498648083431,,0.4387985297449914,0.4284928560508748,,0.2841267950292849,,0.9872115205508488,0.6413877197813004,0.8761025426646998,0.3328127944858781,,-0.1950763134722629,-0.0376059322033898,-0.2240811153358682,0.3887393887393887,0.630048465266559,-0.0966140339662042,-0.1716851438730791,,0.3593398507305792,,,,,0.3285588862410636,-0.4674998035054625,-0.7288006111535523,0.2049613243972675,0.0,0.0,0.433856803237475,0.0,-0.0511016813431184,,-0.0310136004616017,-0.1950763134722629,0.4529128613431166,0.2217907038045866,-0.2024405566449009,-0.1743100228263125,0.3353570757964574,-0.0500166412599972,-0.5260754626291757,,,,0.0,0.0,0.0,0.6818860041778574,-0.01501853820942,-0.058965811064326,-0.0350393090218641,-0.0238767093553288,0.0,0.7616680749540236,0.2619594868094542,,59.7012,0.0054473046269556
2012-03-31,0.0623576362765129,-0.796913050165338,,-0.0863460127842397,0.0389792210682806,-0.1213188249518021,-0.8686444116716991,0.0499725031681132,-0.3333333333333333,,-0.3897022143748587,0.2081985309112534,-0.9529080869340978,0.7449938479812002,0.6650750619284702,,0.0226015167115218,-0.0081385624746747,-0.248502340210183,-0.0776598741665884,,-0.1302174419280362,0.1137658151124998,0.050599317843409,-0.0974630682915167,,-0.2359063557481503,0.0,-0.1213307106903752,-0.0076956840038878,0.0,0.0342799324144875,0.0,0.0,0.0,0.2149975544142822,0.0,-1.0,0.0,-0.8747668750314268,0.2304217112415878,,-0.2276040621745818,,-0.0207004056928165,,-0.7587231900386632,-0.0019272093045665,-0.0150225791156528,,,,-0.545731613459348,-0.0747390305782708,0.6496383030322519,0.0622772963604852,-0.0974367535789454,,,,0.0,,0.1191363755767622,0.4284928560508748,,1.696198922347712,,3.8348866636263774,-0.1615151634346851,0.6496383030322519,0.866374087935166,,0.2844878191957734,-0.0376059322033898,0.5147444021968737,-0.5783185783185784,0.2362623211818969,0.0823067064836546,-0.1985006851099006,,1.1433196678229791,,,,,0.6560516744011037,-0.1688281065786371,-3.9140019644221327,0.5562571830731285,0.0,0.0,0.9612547656589424,0.0,0.4291074198907793,,0.5041532466732053,0.2844878191957734,1.034402726823303,0.8275546964238644,0.29522739819909,,0.8685177249989167,0.3326585703790779,-0.2969238163902908,,,,0.0,0.0,0.0,1.2822739480752017,0.3802845844135673,0.4066503043928083,0.3065572785610397,0.2179292381159105,0.0,0.0,0.7392478133084599,,80.7479,-0.0902661941561448
2011-12-31,-0.0037909577485917,-0.7951635436159032,,-0.0840406580739809,-0.0217415497398818,-0.1896702937620494,-0.8686444116716991,0.147915876773204,1.0,,0.2227659208640666,-0.0187405517700506,-0.9529080869340978,0.7136910123693939,-0.1674801434619578,,0.0,0.0432389869328942,-0.1476046991852232,-0.0770181863711772,,-0.2868750554071198,-2.216989342683806,0.0300793307315547,-0.1925161503645851,,-0.36182400881052,0.0,-0.1319642943371167,-0.3153647995749051,-0.0216696568070736,0.0,0.0,0.0,0.0,0.2117877231596967,0.0,3.0,0.0,-0.1881620307432773,-1.8208875115571173,,-0.3745760606842261,,-0.0269516354198873,,-1.074989127047454,-0.1279570617766942,-0.1301239112536512,,,,-0.5753119214006447,-0.1408161686849252,-0.1708503998831636,0.0370872328134026,-0.1226935850271588,,,,0.0,,1.9212615477782744,-1.6096913806949074,,-0.7530129540913876,,-0.2015582547033471,-0.1404633599496519,-0.1708503998831636,0.7088662125413963,,-0.241267977692985,-0.0376059322033898,-0.9674693705111956,1.1162201162201162,-0.8943597668048043,0.1214418133167733,0.7592716319204593,,0.2250394197414065,,,,,1.1905430829048038,-0.2111137310382771,-0.829422678162174,0.5931808692433184,0.0,0.0,-0.0936876070900313,0.0,-0.102154461555765,,-0.1970372054818393,-0.241267977692985,-0.1432102620144147,-0.292540198576575,-0.2503759827904586,,-0.2161761378134915,-0.1160904711754717,-0.8714251381879355,,,,0.0,0.0,0.0,0.0591763652641002,-0.1212785191734069,-0.1083678691081296,-0.1122895357106431,0.1363143043195137,0.0,0.0,-0.2050087115679062,,63.8531,0.161811183049948
2011-09-30,0.0,-0.7987811130194048,,0.1033872995913234,0.0,-0.2264185864130967,-0.8686444116716991,0.0129252188645345,1.0,,0.1976842599950337,0.1489087088833425,-0.97902026353347,0.4142795034056326,-0.1456508675424118,,-0.0305545282626693,0.0693157227715943,-0.0011599338746358,-0.0754374432654083,,-0.130438858322775,-2.235443477928479,-0.0300793307315547,-0.172216500360512,,-0.4029146163271144,0.0,-0.1466608949149471,-0.0083669741886425,0.0009434144946107,-0.027342559809431,0.0,0.0,0.0,0.3590425531914893,0.0,3.0,0.0,-0.2162797218763066,-1.818435338318585,,-0.339151452619109,,-0.0541171262332405,,-0.7594132372632351,-0.2190466095570309,-0.0283697105953731,,,,-0.6412585044484808,-0.1370293060553866,-0.1493375029979513,-0.0370872328134026,-0.1981683431017726,,,,0.0164087379733781,,1.6289110046542032,0.4284928560508748,,-0.0487462869039272,,-0.1355668745624233,-0.1328822981814367,-0.1493375029979513,0.0228767848648842,,-0.2398737892574112,-0.0376059322033898,-0.228474862695395,0.0193960193960193,-0.8235115075741613,-1.072495532765302,1.0600631886486915,,0.026826448018501,,,,,-0.4375266524520256,-0.3810422070266446,-0.0543490123322056,-0.0242599551474924,0.0,0.0,0.5106247955831311,0.0,-0.0828874161498428,,-0.0402690126462296,-0.2398737892574112,0.5426794681653787,0.2868464985502152,-0.2489291629385672,-0.406308362730857,0.4184091554686785,-0.0540261651811033,-0.5016822879115598,,,,0.0,0.0,0.0,0.7390629662787228,-0.0118286121631362,-0.0897309942629332,-0.0233590736287948,-0.2665509008031256,0.0,0.8071436491338077,0.3456890938209465,,52.756,0.4194044279323677
2011-06-30,-0.0126739019469814,-0.8056429596780396,,0.0009823954731216,-0.0143810436563707,-0.2333972486357546,-0.8686444116716991,-0.0540304207186066,1.0,,0.1568040217940115,0.1288024808469824,-0.9967593380446824,0.1491829039233683,-0.1377898266002833,,-0.0378332724387545,0.1032493900388823,-0.0317707299778558,-0.0747801045481578,,-0.1592620132179649,-2.1026105133357142,-0.0669154053379039,-0.1802947003496799,,-0.3953439114019296,0.0,-0.1624223922315526,-0.0650318612977888,-0.005106396567697,-0.0337532444467617,0.0,0.0,0.0,0.175409635607728,0.0,3.0,0.0,-0.2621083421253024,-1.6933081943872756,,-0.4174524471449179,,-0.0740944524083911,,-0.817661441941858,-0.2926756410379949,-0.0526133622332046,,,,-0.6684683416820227,-0.149689517230594,-0.1415903947648735,-0.0809924898902368,-0.2442483469177245,,,,0.1036630921671206,,1.7235591721493757,0.4284928560508748,,-0.4308499938481248,,0.0962315414902978,-0.1726179706040462,-0.1415903947648735,0.5224863807292929,,-0.279241267977693,-0.0376059322033898,-0.2169835234474017,0.5915785915785916,0.3548734518039849,-2.8840345445855897,6.932372292117273,,0.3128350678019552,,,,,0.3031481249216104,-0.4137388980586339,-0.5127141765797228,0.3964238518920268,0.0,0.0,0.6243855289942446,0.0,-0.082398404845124,,-0.0161581857266879,-0.279241267977693,0.6582780423073921,0.3750109832176434,-0.2897827866511832,-0.2394687694542436,0.525360975633242,-0.0507768886528303,-0.5188656572939198,,,,0.0,0.0,0.0,0.8613548194568785,0.0,-0.0891668868976583,-0.0184606399818928,-0.0920338615150857,0.0,0.8649076456621563,0.4520441386107249,,53.0585,-0.0897594164931161
2011-03-31,-0.0177850861302916,-0.8052856886519187,,-0.1426700199098816,-0.0495262275845002,-0.1708642943502271,-0.8686444116716991,-0.0815545786494785,1.0,,0.1128987906291488,0.114598395133035,-0.9967593380446824,0.1127993248408005,-0.1789929927698001,,-0.0414386525351617,0.0478715302624054,-0.1309944793125751,-0.07584436723323,,-0.2734959061296287,-1.7777073055228263,-0.1054387593825129,-0.1819828409031804,,-0.2813124370033247,0.0,-0.1739841282525395,-0.289219462751307,0.0037964195092817,-0.0321128945271702,0.0,0.0,0.0,0.1376559060895084,0.0,3.0,0.0,-0.3113281180988327,-1.3932973097407575,,-0.5482980329215749,,-0.0850598701408213,,-1.0481132430849731,-0.3446910201682454,-0.1340788755238138,,,,-0.7137755573244906,-0.1547951801422042,-0.1821963895956684,-0.1272085499711149,-0.2924390491124931,,,,0.219948290467609,,1.5875706101397866,0.4284928560508748,,-0.9846203121246624,,-0.1696223833717651,-0.1580851984423553,-0.1821963895956684,1.198738142035307,,0.1648811270912826,-0.0376059322033898,0.6697084917617236,-3.0543400543400545,0.7188312144412446,-3.268834683397108,4.260013362474096,,1.4132660569746662,,,,,1.0909444374764832,-0.1106657234928868,-0.562042999017789,0.8198022529560902,0.0,0.0,0.5814762925248107,0.0,0.4684728299206457,,0.4563948947528932,0.1648811270912826,0.6275752608435459,0.455452069238204,0.1711054845894648,,0.4969547570786852,0.3147441563575471,-0.3131458783946166,,,,0.0,0.0,0.0,0.8353625783348254,0.3331095207942557,0.4448460614995538,0.255201966079814,0.0238767093553288,0.0,0.0,0.4024286795374949,,59.4657,-0.0324590478208446
2010-12-31,-0.0550195150057894,-0.8048082592089411,,0.2330896992559991,-0.1374897927272095,-0.0895703035650099,-0.8686444116716991,-0.0493030150873921,1.0,,0.0705456564418591,-0.063047405280878,-0.9967593380446824,0.1219719422477459,-0.1639235050834369,,-0.1262443994478809,0.1486494641825659,-0.2434781742292086,-0.0750618211412652,,-0.3837213987917112,-1.406390567225753,-0.1206738441182582,-0.2353766688889131,,-0.1330771558086128,0.0,-0.1589371202406017,-0.5057330347230262,-0.0825781544339292,-0.1341860817510969,0.0,0.0,0.0,0.077249938860357,0.0,3.0,0.0,-0.3588079222398841,-1.0500105718693191,,-0.5288469805967155,,-0.0887837179451143,,-1.270676588735279,-0.5026643668635632,-0.2192624975139621,,,,-0.7670253891046306,-0.1919893871452271,-0.1673453090603114,-0.1480057770075101,-0.3133218457282207,,,,0.219948290467609,,2.079893480706412,0.4284928560508748,,-0.6911973502018401,,-1.8364410644434024,0.1966932829852233,-0.1673453090603114,-0.6212182403991995,,-0.3320002935133548,-0.0376059322033898,-0.9656104773975496,-0.0659360659360659,-0.6322727166303762,-1.612508865976871,0.1945372394034448,,-0.1196257752549143,,,,,-0.5275304151511351,-0.0147763892163797,-6.230492196878751,-0.6121118988278946,0.0,0.0,-0.3816530063314311,0.0,-0.0914451139824224,,-0.2464553684047218,-0.3320002935133548,-0.4344287461296282,-0.5601265266672525,-0.3445334957832816,,-0.4856115281101198,-0.1416585630022482,-0.67267483777938,,,,0.0,0.0,0.0,-0.2741271262309758,-0.1670302624819297,-0.0971615681710714,-0.1600569481333279,0.1970913826785326,0.0,0.0,-0.463025993910702,,59.8907,-0.0393249703209346
2010-09-30,-0.0482055088490933,-0.8044509881828202,,-0.0948208110657026,-0.152176995871073,-0.0358950429696435,-0.8686444116716991,-0.2386793322881121,1.0,,0.0531056789737329,-0.0405387448145745,-0.9967593380446824,0.1391009811972709,0.2039574399817273,,-0.133743069952361,0.2933503461475459,-0.3554844446806196,-0.071884684007888,,-0.383386305014233,-1.1992597109843162,-0.1946281598358858,-0.2158128944690329,,-0.0352282303429478,0.0,-0.1734593717536567,-0.5054132140890983,-0.0908579160697427,-0.1414542127705335,0.0,0.0,0.0,0.0624847150892638,0.0,3.0,0.0,-0.3783589361211538,-0.8506388787062534,,-0.4797798859304691,,-0.1062495900909763,,-1.270347831744912,-0.9128034150148876,-0.2439205009117048,,,,-0.8244180472422937,-0.1851827417053448,0.1952038137960696,-0.2381270941652224,-0.4058348289082203,,,,0.3423827199612766,,1.9430867735201696,0.4284928560508748,,0.347762572772777,,0.3342860996743466,0.1083638175405472,0.1952038137960696,-0.3400464895039624,,-0.3499046081596713,-0.0376059322033898,-0.12184199408534,-0.0416000416000416,-0.4644236847650488,-0.1068544275090334,-0.0324436341399889,,-0.3128771155261221,,,,,-0.781412266399097,-0.3562052974927297,5.669977081741788,-0.302836210867048,0.0,0.0,0.2262327252490834,0.0,-0.0489011304718836,,-0.0757987441967715,-0.3499046081596713,0.2242239741888481,-0.0083560319831297,-0.3631137086180966,-0.2730857024278896,0.1237740790848383,-0.0782212988167131,-0.6396298966594569,,,,0.0,0.0,0.0,0.4056102655923604,-0.0584047183824964,-0.0568326319519418,-0.0817029671430507,-0.1271977425656609,0.0,0.6698451903481975,0.0928952323964731,,53.0802,0.0280104445725525
2010-06-30,-0.0593500479900864,-0.8040488580144062,,-0.1375484648433406,-0.1498314948894374,-0.0754143057870143,-0.8686444116716991,-0.2970545940203783,1.0,,0.0197357959992589,-0.0630921384148419,-0.9967593380446824,0.141067353949937,0.1123658443073392,,-0.12692609676647,0.426854957137479,-0.3274251709802313,-0.073465427113657,,-0.3832929877597454,-1.185982926916457,-0.2050740401095873,-0.2310541898047104,,-0.1076676311530782,0.0,-0.1749054434085584,-0.5050617445382715,-0.0985017137394375,-0.1399193633796666,0.0,0.0,0.0,-0.0104243091220347,0.0,3.0,0.0,-0.4157681040196022,-0.8247296666670837,,-0.4827605972886991,,-0.1087352784102088,,-1.2699865415107068,-0.995393969762086,-0.2487856423623462,,,,-0.8742507069632027,-0.1963152421432973,0.1049396859084898,-0.2496811091854419,-0.4189020790975273,,,,0.3944246344803931,,2.188257611457241,0.4284928560508748,,-0.2127494194778132,,0.2552557374732637,0.036166725668358,0.1049396859084898,0.1670480959945433,,-0.3960595832110361,-0.0376059322033898,-0.1066328686100549,-0.6778596778596778,0.5448713446184824,-1.899897413417838,-0.0205080004982617,,-0.6988331756543678,,,,,0.1305531167690957,-0.3136052817731667,-0.2970642802575575,0.262606696883999,0.0,0.0,0.4488042528471914,0.0,-0.0902225857206254,,-0.0598955870492237,-0.3960595832110361,0.477964249473109,0.1948071346981811,-0.4110110605570256,-0.8578543266237809,0.35853462429165,-0.0894470979334896,-0.6187214611872146,,,,0.0,0.0,0.0,0.6886302596239928,-0.0492889372090337,-0.0968818846874477,-0.0761674297474358,-0.7388756240503581,0.0,0.7716471609309226,0.280332975484416,,45.3447,0.2033820931663457
2010-03-31,-0.0807426091061985,-0.8036467278459921,,-0.3299014984805616,-0.189475391961623,-0.0529678789661144,-0.8686444116716991,-0.3984410491834636,0.6666666666666666,,-0.0189773252815019,-0.0546559956214155,-0.9967593380446824,0.0856110957981569,0.0375024132389609,,-0.1820930559562049,0.2686300373879582,-0.3239453693563239,-0.0700535261526903,,-0.4030940608233381,-0.9870675940217662,-0.2105762869557094,-0.2609022742183107,,-0.0668989170959574,0.0,-0.182450313721485,-0.5443047357606942,-0.1227726398245935,-0.183238532214729,0.0,0.0,0.0,-0.0643800440205429,0.0,2.0,0.0,-0.4591672868987504,-0.614588428995197,,-0.6787996904645898,,-0.112410405599123,,-1.3103260515943005,-0.9645008046098846,-0.2606301667576698,,,,-0.995021571723231,-0.2176846943010848,0.0311612757137134,-0.2566135181975736,-0.4259758998789628,,,,0.5582854635912678,,1.328338904607882,0.4284928560508748,,-1.4066506652813555,,0.3289420439728429,-0.051071864060103,0.0311612757137134,1.7870726869676816,,0.060096859407103,-0.0376059322033898,0.8728348119983101,-1.227045227045227,0.8048746224625974,-3.3786418997695606,1.6547838789676923,,0.2271838536739199,,,,,2.115289100714913,0.0015719562996148,-0.0886172650878533,1.626992428449059,0.0,0.0,0.585645176250055,0.0,0.3618683654919392,,0.355607600276706,0.060096859407103,0.5879738766164494,0.3969246990598365,0.0623655504578423,,0.4603155497566213,0.2595029839276238,-0.7653208363374189,,,,0.0,0.0,0.0,0.8526410026857655,0.279380971155263,0.341460350718348,0.2272127130141015,0.2274799218580421,0.0,0.0,0.400288625684166,,37.8355,0.4422169655482283
2009-12-31,-0.1028021640432737,-0.8031116223629233,,0.05243372105208,-0.2605745937399776,0.0374713590170898,,-0.3633612400558818,0.6666666666666666,,-0.0610488110456288,-0.1888974992862434,-0.9967593380446824,0.1018649283779982,-0.0529580191590779,,-0.2681644937487241,0.0852767312406422,-0.3583606157198025,-0.0692553291388862,,-0.4664793817647056,-0.5941070644227703,-0.2051407686749422,-0.2952004973416779,,,,-0.2130656676351301,-0.6688482209560804,-0.1613952206900277,-0.2667318135826024,,,,-0.0787172902910247,,,,,-0.2525087859115141,,-0.6369168744566411,,-0.1096778349308073,,,,-0.3020298435109211,,,,,-0.2397204197708544,-0.0579880832271489,-0.247370306181398,-0.4154748773231098,,,,0.5582854635912678,,0.7256867506602311,,,-0.530162741509924,,-1.5911283536839942,0.2536312263173766,-0.0579880832271489,-0.6070829182484765,,-0.4396830055767537,,-0.9644275454161386,0.5785005785005785,-0.6477254103158437,-0.4695421350794361,-1.387421155740768,,0.2119205298013245,,,,,-0.2631380910573184,-0.0672797296235164,-0.2221979700971297,-0.666434225648575,0.0,0.0,-0.62987244387384,0.0,-0.2313023471320098,,-0.415105767790103,-0.4396830055767537,-0.7129810319256888,-0.8210789913012916,-0.456281292238573,,-0.7433281495996649,-0.2282703547343842,-0.8913722662821437,,,,0.0,0.0,0.0,-0.6259623992837959,-0.2678359079740186,-0.2218150747027474,-0.2260125548558902,-0.0112871716952463,0.0,0.0,-0.6549831928336355,,36.4859,0.4955640398071583
2009-09-30,-0.0870133024153552,-0.8027094921945093,,-0.1675180760767054,-0.2411475533771692,0.0427994641048263,,-0.4604780008266128,0.6666666666666666,,-0.0727111570153591,-0.0435516529550839,-0.9967593380446824,0.0793368890960084,0.2629981808936734,,-0.2655896468194919,0.1307112908185405,-0.3924130194897121,-0.0698344132469402,,-0.4026970383224272,-0.5370542683947628,-0.2625673720193779,-0.2635919740519803,,,,-0.2123255387621131,-0.5435484932200524,-0.1528341672999694,-0.2613227729612328,,,,-0.1168378576669112,,,,,-0.1893340472994191,,-0.7222492906480181,,-0.1247170456568382,,,,-0.2579101104011748,,,,,-0.2239486137980943,0.2533888574020256,-0.3166943963027152,-0.487312556270384,,,,0.6877753267697411,,0.8557557916858002,,,0.0047183905913416,,1.0554766936224604,0.0180859851315737,0.2533888574020256,0.5004622025973093,,-0.4680437334898737,,-0.0141951837769328,-0.0261690261690261,-0.0622790381868839,-0.2832789959300219,5.254974124361602,,-0.5670976558393777,,,,,0.5376897027467703,-0.4145248762084414,0.0,0.5554565528997017,0.0,0.0,-0.1635530214643814,0.0,-0.1564836175100278,,-0.2592620535538764,-0.4680437334898737,-0.2167200062446335,-0.4089095861523592,-0.485712653962573,,-0.2841873654917405,-0.1663683389939653,-0.8394616678683009,,,,0.0,0.0,0.0,-0.0212772306774097,-0.1730469170021863,-0.161024210397826,-0.1621918045544535,0.2114174082917299,0.0,0.0,-0.2678023970011087,,35.3532,0.5434812124503581
2009-06-30,-0.1075577654279909,-0.8023073620260952,,-0.2006968458556009,-0.2626207439957287,0.0273928699800673,,-0.5023210058716837,0.6666666666666666,,-0.095471339848423,-0.1504164786340079,-0.9965338280632556,0.069425461117252,0.0187539257619717,,-0.2847340108079673,0.1999350524322289,-0.317654990663238,-0.0772372992769274,,-0.4025163421841921,-0.4989072277988506,-0.2678770592911901,-0.2932368142300288,,,,-0.2184790351659499,-0.5424058007467478,-0.1600747121770453,-0.2845324819427087,,,,-0.1195280019564685,,,,,-0.1452975199270353,,-0.7734181689642984,,-0.1264302311418425,,,,-0.2811452345110205,,,,,-0.2444708839962754,0.0126845163684793,-0.3236268053148469,-0.4939546974963778,,,,0.6965460723136966,,0.2815061090178448,,,0.2896341880208343,,0.8713251588122323,-0.1798686229005231,0.0126845163684793,0.0197356021647236,,-0.5001467566774288,,0.0003379805661174,0.8434668434668434,0.1043759218936573,-0.029655741347872,-0.03323632328128,,-0.6160412067696835,,,,,0.1112003010159287,-0.2225890120254657,-0.6181381643566517,0.104348799269963,0.0,0.0,0.1248712478826073,0.0,-0.1533050440293553,,-0.1929737501208729,-0.5001467566774288,-0.2634819035724507,-0.4560759160003514,-0.5190275847627025,,0.0039190952378659,-0.1400304532888293,-0.8225186253304494,,,,0.0,0.0,0.0,0.3126827812593256,-0.1250443045284206,-0.1580116874513368,-0.1215666604726024,0.1085304970696765,0.0,0.0,-0.009433132116647,,37.2867,0.0195243880525762
2009-03-31,-0.1149043812710649,-0.8018683832765118,,-0.3292072723462224,-0.2532199572785427,-0.0161495278240695,,-0.5314642319161363,0.6666666666666666,,-0.1256121660804379,-0.1751170626645422,-0.9965338280632556,0.1160046260908111,-0.1865114217580344,,-0.2664370318787299,0.1686625111718438,-0.2479842308774895,0.0518202022099101,,-0.3953724821838273,-0.5104922058354566,-0.2788377027833438,-0.3037509115497644,,,,-0.2216822719050583,-0.5421142975647825,-0.1445893972712661,-0.2638751525480618,,,,-0.1351186109073123,,,,,-0.1273203376492416,,-0.6272868839146676,,-0.1272036709109818,,,,-0.2865062013822297,,,,,-0.2518095637797807,-0.189605851465077,-0.3351808203350664,-0.5076658895639679,,,,0.6688421675696894,,0.5126722265780878,,,-1.288565910018573,,0.0755618645102031,-0.2153850188149838,-0.189605851465077,1.3806754440286118,,-0.1060316994423246,,0.953105196451204,-0.5063245063245063,1.4263304535131465,0.2853368157977248,4.163033508102416,,-0.2125932933879953,,,,,1.7239182240060202,-0.3918887054939872,0.945105314853214,1.3272037775969905,0.0,0.0,0.3232788709842764,0.0,0.2048957366771926,,0.1669098293327496,-0.1060316994423246,0.3320479796008638,0.1410772339864686,-0.1100344571569989,,0.2235328669577903,0.1532939931343412,-0.566450372506609,,,,0.0,0.0,0.0,0.523575052223217,0.1623214378163542,0.1892959442339576,0.1459247016021203,-0.0451486867809854,0.0,0.0,0.1771880114746308,,36.8653,0.0311783709884362
2008-12-31,-0.1213030028398204,-0.8012723975289021,,-0.1204154877920989,-0.2374950049516132,-0.0708573669248112,,-0.5688530917711034,0.6666666666666666,,-0.1611168390399465,-0.1982940887794827,-0.9965338280632556,0.102171818923212,-0.2233394876591718,,-0.30569796796617,-0.0328358809447859,0.0331498639547849,2.3821955113156164,,-0.1196216918503072,-0.5331015299518684,-0.2603024138581885,-0.3154217820310482,,,,-0.2051293665787372,-0.2486938575282362,-0.1643776606785721,-0.3510654331387344,,,,-0.1597273171924676,,,,,-0.1273203376492416,,-0.6880093242765565,,-0.1232193552013941,,,,-0.1860264815585096,,,,,-0.2582012733440145,-0.2259001558264765,-0.3143835932986712,-0.4844792120059386,,,,0.6688421675696894,,0.6570588081950876,,,0.1940320952114975,,0.1077675078844091,-0.2574755142980765,-0.2259001558264765,-0.3229853800382327,,-0.5385603169944232,,-0.9652724968314322,0.992992992992993,-3.352859918990424,0.1538311674474814,-0.9596860951000488,,-0.3044255229685693,,,,,-0.0098081023454157,1.7359113416647016,5.146131179744625,-0.2882010356538695,0.0,0.0,-0.7582389151139121,0.0,-0.2484177427971691,,-0.4288624343965546,-0.5385603169944232,-0.8187339005542112,-0.9340391881205518,-0.5588912791029716,,-0.8432795220051902,-0.1768920374933879,2.5719778899303054,,,,0.0,0.0,0.0,-0.7178752611160848,-0.2289506696455239,-0.2125547071559863,-0.1487581366950802,-0.0950727154330366,0.0,0.0,-0.7967336020133401,,30.1514,-0.1046087412193132
2008-09-30,-0.1137948202306395,-0.8007581195047551,,-0.1714869537881169,-0.2229737947200636,-0.0800878345260268,,0.7244339239174616,0.6666666666666666,,-0.1686845745765222,-0.2131244383689246,-0.9965338280632556,-0.0044783286968233,-0.2669844437858077,,-0.2843487682360998,-0.2458179226549186,-0.0713961302878911,-0.079647541240179,,-0.2400552438146566,-0.5402156097067194,-0.2938878540665341,-0.2974248083225481,,,,-0.2109837346851653,-0.2231531815906579,-0.1322506092106742,-0.325603145300705,,,,0.0266874541452677,,,,,-0.1273203376492416,,-1.058840388638904,,-0.1358675080342168,,,,-0.1834769379346747,,,,,-0.250701201324214,-0.2689125509316762,-0.3536672443674177,-0.5264928421090289,,,,0.7002356110296041,,0.9647375418346904,,,0.5381074488466698,,-0.0746883169436112,-0.26232151988357,-0.2689125509316762,-1.0147186846521814,,-0.4899471675961256,,0.0033798056611744,-0.1548691548691548,-0.0630282596989066,-0.5487499353126151,1.5089517252312954,,-1.021801744980553,,,,,-0.8720306032860906,-0.9434881710288454,-0.5186074429771909,-0.8048571563854561,0.0,0.0,-0.2709579157534013,0.0,-0.2794699606468152,,-0.3534951135461617,-0.4899471675961256,-0.3076314625452085,-0.490905895791231,-0.5084429553199186,,-0.3704459776313065,-0.2233573861375483,-0.6792838260033646,,,,0.0,0.0,0.0,-0.1757684273351238,-0.2324838811165139,-0.2448865919026891,-0.2045033175501125,-0.0968092033861515,0.0,0.0,-0.3498002499076046,,35.4682,-0.1333842709807659
2008-06-30,-0.1196185291427116,-0.8002822921740022,,-0.2290291313004296,-0.2265817340178408,-0.0899754925987648,,0.5414860585938701,0.6666666666666666,,-0.189049331509286,-0.226673315238342,-0.9965338280632556,0.0219256245080516,-0.2720094191095896,,-0.2813730758535937,-0.2246208757576019,-0.0850006517881829,-0.0797257958493755,,-0.2555230029153159,-0.4982092693273797,-0.2853389715793507,-0.3078109932253817,,,,-0.217191928834814,-0.2535161530241789,-0.1428544250624158,-0.31293208372913,,,,0.0821411102959158,,,,,-0.0602321307258557,,-0.9814183218212912,,-0.13267865006418,,,,-0.1970812934001824,,,,,-0.2565186192715991,-0.2738646975988252,-0.3444240323512421,-0.515798636989691,,,,0.6938921935882193,,1.18094443631201,,,-0.1816189782418917,,-0.0941761354512579,-0.2631895003212314,-0.2738646975988252,-0.0220780269782719,,-0.5097226298796596,,0.0,-0.6289016289016289,-0.1134602327269321,0.0951285071978033,0.18328105359711,,-0.342773047408809,,,,,0.2538567665872319,-0.7557965888548298,-0.3097238895558223,0.0082903963119358,0.0,0.0,0.0377054542081805,0.0,-0.2990304128355687,,-0.3030865896409516,-0.5097226298796596,0.0246975255639684,-0.2150777611809155,-0.5289649526927983,,-0.0617137134631032,-0.2096720652042318,-0.609829367940399,,,,0.0,0.0,0.0,0.1937928976424947,-0.194387163833168,-0.2646611622744904,-0.1708150596795759,-0.0399392229216409,0.0,0.0,-0.079041199556502,,34.6736,0.0262678233584052
2008-03-31,-0.1367525912480591,-0.8001637358693702,,-0.413915959341926,-0.2296144503521538,-0.1359505930791099,,0.5066726783963711,0.6666666666666666,,-0.2171931613176701,-0.2265338531148076,-0.9974577925704902,0.0035690233776714,-0.2729094552741847,,-0.3239243624319022,-0.3831446692703169,0.0011599338746358,-0.0504742229317306,,-0.1677716984885573,-0.5207789528003814,-0.3055596334123272,-0.3302163950729199,,,,-0.2275554423616093,-0.084327706211433,-0.1659974663358657,-0.3470393048533502,,,,0.0104243091220347,,,,,-0.0508513169796732,,-1.0121425773599686,,-0.1384037908386504,,,,-0.1379413089936591,,,,,-0.2736341725913471,-0.2747516892367182,-0.3675320623916811,-0.5410936279566174,,,,0.6920797886049664,,0.281995391917608,,,-0.6916816883088983,,-0.0409539653278693,-0.2749216588653319,-0.2747516892367182,0.6705796828302953,,-0.1215879072497798,,1.0005914659907056,-0.904163904163904,-0.0962515511226616,-1.7823216226335832,0.7433499043110965,,0.1509933774834437,,,,,1.008152514737238,-1.243417432995363,0.868492851686129,0.57161550812037,0.0,0.0,0.1486543878233447,0.0,0.0,,0.0,-0.1215879072497798,0.1932922228293393,0.0202091204639311,-0.126177920767576,,0.0954256358900534,0.0281482465058778,0.0,,,,0.0,0.0,0.0,0.3329752312742465,0.0368717219627005,0.0346807519693391,0.0355953776446442,0.0121554156718037,0.0,0.0,0.0152901216099681,,30.361,0.0932215671420571
2007-12-31,-0.1482306272995338,-0.8024307246674015,,-0.0714005029864822,-0.26264703990263,-0.0977153873803221,,-0.5127800492551945,0.6666666666666666,,-0.2480589190721442,-0.2334280184668902,-0.9974577925704902,-0.0141851629787705,-0.2850748987799207,,-0.3573605942914629,-0.4414652860997836,0.1151730476868161,2.7919679469120733,,-0.0550775402759391,-0.3134668821890696,-0.3050315244808041,-0.3469703937736988,,,,-0.2260170682606501,-0.1655721416239059,-0.1961823137469794,-0.392760545572155,,,,0.1046404988994864,,,,,0.1435071832411474,,-1.0177600718427866,,-0.1390057715190525,,,,-0.1674400117438462,,,,,-0.2850998096852906,-0.2867408148800217,-0.3675320623916811,-0.5404329912888973,,,,0.6945394810822382,,-0.1011452027215358,,,0.743404310999748,,-0.1007662810639295,-0.2744444007394879,-0.2867408148800217,-0.952397619880994,,-0.5181244496624596,3.4772245762711864,3.28077735530207,0.3964613964613964,0.0077263468427337,-0.7275610877221821,2.207333506970002,,0.3703563544623147,,,,,-0.577235670387558,1.7970604417197202,-3.1524609843937577,-1.0301097207694658,0.0,0.0,-0.6011393647089835,0.0,-0.3682255124532841,,-0.5310098812948226,-0.5181244496624596,-0.6446751489605287,-0.7821984008435111,-0.537683946010775,,-0.6819514590685649,-0.3164095841507511,2.701754385964912,,,,0.0,0.0,0.0,-0.5462846911369741,-0.3436494187644114,-0.3661862668298943,-0.2828042065613303,-0.0820490557846754,0.0,0.0,-0.6511395434786434,,33.8116,-0.1150315276414011
2007-09-30,-0.1548563937329423,-0.8020285944989874,,-0.2012600859268573,-0.2815695275517712,-0.075968499820279,,-0.5897301894719583,0.6666666666666666,,-0.2596945953203124,-0.207203876520762,-0.9974577925704902,-0.0281884648937107,-0.284580014846518,,-0.3642585538617967,-0.42194653033425,0.0310674629829978,2.32517920305506,,-0.1408556089396233,-0.2180730895598933,-0.3645762831426485,-0.3486226379572387,,,,-0.2396932140181775,-0.2843188778293507,-0.1923784203021984,-0.3849702073024288,,,,0.1966250917094644,,,,,,,-1.0744318018973371,,-0.1542140989965427,,,,-0.2035369170977859,,,,,-0.2917184187447154,-0.2862531034658327,-0.4391669555170421,-0.6149203718168105,,,,0.9372075625899092,,0.1842190222764087,,,-0.5831118332783245,,-0.96954787490285,-0.0966237921042625,-0.2862531034658327,-0.3687658741911455,,-0.5145289110654535,3.4772245762711864,0.0542458808618504,0.5088335088335089,0.2846105218796094,-2.3849462561985737,3.006635940525666,,-1.0261326605697467,,,,,-0.0053932020569421,-0.2483690953391495,0.4326094073993233,-0.1843515541264737,0.0,0.0,-0.2342287809188141,0.0,-0.3078326163205078,,-0.4002631044841462,-0.5145289110654535,-0.2669788983425702,-0.4624725419558914,-0.5339526737611605,,-0.3272877838816375,-0.2532040392048125,-0.5235520307618361,,,,0.0,0.0,0.0,-0.1495971351835273,-0.2563059780249539,-0.307668423379169,-0.2155450520371252,0.1532450618623833,0.0,0.0,-0.3091814645993558,,29.6083,-0.0366030915026228
2007-06-30,-0.1363682967949214,-0.8016280664427982,,-0.1839306297809913,-0.2904472135495295,0.0006958794889389,,-0.5603615235635894,1.0,,-0.2811035122608993,-0.1983204023876968,-0.997248987032132,0.0127416407846168,-0.1001922433741295,,-0.3485613121726065,-0.4605299836481566,-0.0810675044981687,2.5787241368516605,,-0.1978995982692194,0.060102294096057,-0.3597336958283207,-0.3226655178143003,,,,-0.2162637764605686,-0.4233109264554129,-0.185637949654891,-0.3733741105775889,,,,0.292216923453167,,,,,0.2320181260642244,,-0.9540187058744852,,-0.1513372403519127,,,,-0.2501317036273383,,,,,-0.2732502932659004,-0.1045377259517406,-0.4345453495089543,-0.6088625482211105,,,,1.076018365682254,,0.3986853529955543,,,0.589369169145319,,0.7451103817274403,-0.2688143282329649,-0.1045377259517406,-0.4108128483347244,,-0.5130613442911652,1.6843220338983051,0.1137304604985213,0.1929851929851929,0.0,0.3632660888941653,-0.1366029873056496,,-0.6542625880374224,,,,,-0.0645302897278314,-0.9500903874872278,-0.7434246425843064,-0.300821722043587,0.0,0.0,-0.0569096562867645,0.0,-0.3313051589470119,,-0.3837967592243306,-0.5130613442911652,-0.0871750839122629,-0.3103242245848344,-0.5324297054960118,,-0.1594407345174072,-0.2580770861349014,-0.5927661619802932,,,,0.0,0.0,0.0,0.1123545210384959,-0.2468947005810364,-0.330619060429409,-0.2098614159630815,0.2205339700455828,0.0,0.0,-0.1770612977596311,,36.3881,-0.0803872536649155
2007-03-31,-0.1523508346724318,-0.8012259362743841,,-0.3897097348842083,-0.2904493266134769,-0.0484841355422671,,-0.5415543737041477,1.0,,-0.3061621401885832,-0.1953759096285439,-0.9974577925704902,-0.033917088404368,-0.2787420159178601,,-0.36897359602394,-0.7090435177441928,-0.118666134165408,0.0,,-0.2920202294840955,0.0183890113304992,-0.3658460324148305,-0.3445987054429198,,,,-0.2178619762210096,-0.3336645364724617,-0.1871514215934906,-0.3121495875295931,,,,0.2130716556615309,,,,,,,-1.1128371213206845,,-0.1547622059195547,,,,-0.2181608572309401,,,,,-0.2892155662727053,-0.2804997166182305,-0.441477758521086,-0.616508761783242,,,,1.049317756553976,,0.266907832336386,,,-0.3474813441944852,,-0.0232132419534065,-0.2841678794792117,-0.2804997166182305,0.4307189718460282,,-0.0935573818608746,1.6843220338983051,1.1734685255597803,-0.9543569543569544,0.1708927442579195,0.2829015260134611,-2.48250988030394,,0.8690423630820981,,,,,0.7746268656716417,-0.5178024050931385,0.0833788060678817,0.1945186964363348,0.0,0.0,0.0684009353139599,0.0,-0.0144258334892056,,-0.0723601088546985,-0.0935573818608746,0.0902661775037077,-0.0600562340743344,-0.0970892269032344,,0.0031294986543155,-0.0138797220931277,-0.1262917567892333,,,,0.0,0.0,0.0,0.2662787227693226,-0.0093340183112109,-0.0233014265042764,0.0021138990609705,0.1484697199913175,0.0,0.0,-0.0689744988648563,,34.3066,-0.0252541484615005
2006-12-31,-0.1691077377654161,-0.8006972392402143,,-0.2450880226343917,-0.2931559267452382,-0.094024768813515,,0.32886210936566,1.0,,-0.3334234446652778,-0.2726089810976195,-0.9974577925704902,-0.0035690233776714,-0.2946625952039765,,-0.3991569986074428,-0.719871944087616,-0.0295064925575753,0.4461138761073027,,-0.2058909486080671,-0.0103037358121005,-0.4060147222280477,-0.3648811656360258,,,,-0.2053977273941267,-0.212027754434388,-0.2186479446847239,-0.4079880601100464,,,,0.2322083639031548,,,,,,,-1.023415780573787,,-0.163381538634511,,,,-0.1775869742239161,,,,,-0.3059543679998397,-0.2961895535966707,-0.4900046216060081,-0.6667576930185968,,,,1.049317756553976,,-0.5425906727439346,,,0.6148984745302604,,-0.1351557933546153,-0.2766707312276285,-0.2961895535966707,-0.9179612826795186,,-0.4669063692398004,,2.2670046472327843,0.2343512343512343,0.022546884877432,0.1830546448586466,0.2051819221579263,,0.1063807421423315,,,,,-0.4838078514988085,1.9473394639629016,-3.5300665720833786,-0.9430304282510537,0.0,0.0,-0.5828333764541057,0.0,-0.4066128998737128,,-0.5632306170310211,-0.4669063692398004,-0.6495563708271538,-0.7740532466391354,-0.4845323535570827,,-0.676770935142344,-0.3448494323963458,2.8439077144917086,,,,0.0,0.0,0.0,-0.5082960310355118,-0.3693217524282864,-0.4033960211469156,-0.3066550795750965,0.3551117864119817,0.0,0.0,-0.6426638038753277,,31.6976,0.0582190704312129
2006-09-30,-0.1726917677315491,-0.8007068519135628,,-0.2745860840406581,-0.2886236393629065,-0.1151468810247361,,-0.5293942840747231,1.0,,-0.3451556976324358,-0.189492186831881,-0.997408723268976,0.0447491880187657,-0.2868885668215671,,-0.3842677632767983,-0.6948182761306193,-0.051667290778069,0.4849751150342755,,-0.2261077076234682,-0.0224167838484198,-0.4276881602553226,-0.3684149357464457,,,,-0.2281536989564268,-0.2558598386071811,-0.2190804137706582,-0.3432746875310595,,,,0.146307165566153,,,,,,,-0.8625337957257363,,-0.1667156215157733,,,,-0.1896770835106476,,,,,-0.3095345263772148,-0.2885281968210327,-0.515423454650491,-0.6938700310642332,,,,1.030093317981616,,-0.3827716272065355,,,0.7202576366253352,,-0.0873932955224264,-0.2789232846897166,-0.2885281968210327,-0.8912343053050088,,-0.53584531846199,,0.097338403041825,-0.0733070733070733,0.1062958020182154,0.1879252244271742,0.5857633030224104,,0.567518133081047,,,,,-0.8642794431205318,-0.8798239408944432,0.8922841864018335,-1.0118071428263966,0.0,0.0,-0.2179730633484825,0.0,-0.3738491424575507,,-0.4531964113228439,-0.53584531846199,-0.2528764343142611,-0.4556717335910728,-0.5560737878124464,,-0.3066619804430407,-0.3058824142020461,-0.3716654650324441,,,,0.0,0.0,0.0,-0.0971351835273052,-0.3029458031166493,-0.3717799365023684,-0.2625593966515727,0.4948990666377252,0.0,0.0,-0.3104908396543531,,29.587,0.1148654466456044
2006-06-30,-0.1792945988196112,-0.7377630668273051,,-0.236848999266478,-0.2842817625207256,-0.1451350521190733,,-0.558940569269814,1.0,,-0.3664239924047865,-0.1868818768970467,-0.9624933051724264,0.1966259089501217,-0.2892243102215285,,-0.3561420835530584,-0.4997226796331899,-0.0666467947382011,1.100181550693336,,-0.2421413086217932,-0.0352518578897091,-0.4829565711431365,-0.3742893008531012,,,,-0.2218617488835036,-0.3528187941262942,-0.228912375919931,-0.3405121215626787,,,,0.2790107605771582,,,,,0.0953169746688002,,-0.5629723042236298,,-0.174036362443901,,,,-0.2229742047115927,,,,,-0.3161302248668185,-0.2908300875066826,-0.5824367417677643,-0.7630079240625578,,,,1.0541076840097157,,-0.0114780955665755,,,-0.0342083317872271,,-0.640824217821655,-0.1682046440886861,-0.2908300875066826,-0.4285739928022042,,-0.6190563545641327,,0.1051119560625264,0.0918190918190918,-0.032333590878228,-0.8803511687868908,0.8825914140441867,,-0.0509197939661515,,,,,-0.0692712906057945,,0.6447669977081741,-0.4413882755028689,0.0,0.0,-0.1472484879253701,0.0,-0.400255752912368,,-0.4592469643629439,-0.6190563545641327,-0.1583118674056149,-0.3957648712766892,-0.642426088446382,,-0.2303503594108839,-0.3054953476070649,-0.2597933189137226,,,,0.0,0.0,0.0,0.0,-0.2962784196126689,-0.3973117202785932,-0.2468860855702986,-0.0091165617538528,0.0,0.0,-0.2543285053061368,,25.4696,0.3217600590507901
2006-03-31,-0.1804824798171084,-0.7379457076209275,,-0.3985643927486115,-0.2874281147384332,-0.1417842695160605,,-0.5441981684718935,1.0,,-0.3892856009971243,-0.1757328010967511,-0.9624933051724264,0.1985468164368302,-0.1744166759570701,,-0.3636946211481083,-0.5477838797837763,-0.1151448173706117,0.804692146367421,,-0.2558742151276601,0.0545879974502571,-0.5252148183171819,-0.3704964196214866,,,,-0.2263657663902009,-0.3483346423214314,-0.2330695826792224,-0.3385756369543504,,,,0.2645512350207875,,3.0,,,0.1842445367206687,,-0.5565140962807983,,-0.1843407725965277,,,,-0.2189418404638062,,,,,-0.3173168226756261,-0.1776863988809434,-0.6355852108607741,-0.8158707823297578,,,,1.1337887745234374,,-0.2230488340428603,,,-0.1155771337730133,,0.0887036168723143,-0.2064036502379735,-0.1776863988809434,0.2460084542688672,,-0.2942104490754329,,0.1252217997465145,-0.4483704483704483,-0.2613612418346562,-0.504025838424611,0.142310349122946,,0.953726479554294,,,,,0.581349554747272,,0.2501364182036451,0.0,0.0,0.0,0.0,0.0,-0.1019588570338774,,-0.1663700188402362,-0.2942104490754329,0.0,-0.1843159652051665,-0.3053170629557006,,-0.0777078588933129,-0.0717791568110051,-0.2597933189137226,,,,0.0,0.0,0.0,0.1174873172187406,-0.0691580745749752,-0.1082493591574416,-0.0410233339247966,0.2691556327327979,0.0,0.0,-0.0974146882314637,,36.6378,-0.1011032321809715
2005-12-31,-0.1929829225966922,-0.7379457076209275,,-0.1807738656606937,-0.3000701067660777,-0.1521016893768584,,-0.5598286657034236,1.0,,-0.416602669437085,-0.2654253660551822,-0.9626123243292906,0.2195176703597723,-0.2140264246267297,,-0.3887387317940843,-0.6482456972236351,-0.072791040029758,1.2076407800419444,,-0.2249582087159164,0.1243951704954691,-0.5892818671796505,-0.3810681533662295,,,,-0.2094265582340832,-0.3305163021072348,-0.2513433549749063,-0.3684713910265079,,,,0.2205306921007581,,3.0,,,0.167248223738288,,-0.4816523840914085,,-0.1992188305178439,,,,-0.2110452968820175,,,,,-0.3298037620598164,-0.2167220701473719,-0.7121860196418255,-0.8960153115068836,,,,1.1337887745234374,,-0.2954466611455235,,,0.3652221803417317,,-1.0223461175306865,-0.0178053993103357,-0.2167220701473719,-1.2884233955287507,,-0.6845465218667449,,,0.3518713518713519,-0.5940390063449696,-0.3300852655835715,0.4104657614911615,,0.0652160201829076,,,,,-1.0474727204314562,-0.4278865047551678,-1.9179308086871112,-1.2899615611427488,0.0,0.0,-0.5232876578586387,0.0,-0.4911140533291278,,-0.6234789936147219,-0.6845465218667449,-0.5813025264746442,-0.7685528512433002,-0.7103885472786461,,-0.6165208641267976,-0.395777329092958,2.410358086998318,,,,0.0,0.0,0.0,-0.4457176962100865,-0.4110775259554844,-0.4854191282171007,-0.340293039781261,0.2244410679400911,0.0,0.0,-0.5863184386054452,,37.5861,-0.0702593568764563
2005-09-30,-0.1895128897915032,-0.7583726384865808,,-0.3256051556114429,-0.293698749394842,-0.1556108878214554,,-0.5818192997018046,1.0,,-0.4325059052218709,-0.1584210782527237,-0.9762828229255952,0.1324857850004404,-0.0184629775154107,,-0.3829080836113835,-0.560968810798539,-0.1478836811335966,0.7967414780730585,,-0.2406685926782434,0.17176998658235,-0.6459763628356209,-0.36645201100881,,,,-0.2279075591002733,-0.317631861464362,-0.2487047160193276,-0.356258177309321,,,,0.1954940083149914,,,,,0.2142148479089593,,-0.2870272180982679,,-0.2167367025512737,,,,-0.2043865709874913,,,,,-0.3263374776998484,-0.0239929898183542,-0.7811658001155402,-0.9669371620050442,,,,1.1883551102692274,,0.2067821828835206,,,-0.0156863051447253,,-0.9101081015113658,0.1478818392793926,-0.0239929898183542,0.0,,-0.7222996771353096,,,0.0908570908570908,0.5581700264568846,-0.0930341579833365,-1.1273511726137226,,-0.6583832650057816,,,,,0.4729211087420042,,1.3473753137618685,0.094086958767546,0.0,0.0,-0.181614929875861,0.0,-0.5002585647273701,,-0.5568889063630693,-0.7222996771353096,-0.2205916790258371,-0.4730691503382831,-0.7495669058995983,,-0.2787853693530604,-0.3776068956868544,-0.4961547704878635,,,,0.0,0.0,0.0,-0.0410922112802148,-0.3664655539758585,-0.4942860427275776,-0.305813990854208,0.4050358150640329,0.0,0.0,-0.2845004487777406,,33.9838,0.0203597007986157
2005-06-30,-0.1986603549728883,,,-0.3640102693073457,-0.296328574869847,-0.1779051726954873,,-0.3510918462500128,0.0,,-0.4570715473873472,-0.1654783879757335,-1.0295282352069106,-0.4470144948951031,0.1533433216500844,,-0.3891098574732508,-0.776399318337917,-0.1926569626338553,0.8137227282686951,,-0.2328129765277413,0.1997690224652728,-0.6956986766772225,-0.3605819433548962,,,,-0.2099547333420792,-0.3040144985354047,-0.2648531728384954,-0.3619898295860957,,,,0.1458791880655417,,,,,0.0,,-0.1586273442052869,,-0.2528386785470013,,,,-0.2011898937161547,,,,,-0.3354750614841204,0.1453232628965502,-0.8412466782206817,-1.0291371775073488,,,,1.169163036071568,,-0.0572781833968665,,,0.8617312353160599,,0.4693776615902419,0.0319762944315514,0.1453232628965502,-0.7366881164571049,,-0.7497431758144996,,,0.0164450164450164,-0.0516728711573131,0.3973601458738581,0.5429807376538667,,0.2105750026279827,,,,,-0.7887495296626114,,5.2277638328058496,-0.7904802489701571,0.0,0.0,-0.1051007805673392,0.0,-0.5161514321307323,,-0.555539380131786,-0.7497431758144996,-0.1478208830952566,-0.4182057815657675,-0.7780464124578804,,-0.2103793433830361,-0.3808127790990981,-0.5707762557077626,,,,0.0,0.0,0.0,0.0395105938525813,-0.3637495370425682,-0.5096188601475923,-0.3019368792255277,0.4536574777512481,0.0,0.0,-0.2121891554178912,,37.8086,-0.0209132313812201
2005-03-31,-0.2160484047915164,,,-0.4307607670543854,-0.294313885788424,-0.2359015782766395,,0.2670164400312883,0.0,,-0.483712578794379,-0.1522452744048848,-1.0295282352069106,-0.4376713827408167,0.033157223537985,,-0.3908272889194837,-0.7936075500110641,-0.152676192461011,0.7476288853413466,,-0.2294603420756047,0.1363383300600308,-0.7580269697795861,-0.3783981712569044,,,,-0.2153339147817666,-0.2903971356064473,-0.2709801013261819,-0.3977887252114491,,,,0.1398875030569821,,,,,0.0,,-0.1272152321993255,,-0.2677687363558854,,,,-0.1935057636067924,,,,,-0.3528443281511463,0.0268790623078128,-0.9175031773541306,-1.1071066141178294,,,,1.130552337053343,,0.194269374299413,,,0.4947513763600038,,0.8697579117074643,-0.1656583933183862,0.0268790623078128,-0.041975175681861,,-0.4711623128852363,,,-1.1511121511121511,0.6466952307368126,-0.3780117685378824,0.7419910086403116,,0.177651634605277,,,,,0.292399347798821,-0.3505462548141161,-0.1318345520026192,-0.1173482784299039,0.0,0.0,-0.0501047102528179,0.0,-0.244261146707059,,-0.302888942492118,-0.4711623128852363,-0.0601982671141987,-0.2775151568403479,-0.4889489615260142,,-0.1362920737021006,-0.1833532724701488,0.4102379235760634,,,,0.0,0.0,0.0,0.1264995523724261,-0.1764017156306376,-0.246083542404638,-0.1393957853351571,0.138919036249186,0.0,0.0,-0.173921613487971,,29.5499,0.2527250515230169
2004-12-31,-0.2507777842808448,,,-0.5433694854867442,-0.3335811879082028,-0.2553365356337614,,-0.0248120480528485,0.0,,-0.5114519178257388,-0.2689250759476517,-1.0295282352069106,-0.4287601906131275,-0.1717763885980917,,-0.4557341610785752,-1.033091647915212,-0.0846843061860095,0.7217422606191505,,-0.2239283255618441,0.1803847478377268,-0.8040315492656998,-0.4241723627401494,,,,-0.1969828210618798,-0.27677977267749,-0.3076183523165633,-0.4339106398301564,,,,0.1509537784299339,,,,,0.0537701537988041,,-0.0972552616242966,,-0.278705577573526,,,,-0.1891591438107588,,,,,-0.3875361918059329,-0.1750843780942542,-0.9729624494511844,-1.1646559382769786,,,,1.1287868604134066,,-0.5854951683313648,,,0.7446542157921564,,0.2720843744179025,-0.2412906947776947,-0.1750843780942542,-0.834100679392944,,-0.8500146756677429,,,0.1663091663091663,0.1689494509611107,-1.0281732586917014,2.6078680059338444,,-0.0336381793335435,,,,,-0.3699360341151386,-0.4359034818832036,2.501364182036451,-0.8339208925735094,0.0,0.0,-0.6309952111534726,0.0,-0.6029509387183258,,-0.7433976820027395,-0.8500146756677429,-0.6598496084094398,-0.874492575344873,-0.8821032191741704,,-0.7195054429203519,-0.4862294115936859,0.9305455419370344,,,,0.0,0.0,0.0,-0.5570874365860937,-0.5026088895791767,-0.593810699315368,-0.4220169642844668,-1.1421749511612762,0.0,0.0,-0.6890973407718977,,25.5845,0.4468877640759053
2004-09-30,-0.2602815118266108,,,-0.4193911767787907,-0.3561670240875202,-0.2342886645100153,,-0.3445404271743845,-0.3333333333333333,,-0.5244105738980607,-0.1722515107300316,-1.0295282352069106,-0.3873640659587345,-0.2502018963299733,,-0.4564686109962049,-0.9650806240714078,-0.1465385895967963,0.4711083982846589,,-0.3115939477822094,0.2834164430096734,-0.8647316653734035,-0.4311858056147105,,,,-0.2001621275371955,-0.42223819474578,-0.309828938602639,-0.4139486363140152,,,,0.1372584984103692,,,,,0.1743432617156955,,0.0419210302561309,,-0.291914485950661,,,,-0.2439914993874199,,,,,-0.3970296531080924,-0.2523732385779728,-1.046908145580589,-1.240588610576149,,,,1.2594920058619004,,-0.3524521294835057,,,0.425959741347827,,0.0,-0.2613827374162504,-0.2523732385779728,-0.7610547194026368,,-0.8466025829175228,,,0.181012181012181,0.0222425136381728,-0.4598618581869876,-0.2783584540296919,,-0.7177966992536529,,,,,-0.3476859400476608,,-0.099748990505293,-0.6237769943654575,0.0,0.0,-0.3239037153833762,0.0,-0.615909738293375,,-0.6948168629147004,-0.8466025829175228,-0.3944839070590378,-0.6496441437483526,-0.8785623179576996,,-0.4480093981251896,-0.4748083434547776,-0.9607065609228552,,,,0.0,0.0,0.0,-0.1956729334527006,-0.4696702150113698,-0.6064580812527924,-0.3961751420559729,0.0290861732146733,0.0,0.0,-0.4167614086341317,,20.149,0.8372078018760234
2004-06-30,-0.2636920826253461,,,-0.4117677879073667,-0.3602170633200742,-0.2357656438911217,,-0.0783232739333449,-0.3333333333333333,,-0.5451778011743972,-0.1656415323466607,,-0.3457974465570007,-0.2710359660977314,,-0.4515507313757785,-1.030344308322772,-0.1736687537726911,0.3562775847497417,,-0.3458133850028144,0.3523331173154224,-0.8846148713187281,-0.4345486887808107,,,,-0.2016099084966538,-0.4772073662021216,-0.3116552966591848,-0.4168158881352232,,,,0.1338652482269503,,,,,,,0.1816705358592951,,-0.295086947559753,,,,-0.2617341348595677,,,,,-0.4004365396944502,-0.2729053531687173,-1.0700161756210282,-1.265461461867312,,,,1.2992942316991152,,-0.1887107997168576,,,0.1596050300855989,,-0.0091465568737274,-0.2796077043097457,-0.2729053531687173,-0.3245110973497392,,-0.8686527737012034,,,0.0485420485420485,-0.0941911919645992,0.2317604405439219,-1.205668859773291,,-0.007736781246715,,,,,0.0624106358961495,,1.789152024446142,-0.3504091392364743,0.0,0.0,-0.2948191612440261,0.0,-0.610041602636749,,-0.6825181096856666,-0.8686527737012034,-0.3567038742747118,-0.6230296107547667,-0.90144491614156,,-0.415221881454591,-0.4619240594433618,-0.9365537130497475,,,,0.0,0.0,0.0,-0.1613846612951358,-0.4551335507739851,-0.6008122672020156,-0.3787609729244878,-0.0685912741480355,0.0,0.0,-0.3909962865841854,,25.8774,-0.1181532920617991
2004-03-31,-0.2743386699351516,,,-0.4573509378602117,-0.3582944099128056,-0.2728109008920694,,-0.408442381328114,-0.3333333333333333,,-0.5666893561343289,-0.1613497828469482,,-0.3260882537643819,-0.289934006411738,,-0.4700702371136452,-1.0953550993898953,-0.1177204185725589,0.4192568942310702,,-0.294545733726001,0.3282429320201898,-0.9483730622501254,-0.442374855806241,,,,-0.2100931870111656,-0.3832450633936134,-0.3169434457492501,-0.4144700288884073,,,,0.1153705062362435,,,,,,,0.2479340422076371,,-0.3099411136408354,,,,-0.2279574829701863,,,,,-0.4110716262053983,-0.291529497831426,-1.1462726747544771,-1.345219625917468,,,,1.2814379970672374,,-0.4621798355287564,,,0.2651126183747722,,-0.0807003796078028,-0.2832264747144973,-0.291529497831426,-0.6986259569388726,,-0.5981068388611682,,,-0.531960531960532,-0.6165858912224017,0.1830546448586466,-0.8085995447699503,,-0.9783243981919478,,,,,-0.4203436598520005,,0.5653170359052712,-0.5105523917750315,0.0,0.0,-0.3248116924008181,0.0,-0.3660249615820494,,-0.4729781281114815,-0.5981068388611682,-0.3662789790024198,-0.5663210614181531,-0.6206857164613833,,-0.4270176840747035,-0.2749110115673029,2.321076664263398,,,,0.0,0.0,0.0,-0.1967770814682184,-0.2842825454096526,-0.3647949600088171,-0.2168164652198636,-0.0950727154330366,0.0,0.0,-0.4175498495274634,,23.8215,0.0068845370778497
2003-12-31,-0.2879654930084148,,,-0.5603976736875197,-0.36359139165922,-0.3029506911087148,,-0.4638527672743295,-0.3333333333333333,,-0.5874153665682513,-0.2715801190164499,,-0.3651997488044056,-0.293686423049627,,-0.4955512284390004,-1.1748325301100948,-0.059164930640604,0.7439822205527905,,-0.2358890525711236,0.319496507199201,-0.9441806018153984,-0.4623370293744166,,,,-0.2263315802990684,-0.3026319405866543,-0.3374016455567623,-0.4419241992957941,,,,0.1098985081927121,,,,,,,0.1164388142118789,,-0.3105229502206482,,,,-0.2011706892104285,,,,,-0.4246837291296906,-0.2952275294335178,-1.1416510687463894,-1.3399750770643406,,,,1.2814379970672374,,-0.286342790797471,,,0.4477940156902111,,-0.5913531637195142,-0.1826063013806395,-0.2952275294335178,-1.285003993789433,,-0.9014162019371882,,,0.105092105092105,0.0933717309358245,,-0.2310235881640187,,-1.0270577105014191,,,,,-1.0369998745766964,-0.4906075611098011,-0.5581141547528102,-1.0630474739257136,0.0,0.0,-0.6378782627373066,0.0,-0.6501405296236936,,-0.8007323570697641,-0.9014162019371882,-0.6869305024328052,-0.909665231526228,-0.9354451826610064,,-0.7510604185824815,-0.5517399988631003,3.0342465753424657,,,,0.0,0.0,0.0,-0.5652342584303193,-0.5640482192566397,-0.6538359893388448,-0.4920983766428824,-0.730193184284784,0.0,0.0,-0.6718361169286003,,23.8391,0.0061411714368411
2003-09-30,-0.2831782918145536,,,-0.4547443152048622,-0.3490030329511192,-0.3207042446818939,,-0.5624041453608917,-1.3333333333333333,,-0.6000519655483769,-0.1848767799511356,,-0.4752143261053032,-0.1893502065188722,,-0.4823998568992876,-0.9401534027065318,-0.0875065075030368,0.2889786208407675,,-0.2322946415959965,0.3163677278443312,-0.9544625204713706,-0.45140380401669,,,,-0.2126075740139556,-0.2471480577975852,-0.34121199376402,-0.4264176582630132,,,,0.0954695524578136,,,,,,,-0.2534368939459077,,-0.3175836917109368,,,,-0.1856127117533175,,,,,-0.4199016992302939,-0.1924034927640508,-1.1555158867706528,-1.3528372198405647,,,,1.265414686432173,,0.3457385264162634,,,0.0010389833586894,,-0.0498179038712288,-0.1925290747223642,-0.1924034927640508,-0.4900065516096317,,-0.886777223363663,,,-0.0428480428480428,0.0342300578305354,0.2147134120540756,-1.6313202803854734,,-1.4942079259960055,,,,,0.0,,0.5653170359052712,-0.2048149726451357,0.0,0.0,-0.4229708422219076,0.0,-0.6657888913746963,,-0.7538368518422096,-0.886777223363663,-0.4297660864361356,-0.6890519286530182,-0.9202535742161472,,-0.5297422737492838,-0.5050724382982434,-1.3311703917327566,,,,0.0,0.0,0.0,-0.3124142047150104,-0.5021971063667101,-0.6581402707478333,-0.4144317970656901,-1.089212068591274,0.0,0.0,-0.5104310026222699,,20.764,0.1551483336544018
2003-06-30,-0.2847346673606166,,,-0.3209944461909252,-0.3379336300701208,-0.3501434499885632,,-0.5627662154453633,-1.3333333333333333,,-0.6183021368306229,-0.1870581780720808,,-0.4450026568764794,-0.1996394417056637,,-0.4925963398983695,-0.9838004672776336,-0.0261279879506368,0.2062791498419257,,-0.1727930151186677,0.3024821767526738,-0.9470022668646916,-0.4553807173421872,,,,-0.2117153170353992,-0.1215135178354139,-0.3489172815394133,-0.432330575926979,,,,0.0546282709708975,,,,,,,-0.1518634222769959,,-0.3145053920604135,,,,-0.1422023814460032,,,,,-0.4214563935275603,-0.2025436026063083,-1.1462726747544771,-1.3435048325452996,,,,1.230558254879257,,0.1806737265109116,,,-0.4277877271067243,,0.1756601386114447,-0.2484784119366977,-0.2025436026063083,0.1754126167846854,,-0.9008291752274727,,,0.0751660751660751,0.2124277118306759,0.262201562847219,-2.9455309318627063,,-1.471207820876695,,,,,0.6966762824532798,,0.6709592928080323,0.4287675891131514,0.0,0.0,-0.4500148888704473,0.0,-0.6814372531256991,,-0.7696847527976104,-0.9008291752274727,-0.4349179090885437,-0.696766540725771,-0.9348359953549468,,-0.5430017188169532,-0.5130099070823206,-0.6180004806536891,,,,0.0,0.0,0.0,-0.3441659206207102,-0.5102854207237667,-0.673423313988559,-0.4182013275789079,-1.3123507705665292,0.0,0.0,-0.5309163865472273,,17.8354,0.3448254594794621
2003-03-31,-0.2868136289976838,,,-0.2126427748087603,-0.3279327331918676,-0.378811489069699,,-0.6193926103545213,-1.3333333333333333,,-0.6358629362191588,-0.1919025133442885,,-0.4378418774881577,-0.2576550658984183,,-0.5239376991805329,-1.0214298235782662,0.1000482406285729,0.2348577331204808,,-0.0619762303986046,0.2840011424999725,-0.9363600139558028,-0.4600444647323537,,,,-0.1978135430763977,0.0930361555560922,-0.3535096751793659,-0.4613961752595965,,,,0.1059550012227928,,,,,,,-0.127788445922062,,-0.3115952722264384,,,,-0.0683168283700597,,,,,-0.4235331094008983,-0.2597183868543016,-1.1324078567302138,-1.330191930454277,,,,1.1514952915579486,,-0.4556426951466746,,,-0.1498557727048135,,0.0409925041911013,-0.2769382055618927,-0.2597183868543016,-0.1918724141335271,,-0.4784634575873202,,,0.0225810225810225,0.2023132214183699,0.2682897873078784,-2.170009172545778,,-1.0495111952065594,,,,,0.26548350683557,,10.324566190112408,-0.0098830477321935,0.0,0.0,-1.0598727855856207,0.0,-0.4626046942640196,,-0.5858048967612433,-0.4784634575873202,0.0248328259568599,-0.2074773745716545,-0.4965257286451293,,-0.5761647753260697,-0.3417615782597017,5.99351117519827,,,,0.0,0.0,0.0,-1.061802447030737,-0.3554732520121225,-0.461349757232366,-0.2675220995362835,-21.771217712177123,0.0,0.0,-1.084556765984407,,13.5449,0.7708141071547223
2002-12-31,-0.2909973757717637,,,-0.5103217017709316,-0.3295377226523742,-0.3881125379864719,,-0.6385823248315179,-1.3333333333333333,,-0.6378999372251326,-0.2350463053720546,,-0.2810208088839129,-0.287165919355672,,-0.5443544409979826,-0.9773574386518494,0.1542554295616247,0.0770181863711772,,-0.0157986111847516,0.2672402290238173,-0.914190878014463,-0.4726969239781242,,,,-0.1959486918051239,0.2005058829506451,-0.3594762537781593,-0.4816539061265257,,,,0.078136463683052,,,,,,,0.3994535362509911,,-0.2996844871686764,,,,-0.0403120033834847,,,,,-0.4277123367521136,-0.2888015295916221,-1.1069890236857307,-1.3024595002295534,,,,1.1514952915579486,,-0.2361391568693113,,,0.180251894875195,,-0.6502790856012384,-0.164289554078328,-0.2888015295916221,-1.0300117569981062,,-0.7998605811564427,,,0.7780377780377781,0.0495188593102479,1.2472762805819124,-0.9885626281042272,,-1.0768422159150637,,,,,-0.4352690329863288,-0.942702192879038,0.1340172432609407,-0.8082576823908711,0.0,0.0,-0.9756164236445026,0.0,-0.7410966323013972,,-0.9152146862457774,-0.7998605811564427,-0.7507922878776052,-0.9392584131447148,-0.8300557787127111,,-0.9680454114327808,-0.5987633829793974,7.9180485460225905,,,,0.0,0.0,0.0,-0.961145926589078,-0.6192056646077506,-0.7457997110727402,-0.513590848060536,-4.607770783590189,0.0,0.0,-1.0246493373928651,,14.321,-0.0828224286013546
2002-09-30,-0.2709539226363618,,,-0.3550377239861679,-0.2989821136180397,-0.394472698755024,,-0.6228288604014879,-1.3333333333333333,,-0.6413827604091216,-0.2581601788272814,,-0.1187439083647564,-0.1703569962176728,,-0.5062637210160225,-0.8882355814962655,0.149512736439277,0.0903527717782577,,0.0157986111847516,0.6746964924755334,-0.933408704836677,-0.4439340727774886,,,,-0.1457241960179186,0.261128550404648,-0.3494255091533628,-0.4474908797033276,,,,0.061628760088041,,,,,,,0.9450383575516133,,-0.2977183292576664,,,,-0.0242442335925505,,,,,-0.4076905352235798,-0.1736855574447673,-1.13009705372617,-1.3264999970187876,,,,1.1635639992483051,,0.6028847638508168,,,0.4619179398444259,,0.12379967498892,-0.2096526767100656,-0.1736855574447673,-0.9145957297864892,,-0.8093263868506017,,,0.139061139061139,-0.2334995668563133,0.1513958776632177,-0.1792723113682947,,-1.4038053190371071,,,,,-0.4846858146243572,,-0.5681545345410892,-0.6306038731560756,0.0,0.0,-0.6827108483727197,0.0,-0.6887724226964816,,-0.8368954095918374,-0.8093263868506017,-0.4884968646735878,-0.7200861084263246,-0.8398789240229206,,-0.6915999441504855,-0.5480993164282432,0.4435231915404951,,,,0.0,0.0,0.0,-0.6137570874365861,-0.5505127378008228,-0.7245034729341049,-0.4445810553847142,-3.4508356848274366,0.0,0.0,-0.7759384734517168,,15.4456,-0.0386776816698606
2002-06-30,-0.2731803500494341,,,-0.1205071780362569,-0.295180007221983,-0.4097909355291965,,-0.5927702118793146,-1.3333333333333333,,-0.6528438712070656,-0.2720458698818387,,-0.0444650301065308,-0.2173954421733562,,-0.4986751481948673,-0.971517905124823,0.1647488041555025,0.0904623282311328,,0.0166902151344468,0.6619548570937108,-0.9384705431514568,-0.4482277336491876,,,,-0.1694083199544641,0.2628675751016305,-0.3506943795665321,-0.4350629988871527,,,,0.061873318659819,,,,,,,1.1947684694238248,,-0.2959006755300709,,,,-0.0267076479179769,,,,,-0.4099145575754711,-0.2200422593901195,-1.1347186597342576,-1.3328320921552377,,,,1.1457959575374872,,0.7332666250909886,,,-0.2869078331923935,,-0.4291302420882925,-0.1421468748770798,-0.2200422593901195,-0.4703606975220556,,-0.8248825946580569,,,-0.5199355199355199,-0.0656739481632366,-0.7606201465435628,-2.6628579840782725,,-1.4739829706717125,,,,,0.1305029474476357,,2.42213248935938,-0.1901109260191893,0.0,0.0,-0.763950383449434,0.0,-0.7249592592456756,,-0.8382725639191942,-0.8248825946580569,-0.5573023183201936,-0.7818996573236096,-0.8560223876334977,,-0.7425866991492578,-0.539447596954324,0.8165104542177362,,,,0.0,0.0,0.0,-0.710086541330946,-0.5472829874593295,-0.7120220049276438,-0.438010224397441,-3.148252658997178,0.0,0.0,-0.9159852871297584,,16.0313,-0.1187135082869503
2002-03-31,-0.276730061943271,,,-0.2337053337524887,-0.2917742177085089,-0.4282989249419991,,-0.6340052124429142,-1.6666666666666667,,-0.6592854171376802,-0.2672252168570237,,0.1822134196415632,-0.1473965570217776,,-0.5315574777645009,-1.1011429047655996,0.2339122485529887,0.2134003192788055,,0.109194761169333,0.6039096292431858,-0.9296776247681182,-0.4597168471586285,,,,-0.1758096655190111,0.4314180463789891,-0.3706718694317057,-0.4626719577150622,,,,0.0442651014918072,,,,,,,1.9568752209261224,,-0.2843974571586511,,,,0.0332447452762371,,,,,-0.4134604349520768,-0.1510578916128375,-1.125475447718082,-1.3218326108861953,,,,1.0062195104328422,,0.0114780955665755,,,0.3254127127035245,,0.5075311361899195,-0.2658406429873212,-0.1510578916128375,-0.389982319628802,,-0.5552905782213091,,,-0.2968162968162968,-0.4462550630984992,1.2545821499347038,-2.62623574575062,,-1.213118889940082,,,,,0.4815878590242067,,0.1656662665066026,-0.166419160027032,0.0,0.0,-0.934591483566104,0.0,-0.4963464742896193,,-0.6523269763917919,-0.5552905782213091,-0.5876928681081363,-0.7429927071434848,-0.5762531173256678,,-0.8282482992378467,-0.3508350788214256,1.83549627493391,,,,0.0,0.0,0.0,-0.9125335720680394,-0.3789297618905389,-0.4905174262956989,-0.2649359612931529,-4.4679835033644455,0.0,0.0,-0.9701202020379788,,13.4717,0.2186455451548109
2001-12-31,-0.2934794898125868,,,-0.2245494079429948,-0.290757129595151,-0.4821085514492043,,-0.6586874617862352,-1.6666666666666667,,-0.6641732497439605,-0.2697486918847516,,0.311891724469122,-0.2756585083328122,,-0.5550635901004175,-1.1610383564242053,0.36243823580451,0.824709675399881,,0.2004963629600063,0.4411932824682529,-0.9468878750383688,-0.485241441322675,,,,-0.2111102232223553,0.5456289930730516,-0.3821708589216538,-0.4986394912511955,,,,0.0442651014918072,,-5.0,,,,,2.392861578439521,,-0.2832815676794933,,,,0.0725883760073454,,,,,-0.4301917695305289,-0.2774608993452072,-1.1456210283073367,-1.3433617343501254,,,,1.0062195104328422,,,,,3.215919099912312,,,,-0.2777744281114715,-0.3172325282930813,,,,,0.4212134212134212,0.0939570602420922,,,,0.3541679806580469,,,,,,,,,0.0,0.0,-1.1088449653650705,0.0,-0.8492781581878219,,-0.3431026989462006,,-1.308021752140088,-17.74224584834373,,,-18.94003399117,0.9244061543588602,0.5257149723624129,,,,0.0,0.0,0.0,-0.5058191584601611,-0.7151089393595457,-7.10849704495438,-0.6195149349134251,0.0,0.0,0.0,-1.1128702416360148,,14.5699,-0.1457250907693258
