,totalAssets,intangibleAssets,earningAssets,otherCurrentAssets,totalLiab,totalStockholderEquity,deferredLongTermLiab,otherCurrentLiab,commonStock,capitalStock,retainedEarnings,otherLiab,goodWill,otherAssets,cash,cashAndEquivalents,totalCurrentLiabilities,currentDeferredRevenue,netDebt,shortTermDebt,shortLongTermDebt,shortLongTermDebtTotal,otherStockholderEquity,propertyPlantEquipment,totalCurrentAssets,longTermInvestments,netTangibleAssets,shortTermInvestments,netReceivables,longTermDebt,inventory,accountsPayable,totalPermanentEquity,noncontrollingInterestInConsolidatedEntity,temporaryEquityRedeemableNoncontrollingInterests,accumulatedOtherComprehensiveIncome,additionalPaidInCapital,commonStockTotalEquity,preferredStockTotalEquity,retainedEarningsTotalEquity,treasuryStock,accumulatedAmortization,nonCurrrentAssetsOther,deferredLongTermAssetCharges,nonCurrentAssetsTotal,capitalLeaseObligations,longTermDebtTotal,nonCurrentLiabilitiesOther,nonCurrentLiabilitiesTotal,negativeGoodwill,warrants,preferredStockRedeemable,capitalSurpluse,liabilitiesAndStockholdersEquity,cashAndShortTermInvestments,propertyPlantAndEquipmentGross,propertyPlantAndEquipmentNet,accumulatedDepreciation,netWorkingCapital,netInvestedCapital,commonStockSharesOutstanding,investments,changeToLiabilities,totalCashflowsFromInvestingActivities,netBorrowings,totalCashFromFinancingActivities,changeToOperatingActivities,changeInCash,beginPeriodCashFlow,endPeriodCashFlow,totalCashFromOperatingActivities,issuanceOfCapitalStock,depreciation,otherCashflowsFromInvestingActivities,dividendsPaid,changeToInventory,changeToAccountReceivables,salePurchaseOfStock,otherCashflowsFromFinancingActivities,changeToNetincome,capitalExpenditures,changeReceivables,cashFlowsOtherOperating,exchangeRateChanges,cashAndCashEquivalentsChanges,changeInWorkingCapital,stockBasedCompensation,otherNonCashItems,freeCashFlow,researchDevelopment,effectOfAccountingCharges,incomeBeforeTax,minorityInterest,sellingGeneralAdministrative,sellingAndMarketingExpenses,grossProfit,reconciledDepreciation,ebit,ebitda,depreciationAndAmortization,nonOperatingIncomeNetOther,operatingIncome,otherOperatingExpenses,interestExpense,taxProvision,interestIncome,netInterestIncome,extraordinaryItems,nonRecurring,otherItems,incomeTaxExpense,totalRevenue,totalOperatingExpenses,costOfRevenue,totalOtherIncomeExpenseNet,discontinuedOperations,netIncomeFromContinuingOps,netIncomeApplicableToCommonShares,preferredStockAndOtherAdjustments,adjusted_close,10%DDret
2023-09-30,0.4786491511475509,0.4021358543417367,,0.3112244897959184,0.467697907188353,0.6038526007434473,,0.1475457031812293,-0.2,0.0,0.6331910620135576,,0.3205136338835949,,0.2864368651231678,,0.4544600938967136,0.5995260663507109,0.620021528525296,1.0638297872340423,1.08881199538639,0.6463963963963963,0.7653846153846153,,0.206939668646452,,,,0.1373337457469842,0.0594837261503928,0.8372093023255814,0.2290502793296089,,,,-0.9608553044920162,,,,,,,-0.4392547311395,,0.549244175706918,-0.296943231441048,,-0.2585724282715185,0.482795129698253,,,,,0.4786491511475509,0.2864368651231678,,0.2546236559139785,,0.0,-0.6869158878504673,0.7272727272727273,0.5981308411214953,,,,-1.670926517571885,,-0.2723468851565693,0.4480831996459589,0.2864368651231678,1.1233524794434746,,0.718409236690186,,-1.1612903225806452,0.652605459057072,0.5537056928034372,0.0,0.2935377875136911,,-0.2978723404255319,,,,,1.0417952522255194,-0.5555555555555556,-0.1346283296470814,1.2006071864256405,,,0.327972915785019,,0.5841784989858012,,0.3845288115246098,0.7307692307692307,0.3458652759432998,0.438491397900992,0.8042895442359249,,0.2985915492957746,0.2344909468685069,0.5254237288135594,0.0,0.5806451612903226,-2.6666666666666665,,,,0.2484897819287948,0.194658448895737,0.6279434850863422,0.1897865853658536,0.2857369632510517,,0.5719769673704415,,,5.6785,-0.1008694422845833
2023-06-30,0.5652717242220122,0.4350490196078431,,0.6428571428571429,0.6493175614194723,0.5923707899712426,,0.2087231898661292,-0.2,0.0,0.6201355761988451,,0.3134080267982895,,0.4079978761754391,,0.5253521126760563,0.533175355450237,0.9466400123020144,0.9383614900685656,0.7058823529411765,0.9698761261261262,0.7627090301003344,,0.5792435135979994,,,,0.5975873801422827,0.5218855218855218,1.096094778411584,0.4703910614525139,,,,-0.95662763510046,,,,,,,-0.6027551032858695,,0.5656055486395163,-0.3318777292576419,,-0.2767669699090272,0.6863797927852984,,,,,0.5652717242220122,0.4079978761754391,,0.327741935483871,,1.0297029702970295,0.319626168224299,0.7198515769944341,0.0934579439252336,,,,-0.2571884984025559,,-1.6735885409571258,1.0662720584167726,0.4079978761754391,-0.5571518051094794,,0.7953816549069916,,-2.290322580645161,0.8933002481389578,-1.4473684210526316,,0.1358159912376779,,-0.1914893617021276,,,,,-1.0576112759643916,0.1111111111111111,-0.1538609481680931,-0.5544111123433515,,,0.8675412611087601,,0.5517241379310345,,0.7484243697478992,0.8076923076923077,0.8170045888424406,0.8673982843724541,0.8742277654738314,,0.9464788732394366,0.3864648263579697,0.5084745762711864,1.0595238095238095,0.967741935483871,-2.2,,,,1.011096354055096,0.4288649203903441,0.609105180533752,0.3894817073170731,0.238114136042543,,1.0134357005758157,,,5.0551,0.057585408795078
2023-03-31,0.5451552927550367,0.4511554621848739,,0.3163265306122449,0.6342735820442826,0.5612490397202669,-0.9877622377622378,2.125017993378437,-0.2,0.0,0.5883337517783915,,0.3385314232784763,,1.032569967444005,,0.3863849765258216,,0.8583730585883439,0.8553050116632501,0.4567474048442906,1.0149211711711712,0.7568561872909699,-0.7113997113997114,0.3932478899656143,,-0.0133601756954612,,-0.158985462418806,0.5937149270482603,1.3111013602457218,0.5810055865921788,,,,-0.9521650951871508,,-0.2,,0.6049948804701064,-1.226502311248074,,-0.6100760154715278,,0.5844566957140317,-0.1397379912663755,0.4296969696969697,0.5108467459762072,0.7123950691976102,,,,-0.5926839293053843,0.5451552927550367,1.032569967444005,0.7802780090044127,0.3638709677419355,-1.0083303151032237,0.7336633663366336,0.2560747663551402,0.6938775510204082,0.4859813084112149,-1.7936024371667936,0.9245283018867924,0.4886456908344733,1.5798722044728437,,2.592413833369013,0.1687226862864413,1.032569967444005,-0.6517717925823261,,0.8723540731237973,-0.6842105263157895,-1.1774193548387095,-0.598014888337469,0.8147153598281418,,2.230010952902519,0.3178807947019867,-0.6382978723404256,0.6919801277501775,0.1720116618075801,,1.3143939393939394,-0.7757121661721068,0.9629629629629628,0.0769304740840465,-0.6237246312520794,,,-0.3306178586542531,,0.4300202839756592,,-0.0937875150060024,0.8846153846153846,-0.3703754136085731,-0.1629366943020079,0.944165986711738,-0.2105263157894736,-0.2169014084507042,0.0943900267141585,0.2372881355932203,-0.75,1.096774193548387,-1.0,,1.434782608695652,,-0.291332847778587,-0.0385208012326656,0.5117739403453689,0.0381097560975609,-2.508135566314787,,-0.1420345489443378,-0.4428571428571428,,5.0885,-0.0902230519799546
2022-12-31,0.5463135115364687,0.4592086834733893,,0.2959183673469387,0.6362147406733394,0.5617022690928538,-0.75,0.865481502806967,-0.2,0.0,0.6072474684073981,,0.3375163365520041,,0.1257527700540737,,0.7835680751173709,-0.0687203791469194,0.7707212055974165,0.9206898989184986,0.6228373702422145,0.7519707207207207,0.7493311036789297,-0.6363636363636364,0.3547983744920288,,-0.0276354319180087,,0.3377667800804206,0.225215114104003,1.0715225976305398,0.9720670391061452,,,,-0.9674316791011036,,-0.2,,0.6251168588345279,-1.177195685670262,,-0.4905011164391083,,0.5945580650898097,-0.0087336244541484,0.0317171717171717,-0.2659202239328201,0.5868562353475005,,,,-0.6428277846280313,0.5463135115364687,0.1257527700540737,0.7679707848876238,0.4206451612903226,-0.8533140166606302,-0.2257425742574257,-0.6280373831775701,0.7087198515769945,1.2897196261682242,-0.0327494287890327,1.7358490566037736,-0.5477428180574555,-1.5319488817891374,,-0.5487028783839013,0.387232394755767,0.1257527700540737,0.8195023788264456,,0.7953816549069916,-2.6578947368421053,-1.1451612903225807,1.1166253101736974,-0.3216970998925886,0.0,0.2913472070098576,-0.6357615894039735,-0.0638297872340425,-0.0589070262597586,1.1574344023323615,,-0.2026515151515151,0.6456528189910979,-0.4814814814814814,-0.8270025964035004,0.8692885660419208,,,0.5157638595006347,,0.3245436105476673,,0.3939075630252101,0.8076923076923077,0.5855199553370825,0.4408875257583745,-0.2098146637137195,1.263157894736842,0.7718309859154929,0.4939151083407539,0.0847457627118644,0.3809523809523809,0.9032258064516128,-0.6,,3.1739130434782608,,0.5226854033674649,0.4586543400102722,0.401883830455259,0.5777439024390244,-3.0002381141360424,,0.7216890595009597,0.3607142857142857,,5.2353,0.0320298794635277
2022-09-30,0.5673443262519431,0.4443277310924369,,0.9642857142857144,0.7130118289353958,0.5181922493244994,-0.9213286713286714,0.6657550021592055,-0.2,0.0,0.5879989957318604,0.8419462073133878,0.3258428391975739,-0.2947281882643099,0.3465187441490031,,0.3826291079812207,-0.4834123222748815,0.9580193756727664,0.3605004594613699,-0.825836216839677,0.9679054054054054,0.7459866220735786,0.6421356421356421,0.4545170365739293,,-0.0851024890190336,,0.1348592638416331,0.63112607557052,1.385695480473892,0.6916201117318436,,,,-1.003366868929331,,-0.2,,0.6046387392601167,-1.177195685670262,,-0.0707688177946972,,0.5964076115952338,-0.0436681222707423,0.4701010101010101,0.6990902729181245,0.8117673750283597,,,,-0.6592683929305384,0.5673443262519431,0.3465187441490031,0.7417899626755458,0.4189247311827957,-0.6823614632379572,0.9356435643564356,-0.1766355140186916,0.686456400742115,-0.0373831775700934,-0.5674028941355674,0.3962264150943396,-0.4875512995896033,-1.3562300319488818,-0.376551724137931,-0.4669637817955355,0.5766996736184101,0.3465187441490031,0.8341618135053374,,0.7440667094291212,,1.1451612903225807,0.7791563275434243,0.5204081632653061,-1.6869565217391305,0.1642935377875136,12.304635761589404,-0.0425531914893617,0.4975159687721788,-0.119533527696793,,-0.1079545454545454,0.5180563798219584,-0.8888888888888888,18.40561592460813,0.8831512698236664,,,-1.95196783749471,,0.2961460446247465,,0.2457232893157263,0.7564102564102564,0.4520758724928171,0.5367326400536733,0.8276022846485604,3.087719298245614,0.6338028169014085,0.4672009498367468,-0.0677966101694915,-0.3095238095238095,1.2258064516129032,0.3333333333333333,,42.95652173913044,,0.0257058395098753,0.3877760657421674,0.4458398744113029,0.5327743902439024,-17.033097864909912,,-2.637236084452975,-2.7642857142857142,,4.5584,-0.0530449280449279
2022-06-30,0.7268737236733823,0.4900210084033613,,1.0816326530612246,0.919381255686988,0.6565782844210712,-0.6241258741258742,0.7089391104073701,-0.2,0.0,0.7148715373671437,0.8325778180719251,0.6108284376546421,-0.320316514232864,0.5379424052313152,,0.7906103286384977,-0.0687203791469194,1.2643395355989544,0.837633420513183,0.3506343713956171,1.2868806306306306,0.7451505016722408,0.9177489177489178,0.8580806502031885,,-0.2564055636896047,,0.5839777296628519,0.928544706322484,1.7411145239139971,1.1385474860335196,,,,-0.9650829738835724,,-0.2,,0.7396162578462361,-1.177195685670262,,-0.8394645972888222,,0.6907344833718656,0.6812227074235808,0.7913131313131313,-0.2837648705388383,0.937608712092566,,,,-0.6633785450061652,0.7268737236733823,0.5379424052313152,0.7802780090044127,0.5832258064516129,-0.7750814922129663,1.3534653465346536,1.6607476635514018,0.7402597402597403,0.2242990654205607,1.226961157654227,0.660377358490566,0.2484268125854993,0.1773162939297124,0.8482758620689655,0.0818558667263491,0.5711677822647563,0.5379424052313152,-0.2586324080120474,,0.9108402822322,-0.1052631578947368,1.1451612903225807,-0.3275434243176178,-1.173469387755102,-1.6869565217391305,0.4863088718510405,-1.5364238410596027,-0.2978723404255319,-0.6217175301632364,-1.2215743440233235,,0.1837121212121212,-0.636246290801187,-0.2592592592592592,-3.76959323011828,-0.2369551957413774,,,1.1267456622936944,,0.2920892494929006,,0.4820678271308523,0.9230769230769232,0.7598142676234698,0.8314563665117171,0.944165986711738,1.649122807017544,0.952112676056338,0.5924606708222024,-0.288135593220339,0.6785714285714286,0.967741935483871,0.9333333333333332,,0.8260869565217391,,0.7369007326164261,0.5695942475603493,0.3924646781789639,0.7065548780487805,-0.3492340661957298,,1.5124760076775432,1.0964285714285715,,6.0046,-0.0061286347133863
2022-03-31,0.7327257764637752,0.5451680672268907,,0.7959183673469388,0.9205944798301486,0.669570859768566,-0.791958041958042,3.103857780336836,-0.2,0.0,0.6613105699221692,0.927470534904805,0.6608214589333976,-0.2950364813482684,0.532353393228912,,0.6892018779342723,,1.2151314777794864,0.7033293277726727,-0.0784313725490196,1.2407094594594594,0.775418060200669,-0.2683982683982684,0.5820568927789934,,-0.4123352855051244,,0.0754716981132075,0.8713056490834269,1.7402369460289602,0.7899441340782123,,,,-0.9122371064891204,,-0.2,,0.6826336642478743,-1.1371340523882896,,-0.4343741230157277,,0.7603770229414903,1.3973799126637554,0.7294949494949495,0.8317004898530441,0.9717915752854874,,,,-0.5252774352651048,0.7327257764637752,0.532353393228912,0.819661126178137,0.7733333333333333,-0.8185440057950019,0.693069306930693,1.511214953271028,0.7179962894248608,0.2242990654205607,-2.643564356435644,0.660377358490566,0.8596443228454173,2.623003194888179,-2.3158620689655174,2.0163478193176734,-0.1217016097803839,0.532353393228912,-1.7312392553007183,,1.013470173187941,,1.1774193548387095,-0.9032258064516128,0.7663802363050484,0.3739130434782609,3.734939759036144,0.423841059602649,-0.3404255319148936,0.6600425833924769,-0.4810495626822157,,0.990530303030303,-2.0190356083086054,0.7037037037037037,0.3461871333782094,-1.7660114228679162,,,-0.2697841726618705,,0.6896551724137931,,-0.0881602641056422,1.0256410256410255,-0.4330124320864935,-0.1916902285905976,1.0723860589812333,-0.2456140350877192,-0.2816901408450704,0.3478777085188483,-0.4745762711864407,-0.5952380952380952,0.4516129032258064,1.1333333333333333,,0.1304347826086956,,-0.1799408765691273,0.1617873651771957,0.6373626373626373,0.3330792682926829,-1.7779188824509882,,-0.1036468330134357,-0.4071428571428571,,7.2803,-0.1062593574440613
2021-12-31,0.7271175592063154,0.5558473389355743,,0.2346938775510204,0.929693660903852,0.6443410913612215,-0.7115384615384616,2.0296530876637395,-0.2,0.0,0.6782157502719893,0.9948624962224236,0.6699572394716473,-0.2885623265851402,-0.1676703600720982,,1.3450704225352113,-0.0687203791469194,0.889435645086883,0.6768219410475719,-0.1614763552479815,0.8015202702702703,0.7618729096989967,1.3073593073593073,0.487964989059081,,-0.5089677891654466,,0.5357253325085061,0.2910587355031799,1.3593681439227732,1.7396648044692735,,,,-0.9561578940569536,,-0.2,,0.7006187953523572,-1.1001540832049306,,-0.3514037849115999,,0.7752445313889383,1.4759825327510918,0.1028282828282828,-0.185444366689993,0.771836950767602,,,,-0.6017262638717632,0.7271175592063154,-0.1676703600720982,0.918342686823662,0.8154838709677419,-1.399492937341543,-0.988118811881188,-0.111214953271028,0.7421150278293135,-0.5046728971962616,1.1035795887281037,-0.0754716981132075,-0.6478796169630643,-1.8210862619808303,1.0055172413793103,-0.5915185956444738,0.1120207999114897,-0.1676703600720982,1.1979823287178326,,1.0262989095574089,,1.1612903225806452,-0.3647642679900744,-0.7738990332975295,0.6347826086956522,-0.0219058050383351,-2.609271523178808,0.4893617021276595,-0.3577004968062455,0.7317784256559767,-0.1724137931034483,-0.2272727272727272,0.7465430267062314,0.0,0.3461871333782094,1.226946323610957,,,1.269572577232332,,0.5963488843813387,,1.0091536614645855,1.0384615384615383,1.2064434428573374,1.2531748694110318,1.084042429187551,0.1403508771929824,1.1830985915492958,0.7663995250816266,-0.3728813559322034,-0.3571428571428571,0.0,0.2666666666666666,,0.782608695652174,,-0.0085686131699584,0.8228043143297381,0.6467817896389325,0.868140243902439,0.0476228272085086,,2.053742802303263,1.6,,7.4501,-0.0227916403806659
2021-09-30,0.7153524947422963,0.5859593837535014,,0.8673469387755102,1.003093721565059,0.5237820782530727,-0.3129370629370629,0.8133007053404347,-0.2,0.0,0.6008871035233074,1.211846479298882,0.6742713580591542,-0.2717089713287431,0.0684653970294401,,0.7699530516431925,0.6232227488151659,1.1505459018914348,0.5107089842369407,-0.4752018454440599,1.0881193693693694,0.755685618729097,1.072150072150072,0.3682400750234448,,-0.8702415812591509,,0.2047633776678008,0.77665544332211,1.2356296621325142,0.905027932960894,,,,-1.0263841800611369,,-0.2,,0.6183501758447224,-1.0970724191063177,,-0.2123064533840916,,0.7887604481593455,-0.3755458515283842,0.6272727272727273,-0.1616515045486354,1.0486273916660365,,,,-0.6329634196465269,0.7153524947422963,0.0684653970294401,0.9181189191124476,0.6752688172043011,-1.327055414704817,-0.1544554455445544,0.2925233644859813,0.738404452690167,0.0,0.1393754760091393,0.4339622641509434,-0.5882352941176471,-1.6293929712460065,0.9227586206896552,-0.7043963956950743,0.3858494219173535,0.0684653970294401,0.9780908085344564,,1.0647851186658115,,1.0,-0.9280397022332506,0.2518796992481203,0.0347826086956521,0.0547645125958378,0.5827814569536424,-0.0851063829787234,0.3200851667849538,1.0,,-0.2234848484848484,0.6352670623145401,0.074074074074074,0.8847004519665352,1.035641011422868,,,0.5554380025391451,,0.7058823529411765,,0.6171218487394958,1.0769230769230769,0.5201595882296872,0.6565390329227968,1.1190115398065044,-0.2456140350877192,0.4788732394366197,0.6506381715642624,-0.2203389830508474,0.3928571428571428,-0.064516129032258,-0.4,,0.1304347826086956,,0.5312540165374234,0.5988700564971752,0.7472527472527473,0.6951219512195121,-0.2539884117787126,,0.7754318618042226,0.4107142857142857,,7.681,-0.0162999609425856
2021-06-30,0.7776524734066872,0.6348039215686274,,1.6989795918367347,1.132302092811647,0.5172857905793253,-0.2849650349650349,0.8636821649632935,-0.2,0.0,0.5777889363126621,1.2898156542762165,0.6821382801893137,-0.2576302538279724,0.3451214911484022,,0.655868544600939,0.0545023696682464,1.4325695832692604,0.6255743267123772,-0.1337946943483275,1.402027027027027,0.7493311036789297,1.152958152958153,0.530478274460769,,-0.9994509516837482,,0.4967522424992267,1.1859334081556303,0.960070206230803,0.7977653631284917,,,,-0.9951464006679718,,-0.2,,0.5937764323554289,-1.0970724191063177,,-0.0024403040618861,,0.8245420593988974,-0.8384279475982532,1.0692929292929292,-0.13296011196641,1.2464644936852454,,,,-0.6642005754212906,0.7776524734066872,0.3451214911484022,0.1411974257762502,0.7234408602150537,-1.27345164795364,0.6,1.3439252336448595,0.7365491651205937,-0.6915887850467289,0.4166031987814166,-0.2641509433962264,0.1543091655266757,0.5207667731629393,-0.0868965517241379,0.1752719771130529,0.3471261824417768,0.3451214911484022,-0.5118408251929049,,1.0904425914047466,-0.8947368421052632,1.0,-0.5607940446650124,-1.0918367346938775,0.008695652173913,1.0449069003285871,0.6357615894039735,0.1063829787234042,-0.5677785663591199,-1.1399416909620992,,0.1723484848484848,-1.4552373887240355,0.4444444444444444,0.7885373593614771,-0.5266857047798602,,,1.087071519255184,,0.539553752535497,,0.7465486194477791,1.1025641025641026,1.0702760113835972,0.9057363300905736,-0.0233127404126355,2.912280701754386,0.7971830985915493,0.5325022261798753,-0.1525423728813559,-0.5952380952380952,-0.1290322580645161,-0.7333333333333333,,,,-0.1799408765691273,0.5531587057010786,0.6185243328100472,0.5746951219512195,1.269942058893563,,1.8656429942418429,1.425,,7.6612,-0.0915391844619641
2021-03-31,0.6724983998293151,0.6358543417366946,,0.5459183673469388,1.010251744009706,0.4086618176159682,-0.4353146853146853,0.5236073125089967,-0.2,,0.5073227885178676,1.271078875793291,0.662851632386342,-0.2689343335731168,0.3059984071315793,,0.360093896713615,-0.2559241706161137,1.3606027987082885,0.7174666006927264,0.0784313725490196,1.3282657657657655,0.7414715719063545,0.0,0.0343857455454829,,-1.2370058565153734,,-0.1342406433652954,1.0460157126823793,0.685388328214129,0.3932960893854748,,,,-1.0540989016280051,,-0.2,,0.5188087076525842,-1.0970724191063177,,-0.0927315543516722,,0.8147252356393384,-0.2620087336244541,0.9181818181818182,1.1364590622813155,1.1895938894350753,,,,-0.7028360049321825,0.6724983998293151,0.3059984071315793,0.1505956696472525,0.7595698924731182,-1.0677290836653386,-0.3475247524752475,0.3654205607476635,0.6975881261595547,3.5514018691588785,-0.4927646610814927,4.018867924528302,0.452530779753762,1.2619808306709266,-1.1324137931034484,1.5648366191152716,-0.1853183603474028,0.3059984071315793,-0.907645561522982,,1.0904425914047466,4.631578947368421,1.0,-1.3275434243176178,0.2325456498388829,0.1652173913043478,12.768893756845564,1.4437086092715232,-0.2553191489361702,0.3073101490418736,-0.8134110787172012,-0.7241379310344828,0.8503787878787878,-0.9997477744807122,0.6666666666666666,1.6155399557649774,-0.9148414106687368,,,-0.9389547185780788,,0.6612576064908722,,-0.1650660264105642,1.1025641025641026,-0.8170045888424406,-0.515167489337231,1.1423242802191398,-4.912280701754386,-0.6394366197183099,0.1644404867913327,0.1186440677966101,-1.5,-0.3870967741935484,-2.066666666666667,,1.6956521739130437,,-0.8311554774859689,0.0020544427324088,0.5149136577708007,0.1272865853658536,-3.3812207318041114,,-0.783109404990403,-1.0392857142857144,,7.4389,0.0251112395649894
2020-12-31,0.701149074948947,0.6867997198879552,,-0.2295918367346938,1.0261449802851077,0.4598767367183021,0.1765734265734265,0.6621563264718584,-0.2,,0.5521800987530338,1.4276216379570867,0.7331463881945414,-0.2437570650498407,-0.2319439980997359,,0.6328638497652582,0.4194312796208531,1.2717207442718743,1.2370113805047007,1.3840830449826989,1.1385135135135136,0.7316053511705686,0.176046176046176,-0.1269146608315098,,-1.320827232796486,,0.1639344262295081,0.6670407781518892,0.2808249232119351,0.3094972067039106,,,,-1.0235657338000994,,-0.2,,0.5665316297912122,-1.0693374422187982,,0.2098661493222055,,0.8848657300373466,0.2270742358078602,0.5088888888888888,1.27221833449965,1.121530666263329,,,,-0.758734073160707,0.701149074948947,-0.2319439980997359,0.1893074836873338,0.9083870967741936,-1.0315103223469757,-1.4336633663366336,0.0,0.7142857142857143,-63.345794392523366,-0.2871287128712871,-63.50943396226416,1.0889192886456909,3.303514376996805,0.136551724137931,-1.8487437479321955,0.4951042761520163,-0.2319439980997359,0.955435318576169,,0.6799230275817832,-89.63157894736842,1.0,0.7816377171215881,0.1090225563909774,17.82608695652174,-0.0481927710843373,-1.2980132450331126,-0.3191489361702128,0.2256919801277501,0.8775510204081632,0.1724137931034483,-0.8106060606060606,0.7213204747774481,-0.6296296296296297,0.0,1.0273233891538205,,,0.6215615742699958,,0.1703853955375253,,0.352641056422569,0.6923076923076923,0.5147128909707376,0.5798629414865577,0.7693204336169717,-0.631578947368421,0.5802816901408451,0.2433956663698427,-0.4067796610169492,-0.4523809523809524,-0.3225806451612903,0.0666666666666666,,1.565217391304348,,-0.0771175185296259,0.2568053415511042,0.2417582417582417,0.2949695121951219,-0.2857369632510517,,1.143953934740883,0.7535714285714286,,7.3935,-0.0426049908703591
2020-09-30,0.4860251760187753,0.2487745098039215,,0.0,0.6192296026690931,0.4334383566507256,0.18006993006993,0.3580682308910321,-0.2,,0.5131810193321616,1.214868540344515,0.4692238393117712,-0.2763333675881204,0.4555044781958669,,0.2262910798122065,0.0,0.4388743656773797,0.4735986428217997,-0.4936562860438293,0.5146396396396397,0.724581939799331,0.1529581529581529,-0.0118787120975304,,-0.0883967789165446,,0.0878441076399628,0.0,0.2404563405002193,0.2111731843575419,,,,-1.0000786816247873,,-0.2,,0.5250411788274051,-1.0693374422187982,,-0.0951718584135583,,0.6076471634358883,0.0,-0.2115151515151515,1.0251924422673198,0.7452166679270967,,,,-0.7932593505959721,0.4860251760187753,0.4555044781958669,0.8838824592966533,0.8756989247311828,-0.8228902571532054,-0.2118811881188118,-2.210280373831776,0.7068645640074211,0.3177570093457944,-0.2444782939832444,0.7547169811320755,-0.6818057455540356,-1.904153354632588,0.9944827586206896,-1.6074187960998774,1.0897825966698014,0.4555044781958669,0.8474885723043298,,0.5901218729955099,,0.9838709677419356,0.9652605459057072,0.0767991407089151,0.017391304347826,0.1358159912376779,-0.3311258278145695,-0.4468085106382978,0.2044002838892832,0.2478134110787172,0.0689655172413793,-0.6931818181818182,0.6679080118694362,-0.4444444444444444,-0.1730935666891047,0.9233531107907286,,,0.43377063055438,,0.0,,0.0525210084033613,0.6025641025641025,0.2396546793937826,0.0862606028657689,-0.4545984380463923,-0.3859649122807017,0.3577464788732394,0.2137132680320569,-0.3898305084745763,0.0119047619047619,-0.3225806451612903,0.0,,0.217391304347826,,0.2570583950987533,0.1746276322547509,0.0847723704866562,0.2949695121951219,0.3492340661957298,,0.7216890595009597,0.3607142857142857,,5.0316,0.0223984418475237
2020-06-30,0.5352799536712487,0.2443977591036414,,0.4744897959183674,0.7337579617834394,0.4128919584267804,0.0996503496503496,0.0215920541240823,-0.2,,0.492091388400703,1.1613780598368086,0.4453693012396746,-0.294111602096393,1.056323268454219,,0.2910798122065727,-0.5402843601895735,0.6526218668306936,0.7245352371527533,0.1568627450980392,0.8313626126126126,0.7212374581939799,0.2164502164502164,0.3082213191622382,,-0.094619326500732,,0.1781626971852768,0.3557800224466891,0.5519964896884598,0.6703910614525139,,,,-0.997729976407256,,-0.2,,0.5026042825980501,-1.0693374422187982,,-0.3782471295923472,,0.5922817001600569,0.2882096069868995,0.1727272727272727,0.9825052484254724,0.8671254632080466,,,,-0.8096999588984792,0.5352799536712487,1.056323268454219,0.8659810423995059,0.9410752688172044,-0.6403477001086563,0.6653465346534654,-1.316822429906542,0.699443413729128,0.4859813084112149,0.1972581873571972,0.9245283018867924,0.4645690834473324,1.437699680511182,0.0510344827586206,1.4441741431991126,0.6002102118714389,1.056323268454219,-0.9063128856430828,,0.5772931366260423,,0.9838709677419356,-0.9751861042183624,-0.7083780880773362,0.0,2.0876232201533407,-0.1721854304635761,-0.6382978723404256,-0.3144073811213627,0.4227405247813411,0.0344827586206896,0.7916666666666666,-1.1021216617210683,-0.1851851851851851,-0.0769304740840465,-0.8885022734834203,,,0.0,,-0.2920892494929006,,-0.2682322929171669,0.5897435897435898,-0.0517436239600212,0.0622993242919442,0.6760694719664296,-0.7368421052631579,-0.0873239436619718,-0.1864054615612941,-0.4406779661016949,-0.3452380952380952,-0.2580645161290322,0.2666666666666666,,2.8260869565217392,,0.0,-0.2218798151001541,-0.1444270015698587,-0.1631097560975609,-0.7619652353361378,,0.2072936660268714,-0.1178571428571428,,6.1025,-0.1323883654240065
2020-03-31,0.4600566917614069,0.2471988795518207,,0.9744897959183674,0.5764027904155292,0.4224097752511079,0.0611888111888111,-0.0053980135310205,-0.2,,0.4934304125868273,1.1532184950135993,0.4547588534595424,-0.3019216935566745,0.5616957062415292,,0.2225352112676056,-0.6232227488151659,0.4680916500076887,1.0249522867038947,0.9550173010380624,0.5627815315315315,0.7168896321070234,0.3088023088023088,-0.0962800875273523,,-0.0909590043923865,,-0.1892978657593566,-0.0725776281331836,0.1623519087318999,0.3731843575418994,,,,-0.9787054641452532,,-0.2,,0.5040288474380091,-1.0693374422187982,,-0.505142940810425,,0.5965498844033434,0.445414847161572,-0.2898989898989899,0.9842547235829252,0.6930348634954246,,,,-0.8310727496917386,0.4600566917614069,0.5616957062415292,0.8615056881752191,1.01247311827957,-0.5186526620789569,-0.4712871287128712,-2.166355140186916,0.7421150278293135,-0.3177570093457944,-1.9383092155369384,0.1132075471698113,0.6779753761969904,1.755591054313099,-2.3655172413793104,2.6196601988984685,-0.3070199701277867,0.5616957062415292,-0.678425310180311,,0.5003207184092366,0.0,1.0,-0.6277915632754343,1.0660580021482278,-1.6434782608695653,-0.0503833515881708,-0.4503311258278146,0.4042553191489361,0.85805535841022,-0.8425655976676385,-0.8275862068965517,1.3636363636363635,-0.8454451038575668,-0.7777777777777778,-0.1923261852101163,-0.7193772873461239,,,0.0502539145154464,,0.0689655172413793,,-0.2269657863145258,0.5128205128205128,-0.2042511472106101,-0.0862606028657689,0.6061312507285231,-0.1403508771929824,-0.1183098591549295,-0.0409617097061442,-0.6610169491525424,-0.4285714285714285,-0.2580645161290322,1.1333333333333333,,0.1304347826086956,,-0.059980292189709,-0.1335387776065742,0.1538461538461538,-0.048780487804878,0.4921025478212557,,0.3071017274472168,-0.025,,4.2942,0.0693027804946206
2019-12-31,0.5425950196592398,0.3044467787114845,,0.3163265306122449,0.672975432211101,0.5067104385522947,0.4178321678321678,1.1659709227004462,-0.2,,0.4904176081680475,1.2496222423692958,0.4570427985941049,-0.2942143664577125,-0.3549022621526079,,0.7826291079812207,0.0047393364928909,0.3509149623250807,0.4576942107867392,-0.6136101499423299,0.2708333333333333,0.7473244147157191,0.5468975468975469,0.1162863394810878,,-0.0096998535871156,,0.7683266316115064,-0.3707444818555929,0.0895129442738043,1.041340782122905,,,,-0.8861664785745238,,-0.2,,0.5008235765481013,-1.0169491525423728,,-0.5612699342338056,,0.6444958207362618,1.3187772925764192,-0.611919191919192,1.0885234429671098,0.6329879754972396,,,,-0.6954377311960542,0.5425950196592398,-0.3549022621526079,0.9062592304180876,1.238709677419355,-0.5708076783773995,,,0.7569573283858998,-1.102803738317757,1.2223914699162224,-0.6792452830188679,-0.638030095759234,-1.8945686900958467,0.4537931034482758,-0.3190549403499211,-0.1701056591248547,-0.3549022621526079,1.3738955448645336,,0.5259781911481719,-0.0526315789473684,1.0161290322580645,0.9305210918114144,-0.8759398496240601,-0.7130434782608696,-0.0832420591456736,1.1390728476821192,1.25531914893617,-0.4251242015613911,0.0903790087463556,0.2758620689655172,-0.0662878787878787,0.7198367952522255,0.2962962962962963,0.0384652370420232,1.3600282799157148,,,1.399174777824799,,0.718052738336714,,1.1573379351740696,0.5384615384615384,1.3998011955500484,1.1237839651123784,-0.373003846602168,0.3508771929824561,1.3098591549295775,0.5271593944790739,-0.4915254237288136,1.4166666666666667,-0.2580645161290322,0.4666666666666667,,3.130434782608696,,1.2681547491538494,0.6538263995891115,0.6624803767660911,0.5571646341463414,-0.3968568934042384,,1.6698656429942418,1.2428571428571429,,7.8525,-0.0758484559057625
2019-09-30,0.5020573623091225,0.3012955182072829,,0.5255102040816326,0.6005459508644222,0.4964372394403221,0.6101398601398601,0.1169569598387793,-0.2,,0.4283203615365302,1.102750075551526,0.4344571189300986,-0.3033603946151474,-0.2165742150931269,,0.2605633802816901,0.3909952606635071,0.6307857911733046,0.4718314837067929,-0.5213379469434832,0.5548986486486487,0.7523411371237458,0.4357864357864358,0.0128165051578618,,0.0045754026354319,,0.2963192081657902,0.0231949120838009,0.345765686704695,0.259217877094972,,,,-0.822046826135922,,-0.2,,0.4347593820950006,-1.0169491525423728,,-0.4368144270776138,0.8479950264221324,0.620736261781967,0.759825327510917,-0.1864646464646464,0.8810356892932121,0.710882553127127,,,,-0.6707768187422934,0.5020573623091225,-0.2165742150931269,0.8615056881752191,1.12,-0.3882651213328504,,,0.7680890538033395,-8.392523364485982,-0.1835491241431835,-8.037735849056604,-0.9559507523939808,-2.9600638977635785,0.6,-2.1289920790923067,0.609891021740333,-0.2165742150931269,2.2001545904020685,,0.5516356638871072,-11.289473684210526,0.9516129032258064,1.5459057071960298,0.7620837808807733,-1.6434782608695653,0.0525739320920043,-0.423841059602649,0.4680851063829787,0.6572036905606813,0.358600583090379,-0.6896551724137931,-0.946969696969697,2.049213649851632,-0.7777777777777778,-0.0961630926050581,2.2708079183764003,,,0.8199322894625476,,0.486815415821501,,0.5927370948379351,0.5641025641025641,0.716240689551873,0.7332151243590358,0.6527567315537941,0.1403508771929824,0.7661971830985915,0.4838230929059068,-0.1694915254237288,0.6547619047619048,0.0,-0.5333333333333333,,0.9130434782608696,,0.7197635062765092,0.4910118130457113,0.4835164835164835,0.5449695121951219,0.238114136042543,,1.0748560460652592,0.6892857142857143,,8.2219,-0.0962429608727909
2019-06-30,0.6426895059282514,0.3275560224089636,,0.6581632653061225,0.8669699727024568,0.5132067262260421,0.5856643356643356,-0.0593781488412264,-0.2,,0.3913298183948447,1.1840435176790571,0.4309043153874459,-0.2892816771143767,0.5714764772457349,,0.3685446009389671,0.2677725118483412,1.019529447947101,0.7033293277726727,0.1199538638985005,1.0695382882882882,0.7752508361204014,0.4444444444444444,0.6389496717724289,,-0.0045754026354319,,0.8103928240024745,0.6487093153759821,0.8565160157964019,0.5374301675977654,,,,-0.7762470743940634,,-0.2,,0.395405778391132,-1.0169491525423728,,-0.1903437168271166,0.8927572272303388,0.6423617286146185,0.9082969432314412,0.4890909090909091,0.9863540937718684,1.0082432125841336,,,,-0.5581586518701191,0.6426895059282514,0.5714764772457349,0.8592680110630756,1.1466666666666667,-0.3679826149945672,,,0.8293135435992579,-0.4672897196261682,-0.1408987052551409,-0.0377358490566037,0.4760601915184678,1.038338658146965,-0.376551724137931,-0.1828231127026448,0.698401283398794,0.5714764772457349,-1.067566667110892,,0.5772931366260423,-0.0526315789473684,0.967741935483871,0.7841191066997518,-1.617078410311493,-2.382608695652174,-0.0876232201533406,-0.0927152317880794,0.5319148936170213,-0.914833215046132,0.0029154518950437,0.1724137931034483,0.0,-1.7415875370919882,0.1481481481481481,-0.1923261852101163,-1.1324858600421426,,,1.1108760050782902,,0.4503042596348884,,0.77843637454982,0.5897435897435898,0.96406541483408,0.7475918915033306,-0.3380347359832148,-0.3859649122807017,1.1211267605633803,0.4986642920747996,-0.135593220338983,1.0238095238095235,0.3870967741935484,-0.2666666666666666,,,,0.9853905145452208,0.5577812018489985,0.4646781789638932,0.5685975609756098,0.2539884117787126,,1.378119001919386,0.9714285714285714,,6.3664,0.2145472376593657
2019-03-31,0.5662470663537444,0.3352591036414565,,0.7193877551020408,0.7308462238398544,0.493264633832213,0.2744755244755245,0.1313516625881675,0.0,,0.3417859235082434,1.1556361438501055,0.4273515118447932,-0.2977083547425753,0.6609006692841873,,0.4384976525821596,0.2914691943127962,0.670152237428879,0.8888810348483778,0.4659746251441753,0.7677364864864865,0.8160535117056856,0.4487734487734487,0.3082213191622382,,-0.0638726207906295,,-0.0705227343025054,0.2734754956977179,1.111013602457218,0.4569832402234637,,,,-0.7952715866560662,,0.0,,0.3426968793126475,-1.0169491525423728,,-0.3343216564783972,0.8641591544917625,0.6284189934198826,-0.3493449781659388,0.0838383838383838,0.9237228831350596,0.8160024200257128,,,,-0.3575832305795314,0.5662470663537444,0.6609006692841873,0.8413665941659282,1.022795698924731,-0.2462875769648678,,,0.8311688311688312,-1.4766355140186915,-1.916984006092917,-1.0566037735849056,0.6998632010943913,1.889776357827476,-1.4082758620689655,1.3702197224763053,0.2351053825302871,0.6609006692841873,-1.1595213028239402,,0.6414368184733804,-1.5526315789473684,1.0,-1.3995037220843674,1.0241675617615469,-0.9130434782608696,2.70974808324206,-0.2913907284768212,0.4680851063829787,0.830376153300213,-0.6268221574344023,-0.2068965517241379,0.7556818181818182,-1.2890652818991095,-0.3703703703703703,-0.1730935666891047,-1.2239797050016634,,,0.0211595429538721,,0.4665314401622718,,0.0281362545018007,0.6538461538461539,-0.1198273396968913,0.0143767671442948,0.7343513229980184,-0.0350877192982456,-0.104225352112676,0.0,-0.3559322033898305,0.4642857142857143,0.1290322580645161,0.3333333333333333,,1.173913043478261,,0.5826656955571741,-0.0832049306625577,0.4897959183673469,-0.0777439024390243,0.0476228272085086,,-0.0230326295585412,-0.3321428571428571,,7.0822,-0.0363857142857142
2018-12-31,0.5412539242281081,0.3541666666666667,,0.4693877551020408,0.6508947528055808,0.5308826717569362,0.3723776223776224,1.182164963293508,0.0,,0.3521633609507071,1.2357207615593837,0.4324269454771542,-0.283732401603124,0.192820914082913,,0.8314553990610328,-0.0876777251184834,0.1088728279255728,0.1837845479606983,-0.3229527104959631,0.1596283783783783,0.8384615384615385,0.4978354978354978,0.3482338230697093,,-0.0195827232796486,,0.6118156510980514,-0.1245791245791245,0.5923650724001756,1.364245810055866,,,,-0.7828234490031508,,0.0,,0.35373725682233,-0.884437596302003,,-0.2171870615078638,0.9735778675784892,0.5901476080384137,,-0.346060606060606,0.7627711686494052,0.5897300158814187,,,,-0.2827784628031237,0.5412539242281081,0.192820914082913,0.8324158857173545,0.3329032258064516,-0.1419775443679826,,,0.862708719851577,,0.5019040365575019,-0.3018867924528302,-0.6779753761969904,-1.8977635782747604,-0.2248275862068965,-1.0235681061829789,0.6223377772860541,0.192820914082913,1.124685155323374,,0.6286080821039127,-0.3421052631578947,1.0,-0.2679900744416873,-0.1390977443609022,-0.591304347826087,0.1599123767798466,2.8211920529801326,0.5957446808510638,0.0617459190915542,0.3177842565597668,-0.1379310344827586,-0.4090909090909091,0.377106824925816,-0.074074074074074,-0.1346283296470814,1.1437701009204837,11.753086419753089,0.0,1.311891663140076,0.0,0.5436105476673428,,0.9903961584633854,0.6410256410256411,1.23640027778156,1.0015814443858724,-0.2680965147453083,-0.1052631578947368,1.2507042253521128,0.5117245473434253,-0.3728813559322034,,,,-3100000.0,1.6521739130434785,0.0,1.7137226339916884,0.6122239342578326,0.5557299843014128,0.5632621951219512,-0.031748551472339,0.0,1.343570057581574,0.9392857142857144,,5.5332,0.2205595315549771
2018-09-30,0.5514950166112956,0.3804271708683473,,0.6785714285714286,0.7205338186229906,0.4695456300001586,0.291958041958042,0.1709370951489851,0.0,,0.3039584902502301,1.2109398609851918,0.3702528834807324,-0.2761278388654815,0.5840517542511423,,0.5967136150234742,1.1919431279620851,0.425342149777026,0.4541598925567258,0.3829296424452134,0.5281531531531531,0.8337792642140468,0.5339105339105339,0.3994998437011566,,-0.1334187408491947,0.0,0.5672749768017321,0.3078937523381967,0.5177709521720053,0.659217877094972,0.0,0.0,0.0,-0.8039617959609316,0.0,0.0,0.0,0.3024529225838044,-0.884437596302003,,-0.1122539868467611,1.0121230960522225,0.5904321536546328,,0.121010101010101,0.7421273617914625,0.7521742418513196,,,,-0.3057953144266337,0.5514950166112956,0.5840517542511423,0.8883578135209402,0.3544086021505376,-0.4650488953277797,,,0.8979591836734694,,-0.0677837014470677,-7.452830188679245,-0.319015047879617,-1.2380191693290734,0.456551724137931,-1.6541268512932292,1.2336117718648003,0.5840517542511423,0.8728094140224156,,0.5516356638871072,-9.921052631578949,1.0,-0.1389578163771712,0.2755102040816326,-2.1565217391304348,-0.0284775465498357,-0.7284768211920529,0.9148936170212766,0.3356990773598297,0.4169096209912536,-0.3793103448275862,-0.7159090909090909,0.4972848664688427,-1.5555555555555556,-0.1923261852101163,0.8609709437728734,0.0,0.0,1.0526872619551415,0.0,0.3407707910750507,,0.6846488595438175,0.5641025641025641,0.9313852312803824,0.922509225092251,0.6527567315537941,-0.2456140350877192,1.0112676056338028,0.4476105669338082,-0.1525423728813559,,,,0.0,0.4782608695652174,0.0,0.8225868643160105,0.4992295839753466,0.3956043956043956,0.5198170731707317,0.3651083419318993,0.0,1.3666026871401151,0.9607142857142856,,9.2751,-0.1000042938726436
2018-06-30,0.5785607607668628,0.3788515406162465,,0.9387755102040816,0.7753715498938429,0.4683370183399266,0.1555944055944056,0.0,0.0,,0.2550841074566909,1.2048957388939256,0.3720292852520587,-0.2791080053437468,1.201637580516704,,0.5713615023474179,0.7061611374407583,0.4662463478394587,0.5407506891920548,0.5997693194925029,0.6900337837837838,0.8744147157190636,0.5353535353535354,0.5476711472335105,,-0.135614934114202,0.0,0.6353232291988865,0.5046763935652825,0.4045634050021939,0.8793296089385475,0.0,0.0,0.0,-0.7943321045690537,0.0,0.0,0.0,0.2504563059252994,-0.884437596302003,,-0.1805825005795722,1.010879701585328,0.5882980615329895,,0.3335353535353535,0.7487753673897831,0.828707555017772,,,,-0.1060419235511714,0.5785607607668628,1.201637580516704,0.8861201364087967,0.3552688172043011,-0.4447663889894965,,,0.9369202226345084,,1.031987814166032,-0.3962264150943396,0.7934336525307798,1.7539936102236422,0.3241379310344827,0.7085222739038203,1.0054212535265807,1.201637580516704,-1.2341511520982982,,0.5003207184092366,-1.5789473684210529,1.0161290322580645,-0.7518610421836228,-1.7932330827067668,-3.5739130434782607,4.135815991237678,0.0,0.851063829787234,-1.0312278211497516,-0.0612244897959183,-2.413793103448276,0.4337121212121212,-1.7771958456973294,0.3703703703703703,-0.1923261852101163,-1.3265637129865808,0.0,0.0,0.9204401184934404,0.0,0.6328600405679513,,0.7146608643457383,0.5128205128205128,0.7761543594003186,0.7763454257919202,0.6061312507285231,-0.4912280701754385,0.8507042253521127,0.4250519441970911,-0.4406779661016949,,,,0.0,0.9130434782608696,0.0,1.242448909643974,0.4555726759116589,0.5934065934065934,0.4428353658536585,0.0,0.0,0.9865642994241842,0.6071428571428571,,11.044,-0.0690887110597873
2018-03-31,0.521929958243165,0.4436274509803921,,0.8418367346938775,0.6424021838034577,0.493566786747271,0.3234265734265734,0.1403483518065351,0.0,,0.2231149050129718,1.3496524629797522,0.3283805560137544,-0.2457095879149111,0.971090835417569,,0.3145539906103286,0.6374407582938388,0.1485468245425188,0.2403336396409132,-0.2076124567474048,0.352759009009009,0.93561872909699,0.7373737373737373,0.0500156298843388,,-0.1469619326500732,0.0,-0.0828951438292607,0.1200897867564534,0.1878016673979815,0.4033519553072626,0.0,0.0,0.0,-0.7962110687430787,0.0,0.0,0.0,0.2164448203712772,-0.884437596302003,,0.2513513183742694,1.194902082685732,0.6354614974213053,,-0.0818181818181818,0.8995801259622114,0.7456704227482417,,,,0.1948212083847102,0.521929958243165,0.971090835417569,0.9196852930909482,0.4756989247311828,-0.4578051430641072,,,0.974025974025974,,-1.3137852246763138,-0.2075471698113207,0.054719562243502,0.0591054313099041,-2.387586206896552,1.8489772882081623,0.372019693533219,0.971090835417569,0.4623452430134467,,0.6670942912123156,-0.1578947368421052,1.032258064516129,-1.0570719602977667,1.603114930182599,-0.7913043478260869,-0.1752464403066812,-0.1324503311258278,0.6382978723404256,1.21291696238467,-0.5043731778425656,0.0344827586206896,0.9886363636363636,0.334080118694362,0.074074074074074,-0.1923261852101163,0.4520211822113785,0.0,0.0,-0.0819932289462547,0.0,0.7058823529411765,,0.0600240096038415,0.6794871794871795,-0.1988044499516605,-0.0503186850050318,0.757664063410654,0.1403508771929824,-0.2788732394366197,0.0955773226476699,-0.5254237288135594,,,,0.0,2.0434782608695654,0.0,-0.6940576667666338,-0.0220852593733949,0.6750392464678179,0.0,-0.0793713786808476,0.0,0.3992322456813819,0.0607142857142857,,9.9907,-0.0122981379148323
2017-12-31,0.5489957023987321,0.4467787114845938,,-0.2959183673469387,0.6852289960570216,0.5073147443824108,0.4038461538461538,3.3359723621707214,0.0,,0.2142438697798979,0.8301601692354186,0.3316795878747891,1.3033603946151475,0.331148961142394,,0.5460093896713615,-2.1682464454976302,0.2318929724742426,0.2491694352159468,-0.1522491349480969,0.3001126126126126,0.9491638795986622,0.7113997113997114,0.1900593935604876,,-0.12902635431918,0.0,0.8648314259201979,0.0482603815937149,-0.1658622202720491,0.2871508379888268,0.0,0.0,0.0,-0.7814142258726321,0.0,0.0,0.0,0.2070070783065485,-0.6533127889060092,,0.0610076015471527,1.257071806030463,0.6351769518050863,,-0.1593939393939394,0.9097270818754374,0.7244951977614762,,,,0.1997533908754624,0.5489957023987321,0.331148961142394,0.892833167745227,0.4696774193548387,-0.311481347337921,,,0.9591836734693876,,0.4333587204874333,-0.2264150943396226,-0.5838577291381669,-1.5143769968051115,-0.0979310344827586,-0.8834439406029232,0.7094650661061017,0.331148961142394,0.8461558964244306,,0.6927517639512508,0.9210526315789472,1.096774193548387,1.2853598014888337,-0.7212674543501612,-0.0260869565217391,0.28039430449069,-6.079470198675497,1.5319148936170213,-0.3229240596167494,0.4985422740524781,,-0.3409090909090909,0.4868991097922848,0.7777777777777778,-0.5577459371093374,0.7930436952423201,11.604938271604938,0.0,1.610770207363521,0.0,0.8275862068965517,,1.404936974789916,0.7051282051282052,1.5795422050953851,1.519145061580486,0.7809768038232894,-0.3157894736842105,1.6338028169014085,0.6429207479964381,-0.4576271186440678,,,,0.0,2.4347826086956523,0.0,-0.6597832140868001,0.8048279404211608,0.7660910518053375,0.680640243902439,-0.7619652353361378,0.0,2.840690978886756,2.3321428571428573,,10.1846,-0.0980401783084264
2017-09-30,0.5841080191410893,0.4616596638655462,,0.1632653061224489,0.818926296633303,0.4278485277221522,2.9597902097902096,0.1781344465236793,0.0,,0.0905515105866599,0.6757328498035661,0.3537577241755592,1.3226800945432124,0.6720786932889938,,0.412206572769953,1.3341232227488151,0.4708596032600338,-0.0088357955750335,-0.8304498269896193,0.5875563063063063,0.9389632107023412,0.759018759018759,0.3010315723663644,,-0.3804904831625183,0.0,0.5499536034642747,0.4848484848484848,0.2992540587977182,0.441340782122905,0.0,0.0,0.0,-0.717059702912277,0.0,0.0,0.0,0.0754129012153318,-0.650231124807396,,0.0,1.3217283183089836,0.6508980971011915,,0.3121212121212121,0.7309307207837649,0.9342811767375028,,,,0.1487875051376901,0.5841080191410893,0.6720786932889938,0.8883578135209402,0.4886021505376344,-0.2375950742484607,,,0.979591836734694,,0.0327494287890327,0.2452830188679245,-0.4158686730506156,-1.512779552715655,1.3062068965517242,0.0312554736002179,0.7219118216518228,0.6720786932889938,1.094033610085691,,0.6157793457344451,-0.1052631578947368,0.0,0.6823821339950372,0.0069817400644468,-2.634782608695652,0.0,0.0,0.1702127659574468,0.1582682753726046,0.4693877551020408,0.6896551724137931,0.1041666666666666,0.7287388724035608,0.4074074074074074,-0.1923261852101163,1.1396112897859598,0.0,0.0,1.073846804909014,0.0,0.9371196754563894,,1.0054021608643458,0.6282051282051282,0.9613420662046052,0.9608472708103704,0.7110385825853829,0.2105263157894736,1.0450704225352112,0.5811813594538439,-0.3050847457627119,,,,0.0,1.0,0.0,1.3195664281736,0.6271186440677966,0.8571428571428571,0.5792682926829268,-0.1111199301531867,0.0,1.1746641074856046,0.7821428571428571,,9.7852,0.0295382274950611
2017-06-30,0.6003230820811363,0.4502801120448179,,1.316326530612245,0.856657567485593,0.4210500871333469,2.6346153846153846,0.0467827839355117,0.0,,0.0393338354674031,0.6506497431248112,0.3776122622476557,1.311992600965985,0.6846539702944012,,0.4126760563380282,0.6208530805687204,0.6581577733353837,0.0,48.43367935409458,0.7615427927927928,0.9812709030100334,0.7647907647907648,0.4551422319474836,,-0.4075768667642752,0.0,0.5536653263223013,0.7141788252899364,0.5204036858271172,0.8547486033519553,0.0,0.0,0.0,-0.715180738738252,0.0,0.0,0.0,0.0209232960868984,-0.650231124807396,,-0.5295459814292861,1.2682623562325148,0.6347501333807576,,0.5597979797979798,0.701889433170049,0.9811691749224836,,,,0.3567612001644061,0.6003230820811363,0.6846539702944012,0.8637433652873625,0.4920430107526882,-0.0738862730894603,,,1.0092764378478665,,0.9512566641279512,-0.1509433962264151,0.2774281805745554,0.9169329073482428,0.0593103448275862,-0.5603798921822393,0.9445704486363888,0.6846539702944012,-1.1088796193877688,,0.6029506093649776,-0.131578947368421,0.0,-1.064516129032258,-1.3625134264232008,-0.4,1.2376779846659365,0.1456953642384106,0.5957446808510638,-0.7466288147622427,-0.7900874635568513,0.7241379310344828,-0.1837121212121212,-1.633278931750742,0.8888888888888888,-0.1923261852101163,-1.1796190529000776,0.0,0.0,0.7643884892086331,0.0,0.7058823529411765,,0.8290816326530612,0.6153846153846154,0.9177684881330084,0.9201130972348684,0.6993822123790652,0.8070175438596491,0.6704225352112676,0.3502523003858712,-0.288135593220339,,,,0.0,5.3478260869565215,0.0,0.9254102223555116,0.4103749357986646,0.6656200941915228,0.3292682926829268,-1.4921819191999366,0.0,0.9021113243761996,0.5285714285714286,,9.3059,-0.0944132217195541
2017-03-31,0.4874272303331403,0.4378501400560224,,0.3061224489795918,0.6317258113436457,0.4213522400484049,2.0996503496503496,-0.4210450554196056,0.0,,0.0,0.5908129344212754,0.4032432020910786,1.285787688829514,0.9096117033911332,,-0.0497652582159624,0.3838862559241706,0.3804397970167615,-0.1714144341556513,-1.2502883506343714,0.5526463963963963,0.981438127090301,0.7691197691197691,-0.0847139731165989,,-0.4178257686676427,0.0,-0.2128054438601917,0.4728769173213618,0.1246160596752961,0.264804469273743,0.0,0.0,0.0,-0.6597512956045156,0.0,0.0,0.0,-0.0209232960868984,-0.6471494607087828,,-0.5441878058006028,1.0792663972645322,0.6258580828739108,,0.2991919191919192,0.6326102169349195,0.8497315283974892,,,,0.3567612001644061,0.4874272303331403,0.9096117033911332,0.8413665941659282,0.4946236559139785,0.0738862730894603,,,1.018552875695733,,-1.4752475247524752,-54.86792452830189,1.7160054719562243,5.065495207667731,-0.0179310344827586,3.001109316310842,-0.0981910715273552,0.9096117033911332,0.5289790370084092,,0.5003207184092366,-77.13157894736842,0.0,-0.7518610421836228,1.638560687432868,0.1217391304347826,8.76670317634173,-0.2516556291390728,0.0425531914893617,1.2363378282469837,-0.0845481049562682,0.3448275862068966,1.5492424242424243,0.5150890207715133,-0.2222222222222222,0.1538609481680931,0.5601502717089941,0.0,0.0,-0.2406898011002962,0.0,0.3083164300202839,,-0.2532262905162065,0.5128205128205128,-0.4384591293454432,-0.2923275986006613,0.6061312507285231,-0.2105263157894736,-0.3464788732394366,-0.1442564559216384,-0.4576271186440678,,,,0.0,0.6521739130434783,0.0,-0.6255087614069663,-0.2583461736004109,0.3265306122448979,-0.2233231707317073,-0.1269942058893563,0.0,0.1381957773512476,-0.1821428571428571,,10.5041,-0.0037985167696422
2016-12-31,0.1011917461672102,-0.0332633053221288,,-0.4183673469387755,-0.1266606005459508,0.4085107411584391,-0.6590909090909091,1.281128544695552,0.0,,-0.0075320110469495,0.0888485947416137,0.1233330372663714,0.7940602199157333,-0.1439170590618843,,-0.0737089201877934,-2.1682464454976302,-0.3899738582192834,0.6962606913126458,-1.9238754325259515,-0.3648648648648648,0.991638795986622,-0.4444444444444444,-0.3066583307283526,,0.939787701317716,0.0,0.3804515929477265,-0.9300411522633744,-0.5537516454585344,-0.194413407821229,0.0,0.0,0.0,-0.6834732183015808,0.0,0.0,0.0,-0.028936473311668,-0.3636363636363636,,-0.6125163195334139,-0.1181224743549891,0.2256446736617464,,-1.215959595959596,0.0514345696291112,-0.088028435302125,,,,0.3312782572955199,0.1011917461672102,-0.1439170590618843,0.6310249456244462,-0.2288172043010752,0.2260050706265845,,,0.974025974025974,,-0.1561309977151561,-0.0754716981132075,-1.4560875512995897,-1.488817891373802,-0.7048275862068966,-2.1951618239495554,0.7053161475908614,-0.1439170590618843,0.4023748284179804,,0.0,-23.5,0.0,1.2133995037220844,-0.7201933404940923,0.4260869565217391,9.136911281489594,4.397350993377484,0.5106382978723404,-0.3222143364088006,1.1399416909620992,-1.0689655172413792,-0.9791666666666666,-0.1896587537091988,1.5925925925925926,5.63515722665641,0.3979566374625707,10.37037037037037,0.0,0.2353999153618282,0.0,0.1338742393509127,,0.5514705882352942,0.0128205128205128,0.108933945178992,0.0958451142952988,0.1515328126821307,-10.526315789473683,1.0732394366197182,0.0237459186702285,0.0508474576271186,,,,0.0,0.2608695652173913,0.0,0.7026262799365922,0.1412429378531073,0.119309262166405,0.0426829268292682,-4.651162790697675,0.0,0.2341650671785028,-0.0928571428571428,,10.584,-0.1000027819765016
2016-09-30,0.1573348776250419,-0.0166316526610644,,-0.2244897959183673,-0.0336063087655444,0.4317765156179065,-0.6206293706293706,-0.735929178062473,0.0,,-0.0177420704661477,0.0172257479601087,0.1449036302039055,0.8138937416503956,0.6678869342871914,,-0.2276995305164319,0.3909952606635071,-0.2980163001691527,-0.0830564784053156,-1.0196078431372548,-0.1171171171171171,0.9707357859531772,-0.391053391053391,-0.0906533291653641,,0.9302708638360176,0.0,0.0940303124033405,-0.4358398802843247,-0.0842474769635805,-0.0223463687150838,0.0,0.0,0.0,-0.6036172409055198,0.0,0.0,0.0,-0.0397987802163557,-0.3605546995377504,,-0.5807923667288944,-0.1181224743549891,0.2420060465943446,,-0.6822222222222222,-0.2977606717984604,0.0775920744157906,,,,0.2277024249897246,0.1573348776250419,0.6678869342871914,0.6601147480823107,-0.1969892473118279,0.0840275262586019,,,0.9628942486085345,,0.0449352627570449,0.0,-0.5406292749658003,-1.39297124600639,0.2441379310344827,0.2531187357686394,0.6389334513470155,0.6678869342871914,1.1126910724042804,,0.0256574727389352,0.0263157894736842,0.0,1.0,-0.0606874328678839,0.0260869565217391,-0.5542168674698795,0.7284768211920529,-0.1702127659574468,0.1135557132718239,,0.0344827586206896,0.2121212121212121,0.8370474777448071,0.4444444444444444,0.0192326185210116,1.1811994011311966,0.0,0.0,0.753808717731697,0.0,-0.0851926977687626,,0.3732743097238895,0.0384615384615384,0.6427102765560533,0.3905688407533426,-0.6993822123790652,-2.175438596491228,0.9605633802816902,0.0112793113683585,0.0847457627118644,,,,0.0,0.1739130434782608,0.0,0.9596846750353456,0.1088854648176682,-0.0470957613814756,0.0670731707317073,-0.9207079926978332,0.0,0.8714011516314779,0.5,,7.7004,0.270739182380136
2016-06-30,0.1987259593404249,-0.0029761904761904,,0.3622448979591837,0.0795875037913254,0.3934030954055383,-0.8723776223776224,-0.8366920973081906,0.0,,-0.0557368817474265,0.0317316409791477,0.152516780652447,0.8253005857568595,0.600818790258352,,-0.0957746478873239,-0.1303317535545023,0.0,0.3498975047713296,0.1107266435986159,0.1421734234234234,0.9633779264214046,-0.329004329004329,0.0734604563926226,,0.7977672035139092,0.0,0.1317661614599443,-0.1829405162738496,0.2641509433962264,0.3262569832402234,0.0,0.0,0.0,-0.5996244420357167,0.0,0.0,0.0,-0.0802208075501936,-0.3605546995377504,,-0.5783520626670083,-0.1156356854211998,0.25296105281878,,-0.4090909090909091,-0.2806158152554234,0.1762081222112985,,,,0.1915330867242088,0.1987259593404249,0.600818790258352,0.6556393938580238,-0.16,0.1709525534226729,,,0.9554730983302412,,0.1393754760091393,-16.09433962264151,1.0221614227086184,2.253993610223642,0.0179310344827586,-0.1750384368370862,0.7246777673286496,0.600818790258352,-1.019590335434519,,0.0,-0.131578947368421,0.0,-0.4168734491315136,-1.1294307196562836,0.1130434782608695,2.8433734939759034,-4.701986754966887,-0.425531914893617,-0.5926188786373314,-0.0087463556851311,0.7586206896551724,0.0037878787878787,-1.5027151335311573,0.5925925925925926,-0.0384652370420232,-1.0201979594100032,0.0,0.0,1.6583791790097333,0.0,-0.1947261663286004,,0.196953781512605,0.0128205128205128,1.6775827557564782,1.4760147601476017,0.1515328126821307,13.36842105263158,0.6704225352112676,-0.0771742356782428,0.0508474576271186,,,,0.0,1.9130434782608696,0.0,0.5312540165374234,0.0,-0.1444270015698587,-0.0228658536585365,5.460750853242321,0.0,2.3761996161228405,1.9,,8.2515,-0.0261285826819366
2016-03-31,0.0251150598921027,-0.1087184873949579,,0.0,-0.1616014558689718,0.2634773419305909,-1.0541958041958042,-0.998632503238808,0.0,,-0.159343878148799,0.0265941372015714,-0.0771465912118866,0.7036275819545782,0.6874484762956028,,-0.4821596244131455,-0.0947867298578199,-0.4963862832538828,-0.4559270516717325,,-0.2947635135135135,0.9535117056856188,-0.3059163059163059,-0.4517036573929353,,1.0353221083455344,0.0,-0.636560470151562,-0.5929667040778152,-0.112329969284774,0.0,0.0,0.0,0.0,-0.6423708769947847,0.0,0.0,0.0,-0.1904465120420246,-0.3605546995377504,,0.2733140549312444,-0.1454771526266708,0.1698737328828027,,-0.851919191919192,-0.2631210636808957,0.0,,,,0.1430332922318125,0.0251150598921027,0.6874484762956028,0.6399756540730199,-0.1462365591397849,0.2969938428105759,,,0.9406307977736548,,-0.964965727341965,0.5660377358490566,,0.1102236421725239,,1.8956853434015144,0.0746805332743264,0.6874484762956028,0.3450697655823127,,-0.0769724182168056,-0.1578947368421052,0.0,-1.2928039702233252,1.5064446831364124,0.0260869565217391,-0.0963855421686747,-0.23841059602649,-0.2340425531914893,1.149041873669269,-0.5743440233236151,0.9655172413793104,1.0113636363636365,0.3815578635014837,0.1111111111111111,-0.1538609481680931,0.3868664744371742,0.0,0.0,-0.3121032585696149,0.0,-0.5354969574036511,,-0.7859393757503002,-0.0641025641025641,-0.5283296341181116,-0.479225571476494,0.0815945914442242,0.1403508771929824,-0.4253521126760563,-0.603739982190561,-0.3050847457627119,,,,0.0,0.0,0.0,-0.9596846750353456,-0.6779661016949152,-0.4301412872841444,-0.6295731707317073,0.2539884117787126,0.0,0.1842610364683301,-0.1392857142857143,,7.1732,0.1202671053365304
2015-12-31,0.0334664268950592,-0.1116946778711484,,-0.4948979591836734,-0.1067637245981195,0.2158882578089532,-0.8129370629370629,-0.8204980567151289,0.0,,-0.1673780232655452,0.0256875188878815,-0.105569019553108,0.6864659336142226,0.030739566013218,,-0.3136150234741784,-0.1255924170616113,-0.3536829155774258,0.1130981833604297,31.095732410611305,-0.2964527027027027,0.954515050167224,-0.29004329004329,-0.3601125351672398,,0.9672401171303074,0.0,0.2462109495824311,-0.5828656939768051,-0.6099166301009215,-0.0547486033519553,0.0,0.0,0.0,-0.7064905294333866,0.0,0.0,0.0,-0.1989939010817789,-0.2033898305084746,,0.1805825005795722,-0.1454771526266708,0.1587764538502578,,-0.841010101010101,-0.2491252624212736,0.0140663994554942,,,,0.1060419235511714,0.0334664268950592,0.030739566013218,-0.5437555382508525,-0.1367741935483871,0.4085476276711337,,,0.935064935064935,,0.2155369383092155,0.1886792452830188,-0.3912448700410397,-1.599041533546326,-0.4924137931034483,-0.5370258645855633,0.2890413232284118,0.030739566013218,1.0100750296520384,,-0.0898011545862732,-0.131578947368421,0.0,1.1910669975186103,-0.6160042964554243,-1.2173913043478262,-1.0383351588170866,-0.1589403973509933,0.2553191489361702,-0.2533711852377572,1.903790087463557,-0.2068965517241379,-0.1723484848484848,0.3088575667655786,0.925925925925926,-0.5577459371093374,1.0467311744482644,9.876543209876544,0.0,1.081781633516716,0.0,-0.3286004056795132,,0.2532262905162065,-0.0769230769230769,0.9123217908740588,0.601428092203,-0.8276022846485604,1.0526315789473684,0.9943661971830986,-0.1068566340160284,-0.2542372881355932,,,,0.0,-0.3043478260869565,0.0,1.276723362323808,0.0102722136620441,-0.2700156985871271,-0.0304878048780487,0.6984681323914597,0.0,0.3224568138195777,0.8107142857142857,,5.6954,-0.1262246725427538
2015-09-30,0.0781492883050382,-0.103641456582633,,-0.2295918367346938,0.0066727327873824,0.1853708133880935,0.0856643356643356,-0.8906722326183965,0.0,,-0.2199347225709264,0.0129948624962224,-0.1025237593736914,0.7021888808961052,0.2473137811063449,,-0.2502347417840375,0.3838862559241706,-0.0768875903429186,0.316321481586202,,0.000563063063063,0.965551839464883,-0.2683982683982684,-0.1834948421381682,,0.8720717423133236,0.0,-0.0352613671512527,-0.3640104751215862,-0.1886792452830188,-0.2290502793296089,0.0,0.0,0.0,-0.695686485432743,0.0,0.0,0.0,-0.2549080710501714,-0.2033898305084746,,0.3123589199214222,-0.0944979794839913,0.17072736973146,,-0.6046464646464647,-0.2617214835549335,0.1350676850941541,,,,0.1602959309494451,0.0781492883050382,0.2473137811063449,0.6332626227365896,-0.1238709677419354,0.3824701195219123,,,0.9647495361781075,,-0.444021325209444,0.6981132075471698,,-0.952076677316294,,-0.55648755424946,0.5103169773745644,0.2473137811063449,0.4676759465330437,,-0.0513149454778704,0.5526315789473685,0.0,1.3722084367245655,-0.3378088077336197,-0.5217391304347826,-1.0711938663745892,-0.5562913907284768,0.1702127659574468,-0.0695528743789922,0.2186588921282798,-1.2413793103448276,-0.1818181818181818,0.1367507418397626,-0.037037037037037,-0.1153957111260698,0.488064212043917,0.0,0.0,1.0235928903935676,0.0,-0.4178498985801217,,0.1763205282112845,-0.0384615384615384,0.8551314696550879,0.7427996357885657,0.1049073318568597,1.0175438596491229,0.9352112676056338,-0.0860789551795785,-0.2542372881355932,,,,0.0,0.0,0.0,0.9853905145452208,0.0179763739085772,-0.3359497645211931,0.0121951219512195,0.5714739265021034,0.0,1.251439539347409,0.8535714285714285,,5.6475,0.0636387782204515
2015-06-30,0.1803163766039806,-0.065126050420168,,0.2602040816326531,0.1583257506824386,0.2497293842954511,0.1206293706293706,-0.9122642867424788,0.0,,-0.2744999581554941,0.0595346025989725,-0.0380657522427072,0.7562429349501593,0.4708742612024759,,0.2314553990610328,0.0521327014218009,0.0716592341996001,1.346575245635117,,0.1815878378378378,0.9735785953177256,-0.0562770562770562,0.130040637699281,,0.8545021961932651,0.0,0.0377358490566037,-0.3415637860082304,0.3598069328652918,0.435754189944134,0.0,0.0,0.0,-0.5303376381185462,0.0,0.0,0.0,-0.3129590882785024,-0.197226502311248,,0.4002098661493222,-0.0746036680136773,0.2186021696603236,,-0.5804040404040404,-0.2424772568229531,0.1689480450729789,,,,0.1981093300452116,0.1803163766039806,0.4708742612024759,0.6668277794187409,0.0025806451612903,0.3839188699746468,,,0.9851576994434136,,0.7395277989337395,0.0,1.5299589603283177,0.8562300319488818,,-0.0855146643831617,0.5642529180726891,0.4708742612024759,-0.8889880992043925,,0.0128287363694676,-0.131578947368421,0.0,-0.9429280397022332,-1.1874328678839956,-2.208695652173913,1.4830230010952905,0.1854304635761589,0.4042553191489361,-0.630943931866572,-0.2653061224489796,0.2758620689655172,0.0473484848484848,-1.391439169139466,0.5925925925925926,-0.1346283296470814,-0.9384080070977044,0.0,0.0,0.7908379179009734,0.0,-0.486815415821501,,0.0450180072028811,0.0256410256410256,0.6290935334086794,0.555901662912733,0.1631891828884485,0.0,0.7774647887323943,-0.1662214306915999,-0.2033898305084746,,,,0.0,-0.0869565217391304,0.0,0.6512146009168416,-0.0790960451977401,-0.3861852433281004,-0.0785060975609756,0.0158742757361695,0.0,1.9385796545105567,0.6785714285714286,,6.2066,-0.0926594270615151
2015-03-31,0.0902191471852235,-0.0619747899159663,,0.2295918367346938,0.0038823172581134,0.2187587105020044,-0.1835664335664335,-0.8816755434000287,0.0,,-0.3208636706000502,0.0595346025989725,-0.0497392495971374,0.7506936594389065,0.5253671282259079,,-0.3849765258215962,-0.1682464454976303,-0.1574657850222974,-0.1254682971654767,,-0.0171734234234234,1.0063545150501672,-0.0851370851370851,-0.3088465145357924,,0.789714494875549,0.0,-0.6006804825239715,-0.2940516273849607,0.0,-0.0156424581005586,0.0,0.0,0.0,-0.5594615828159332,0.0,0.0,0.0,-0.3622846458620843,-0.1694915254237288,,0.4075307783349805,-0.1106621075536213,0.2133380757602703,,-0.5290909090909091,-0.235479356193142,0.1749981093549119,,,,0.3518290176736539,0.0902191471852235,0.5253671282259079,0.6377379769608764,-0.0146236559139784,0.5374864179645056,,,1.0111317254174397,,-1.0213252094440213,-0.320754716981132,0.1050615595075239,0.1773162939297124,,1.5298055777202575,0.0442551308292305,0.5253671282259079,0.3224142756240254,,0.0769724182168056,-0.131578947368421,0.0,-1.2878411910669976,1.5515574650912998,-1.2695652173913043,0.3154435925520263,0.1324503311258278,0.7872340425531915,1.1788502484031227,-0.3411078717201166,-1.5172413793103448,0.8333333333333334,0.4512908011869436,0.0,-0.1153957111260698,0.2967588998558279,0.0,0.0,-0.3940964875158697,0.0,-0.4665314401622718,,-0.8272058823529411,0.0897435897435897,-0.6127534416318305,-0.5247520007667609,0.2214710339200373,0.5964912280701754,-0.5352112676056338,-0.5069753636093797,-0.2203389830508474,,,,0.0,0.217391304347826,0.0,-0.3170386872884623,-0.6168464304057525,-0.3610675039246467,-0.5221036585365854,0.5873482022382729,0.0,-0.2149712092130518,-0.5178571428571429,,6.638,-0.0722054835793914
2014-12-31,0.1998841781218568,-0.0232843137254901,,0.0408163265306122,0.1033666969972702,0.3666625624229038,0.2325174825174825,1.8569166546710807,0.0,,-0.3111557452506486,0.1003324267150196,0.016241387623555,0.8112218682560888,0.0,,-0.1253521126760563,-2.170616113744076,-0.1005689681685376,-0.4859687566268467,-2.108419838523645,-0.0709459459459459,1.0366220735785954,0.0909090909090909,0.0312597686777117,,0.9719985358711568,0.0,0.5629446334673678,-0.289188178077067,-0.3791136463361123,0.0737430167597765,0.0,0.0,0.0,-0.3856573967186239,0.0,0.0,0.0,-0.3519565507723812,-0.0215716486902927,,0.5783520626670083,-0.0634131178116257,0.2639160590432153,,-0.5238383838383839,-0.2092372288313506,0.2153822884368146,,,,0.4611590628853267,0.1998841781218568,0.0,-0.5415178611387091,0.0903225806451612,0.4780876494023904,,,1.0686456400742117,,0.2581873571972581,-0.3018867924528302,0.5220246238030096,-1.6277955271565496,-0.9613793103448276,-0.6849347060311777,0.311168888643027,0.0,1.046057278409318,,0.0898011545862732,0.8421052631578947,0.0,1.2406947890818858,-0.6944146079484426,-1.434782608695652,-0.0153340635268346,-0.2516556291390728,0.7446808510638298,-0.3051809794180269,1.3965014577259476,-0.9310344827586208,-0.2443181818181818,0.2435756676557863,0.4074074074074074,0.0576978555630349,1.0522762559609626,9.975308641975309,0.0,1.3224714346170123,0.0,-0.1217038539553752,,0.6114945978391356,0.1025641025641025,1.3099306907773798,0.9656395265251354,-0.757664063410654,-1.5087719298245614,1.3211267605633803,0.0842980112793113,0.0,,,,0.0,-3.0869565217391304,0.0,0.9853905145452208,0.2557781201848998,-0.1601255886970172,0.1882621951219512,-0.031748551472339,0.0,5.1708253358925145,1.2571428571428571,,7.1971,-0.1209792833224493
2014-09-30,0.2505410100886951,0.0,,0.336734693877551,0.1471640885653624,0.4376684974615378,0.6835664335664335,-0.5290053260400173,0.0,,-0.3846346974642229,-0.0540948927168328,0.0499930212787555,0.8423594697358956,0.269669829115958,,-0.2300469483568075,0.6516587677725119,0.1353221590035368,-0.496571711316887,,0.1993243243243243,1.053010033444816,0.1948051948051948,0.1738043138480775,,1.0466691068814056,0.0,0.3544695329415404,0.0722035166479611,0.1149627029398859,-0.017877094972067,0.0,0.0,0.0,-0.1951774035768431,0.0,0.0,0.0,-0.4301295463651338,-0.0061633281972265,,0.6881657454518834,-0.0733602735467827,0.290592210563756,,-0.1335353535353535,-0.4034289713086074,0.3037132269530364,,,,0.5376078914919852,0.2505410100886951,0.269669829115958,0.6847291963158884,0.152258064516129,0.5186526620789569,,,1.103896103896104,,0.0891089108910891,-0.2075471698113207,-0.1012311901504788,-0.9568690095846646,,-0.7043963956950743,0.5849975106488908,0.269669829115958,0.4823353812119354,,0.1026298909557408,0.8421052631578947,0.0,0.8610421836228288,-0.5214822771213748,0.2521739130434782,-1.009857612267251,-0.3973509933774834,0.6382978723404256,-0.190915542938254,0.1895043731778425,-1.1724137931034482,-0.2537878787878788,0.0892729970326409,0.3333333333333333,-0.0769304740840465,0.4728152378839969,0.0,0.0,1.174354633939907,0.0,-0.0081135902636916,,0.5177070828331333,0.1153846153846153,1.0648293141246477,0.9560550150956056,0.2447837743326728,1.087719298245614,1.1323943661971831,0.2172751558325912,0.0,,,,0.0,0.217391304347826,0.0,1.336703654513517,0.3189522342064715,0.0,0.3201219512195122,0.5714739265021034,0.0,1.3128598848368522,0.9107142857142856,,5.5117,0.2173920931835912
2014-06-30,0.3148526318997836,0.0304621848739495,,0.7142857142857143,0.2493175614194722,0.4698477829152166,0.3723776223776224,-0.636965596660429,0.2,,-0.4418779814210394,-0.0229676639468117,0.0966870106964763,0.8856232658514027,0.5463259232349201,,0.1154929577464788,0.1563981042654028,0.2823312317391973,0.5354492118470348,,0.3896396396396396,1.0563545150501672,0.3564213564213564,0.336980306345733,,0.9935944363103952,0.0,0.2827095576863594,0.1066217732884399,0.4940763492759982,0.4525139664804469,0.0,0.0,0.0,-0.0697565449606768,0.0,0.2,0.0,-0.4910296932733829,0.0,,0.7223300023182888,-0.0124339446689462,0.3285079139249511,,-0.0963636363636363,-0.0780265920223932,0.3197458973001588,,,,0.5524044389642416,0.3148526318997836,0.5463259232349201,0.7093436445494661,0.2486021505376344,0.5186526620789569,,,1.0964749536178109,,0.2718964204112719,0.6792452830188679,0.2287277701778385,0.84185303514377,,-0.0504836229881478,0.6264866958012945,0.5463259232349201,-0.907645561522982,,0.2180885182809493,0.631578947368421,0.0,-0.6823821339950372,-0.9930182599355531,0.0,0.9069003285870756,-0.0397350993377483,0.2765957446808511,-0.5024840312278211,0.1545189504373177,0.1379310344827586,0.0643939393939393,-1.3157715133531158,0.5925925925925926,-0.0769304740840465,-0.9494981701231008,0.0,0.0,0.6797503173931443,0.0,-0.1338742393509127,,0.118172268907563,0.2307692307692307,0.5337763313770613,0.5103752336224661,0.3496911061895326,0.7017543859649122,0.6281690140845071,0.0623330365093499,-0.0508474576271186,,,,0.0,0.0,0.0,0.8397240906559273,0.0903954802259887,-0.0910518053375196,0.1432926829268292,0.3968568934042384,0.0,0.817658349328215,0.45,,5.1203,0.0967130832177801
2014-03-31,0.246273888262367,0.03343837535014,,0.9591836734693876,0.1608735213830755,0.4100215057337292,0.0192307692307692,-0.5272059881963438,0.0,,-0.4775295003766006,-0.0175279540646721,0.0817144814810115,0.8807933408693865,0.5882435132529447,,-0.2305164319248826,0.0236966824644549,0.141780716592342,-0.3799392097264438,,0.2694256756756756,1.0494983277591974,0.3564213564213564,0.0,,0.8640190336749634,0.0,-0.241261985771729,0.1406659184436962,0.2237823606845107,0.2022346368715084,0.0,0.0,0.0,-0.1028732885278668,0.0,0.0,0.0,-0.5289587321372924,0.012326656394453,,0.6759642251424528,0.0049735778675784,0.3251645029343766,,-0.0595959595959596,-0.0717284814555633,0.3209559101565454,,,,0.5154130702836005,0.246273888262367,0.5882435132529447,0.6914422276523187,0.2486021505376344,0.6258601955813111,,,1.044526901669759,,-1.501142421934501,0.1698113207547169,0.0,0.15814696485623,,1.6932837708969892,0.0484040493444708,0.5882435132529447,0.2970934339059397,,0.2437459910198845,0.0526315789473684,0.0,-1.0421836228287842,1.880236305048335,0.0,-0.0306681270536692,0.3708609271523179,0.3829787234042553,1.396025550035486,-1.0466472303206995,0.1034482758620689,0.9128787878787878,0.4052967359050445,0.037037037037037,-0.0384652370420232,0.2967588998558279,0.0,0.0,-0.5263436309775709,0.0,-0.101419878296146,,-0.6752701080432173,0.2564102564102564,-0.702623946404499,-0.5726745579144104,0.373003846602168,0.0,-0.6253521126760564,-0.2635796972395369,-0.2033898305084746,,,,0.0,0.4782608695652174,0.0,-0.5740970823872156,-0.4144838212634822,-0.0565149136577708,-0.2835365853658536,0.238114136042543,0.0,-0.2994241842610364,-0.5892857142857143,,4.9206,-0.0487135715156688
2013-12-31,0.2952848303819074,0.0390406162464986,,-0.3520408163265306,0.2673946011525629,0.3988418478765826,0.1241258741258741,2.5532604001727366,0.0,,-0.464474014561888,0.0,0.0756239611221783,0.8891172541362655,0.0041917590018024,,0.107981220657277,-2.3199052132701423,0.2684914654774719,-0.5124761433519474,,0.2677364864864865,1.0464882943143812,0.3477633477633478,0.2278837136605189,,0.83400439238653,0.0,0.8809155583049799,0.1664796109240553,-0.1614743308468626,0.2837988826815642,0.0,0.0,0.0,-0.1343459384427849,0.0,0.0,0.0,-0.5150692249476918,0.0523882896764252,,0.8516661175982527,0.0062169723344731,0.3304997332384848,,-0.0317171717171717,-0.0514345696291112,0.3447024124631324,,,,0.4899301274147143,0.2952848303819074,0.0041917590018024,-0.5415178611387091,0.2434408602150537,0.7243752263672583,,,1.085343228200371,,0.6648895658796649,0.1886792452830188,-0.4399452804377565,-1.110223642172524,,-0.6070879473755911,0.2876583503899983,0.0041917590018024,0.58095339632448,,0.3078896728672226,-0.0263157894736842,0.0,0.9503722084367244,-1.0499462943071969,0.0,-0.0613362541073384,-0.3841059602649007,0.2978723404255319,-0.5400993612491128,-0.0029154518950437,-0.2758620689655172,-0.2064393939393939,0.0032195845697329,0.6296296296296297,-0.5577459371093374,0.5975795719197072,11.11111111111111,0.0,1.293377063055438,0.0,0.0202839756592292,,0.8553421368547419,0.3205128205128205,1.5196285352469396,1.3945464129965974,0.4312856976337568,1.087719298245614,1.2732394366197184,0.3051350549124369,0.0847457627118644,,,,0.0,5.304347826086956,0.0,0.3427445267983376,0.4807395993836671,0.0408163265306122,0.4230182926829268,-1.03182792285102,0.0,1.9309021113243765,1.4821428571428572,,5.3679,-0.130963691573986
2013-09-30,0.2993690755585357,0.0563725490196078,,-0.1428571428571428,0.3532908704883227,0.3020018386004881,-0.2255244755244755,-0.3238808118612351,0.0,,-0.5484977822411917,0.1314596554850408,0.0938955221986778,0.9138834652142636,0.2459165281057441,,-0.0469483568075117,0.6611374407582938,0.4607104413347686,-0.3445960274263094,,0.4923986486486486,1.0391304347826087,0.4213564213564214,0.1575492341356674,,0.5367862371888726,0.0,0.4021033096195484,0.4294799850355406,0.1570864414216762,0.1899441340782122,0.0,0.0,0.0,-0.1566586380093314,0.0,0.0,0.0,-0.6044606686551217,0.0523882896764252,,0.92243493539295,0.0571961454771526,0.3512715632224791,,0.2523232323232323,0.1007697690692792,0.5017015805792937,,,,0.4537607891491985,0.2993690755585357,0.2459165281057441,0.6802538420916016,0.2873118279569892,0.7663889894965592,,,1.0816326530612246,,-0.1728865194211729,0.6792452830188679,-0.4946648426812585,-1.2587859424920127,,-0.8873362785357025,0.6264866958012945,0.2459165281057441,0.5636286098857897,,0.3335471456061578,-0.0789473684210526,0.0,0.8635235732009926,-0.2325456498388829,0.0,-1.2639649507119386,-0.2913907284768212,-0.2978723404255319,0.0,0.271137026239067,0.0,-0.3428030303030303,0.2554451038575667,0.4814814814814814,0.1153957111260698,0.6183736275923256,0.0,0.0,0.8410918324164198,0.0,-0.0730223123732251,,0.315126050420168,0.3461538461538461,0.770707662141369,0.7404035079311833,0.4545984380463923,0.7017543859649122,0.8084507042253521,0.2570495696052241,0.0,,,,0.0,1.0,0.0,0.9254102223555116,0.3035439137134052,-0.0345368916797488,0.3795731707317073,0.3651083419318993,0.0,1.0134357005758157,0.6321428571428571,,5.304,-0.1129524886877827
2013-06-30,0.3435033070194154,0.0703781512605042,,0.5357142857142857,0.4741279951471034,0.2609090421525978,-0.3339160839160839,-0.3526702173600115,0.0,,-0.5926855803832957,0.1453611362949531,0.0997322708758929,0.9201520912547528,0.5882435132529447,,0.3652582159624413,0.2725118483412322,0.6596955251422421,1.0496925143139888,,0.7435247747747747,1.031438127090301,0.5613275613275613,0.3344795248515161,,0.3995241581259151,0.0,0.3538509124652026,0.468013468013468,0.4405440982887231,0.4905027932960893,0.0,0.0,0.0,-0.1477335581827128,0.0,0.0,0.0,-0.6514713083737702,0.0554699537750385,,0.8126212526080749,0.0609263288778364,0.3625111150631335,,0.2939393939393939,0.1168649405178446,0.519549270210996,,,,0.4151253596383066,0.3435033070194154,0.5882435132529447,0.7115813216616095,0.370752688172043,0.7113364722926476,,,1.0760667903525047,,0.9862909367859864,-1.6226415094339623,0.1926128590971272,0.7428115015974441,,-0.1983924644337621,0.7205288488134093,0.5882435132529447,-0.7224036142169863,,0.487491982039769,0.8421052631578947,0.0,-0.9751861042183624,-1.1509129967776583,0.0,12.799561883899234,0.8609271523178808,3.042553191489361,-0.6068133427963094,-0.0787172011661807,0.3793103448275862,-0.0075757575757575,-1.0724480712166171,0.7777777777777778,-0.0576978555630349,-0.9370217367195298,0.0,0.0,0.1825010579771477,0.0,0.1095334685598377,,0.2400960384153661,0.5,0.2178678903579841,0.2827430871711314,0.5944748805222054,-3.333333333333333,0.4591549295774648,0.1371326803205699,0.1694915254237288,,,,0.0,2.565217391304348,0.0,0.2399211687588363,0.1545968156137647,0.1161695447409733,0.1890243902439024,-2.031907294229701,0.0,0.3646833013435701,0.0285714285714285,,5.1922,0.0393087022419935
2013-03-31,0.306257429363894,0.0966386554621848,,0.8061224489795918,0.3731877464361541,0.2942969392665087,0.0646853146853146,-0.3634662444220526,0.0,,-0.6085864925935225,0.1402236325173768,0.1322150461230031,0.9582776693042852,0.6832567172938004,,-0.3004694835680751,0.1540284360189573,0.5191450099953867,-0.5018731886619071,,0.634009009009009,1.0229096989966555,0.5858585858585859,0.0221944357611753,,0.3786603221083455,0.0,-0.137952366223322,0.6509539842873177,0.1316366827555945,-0.0502793296089385,0.0,0.0,0.0,-0.0615360766993175,0.0,0.0,0.0,-0.6683880158482839,0.0554699537750385,,1.0224874019302803,0.0696300901460988,0.3901120398363862,,0.4915151515151515,0.1109167249825052,0.6081827119413143,,,,0.3732018084669132,0.306257429363894,0.6832567172938004,0.7742362808016254,0.3853763440860215,0.3303151032234697,,,1.0352504638218925,,-1.2193450114242192,-0.320754716981132,-0.1165526675786593,-0.1741214057507987,,2.09419457797326,0.0,0.6832567172938004,0.7995122406279569,,0.4361770365618986,-0.5,0.0,-0.5880893300248139,1.8909774436090223,0.0,-0.0481927710843373,0.2119205298013245,0.4893617021276595,1.4031227821149752,-1.0524781341107872,-1.2758620689655171,1.1079545454545454,1.0685014836795252,-0.2592592592592592,0.7693047408404654,0.8124514805367639,0.0,0.0,-0.8648963182395261,0.0,0.2109533468559837,,-0.5177070828331333,0.4487179487179487,-0.6971772491455493,-0.5319403843389083,0.5478493996969344,0.0701754385964912,-0.8676056338028169,-0.1294152567527456,0.5423728813559322,,,,0.0,4.217391304347826,0.0,-1.5766248232723534,-0.2984078068823831,0.2072213500784929,-0.1753048780487804,-1.095325025795698,0.0,-0.3416506717850288,-0.6321428571428571,,5.3359,-0.106936102467617
2012-12-31,0.3713615166570148,0.1083683473389355,,-0.3061224489795918,0.4953594176524112,0.3035126031757782,-0.0192307692307692,2.52447099467396,0.0,,-0.5935224704996234,0.1743729223330311,0.1291697859435865,0.963004829924982,-0.0447120960192262,,0.0342723004694835,-2.0781990521327014,0.7442718745194525,-0.4912702339718668,,0.6934121621621622,1.0205685618729097,0.6406926406926406,0.3297905595498593,,0.3808565153733528,0.0,1.0467058459635017,0.7276468387579499,-0.0666959192628345,-0.0011173184357541,0.0,0.0,0.0,-0.0650591345256143,0.0,0.0,0.0,-0.6523616613987446,0.0832049306625577,,1.1469429090864722,-0.0049735778675784,0.3960874977769874,,0.5743434343434344,0.1504548635409377,0.6526506844135219,,,,0.35429510891903,0.3713615166570148,-0.0447120960192262,0.771998603689482,0.4180645161290323,0.3969576240492575,,,1.0352504638218925,,1.5163747143945163,-0.3773584905660377,-0.7606019151846786,-2.043130990415336,,-2.852966934589261,1.0372296288100902,-0.0447120960192262,0.6275970521209536,,0.4105195638229634,0.7368421052631579,0.0,1.558312655086849,-1.0800214822771217,-0.017391304347826,-0.0240963855421686,0.2119205298013245,1.553191489361702,-0.559971611071682,-0.9008746355685132,-0.2068965517241379,-1.2992424242424243,1.205,0.2592592592592592,-1.6924704298490238,0.5643090828435178,10.271604938271604,0.0,1.0447524333474396,0.0,0.7018255578093306,,1.0091536614645855,0.4230769230769231,-0.495649450564414,-0.3594191786073705,0.5245366592842988,21.33333333333333,1.287323943661972,0.5129118432769367,1.152542372881356,,,,0.0,1.173913043478261,0.0,5.141167901975066,0.6142783769902413,0.5808477237048666,0.5586890243902439,-0.0952456544170172,0.0,-0.5796545105566219,-0.9035714285714286,,5.8631,0.0981050979857071
2012-09-30,0.3987930141119815,0.1260504201680672,,0.2244897959183673,0.5006976038823172,0.3648496449325557,-0.2534965034965035,-0.7035410968763495,0.0,,-0.5657377186375429,-0.0169235418555454,0.0756239611221783,0.963621416092899,1.0032276544313878,,-0.2507042253521127,0.5118483412322274,0.9386437029063508,-0.4364883014066587,,1.0824887387387387,1.01438127090301,0.6219336219336219,0.4726477024070022,,0.5697291361639825,0.0,0.5320136096504794,1.2330714552936777,0.4071961386573058,0.0692737430167597,0.0,0.0,0.0,0.0,0.0,0.0,0.0,-0.6228019409695944,0.0955315870570107,,1.4031748355845135,0.0087037612682623,0.3955895429486039,,1.1202020202020202,-0.0710286913925822,0.7511154806019814,,,,0.3205918618988903,0.3987930141119815,1.0032276544313878,0.7518595096801912,0.4068817204301075,0.5099601593625498,,,1.0667903525046385,,-0.5978674790555979,-0.0188679245283018,-0.2878248974008208,-0.6613418530351438,,1.2534495844929257,0.6154229130939868,1.0032276544313878,0.8035102682676546,,0.4746632456703015,0.0263157894736842,0.0,0.7270471464019851,-0.0005370569280343,-0.008695652173913,-0.1664841182913472,-0.8741721854304636,0.574468085106383,0.1533002129169624,0.4752186588921283,1.137931034482759,0.6988636363636364,0.1026261127596439,-0.5925925925925926,-0.2307914222521396,0.8110652101585893,0.0,0.0,0.856961489631824,0.0,0.1095334685598377,,0.5045768307322929,0.4871794871794871,0.9068750936151092,0.8865673072315139,0.5828185103158876,0.7368421052631579,0.9802816901408452,0.4197091124962897,0.9491525423728814,,,,0.0,0.3478260869565217,0.0,-1.490938691572769,0.4678993323061119,0.1381475667189952,0.5464939024390244,0.6190967537106119,0.0,2.1190019193857967,1.6607142857142858,,5.2401,0.1043303526574903
2012-06-30,0.3833704166539669,0.1281512605042016,,0.7551020408163265,0.5806490749165908,0.2270679156660998,-1.0122377622377623,-0.2537066359579674,0.0,,-0.6581303874801239,-0.018434572378362,0.0,0.9273455965471176,0.5770654892481382,,-0.04037558685446,0.3672985781990521,1.1859141934491773,-0.3198557998162154,,1.222972972972973,1.011872909698997,0.5772005772005772,0.5135979993748047,,0.340592972181552,0.0,0.5307763686978039,1.3950617283950617,0.6959192628345766,0.2849162011173184,0.0,0.0,0.0,-0.0810303300048266,0.0,0.0,0.0,-0.7210969149267684,0.0955315870570107,,1.3226448015422725,-0.0335716506061548,0.3682731637915703,,1.2951515151515152,-0.072778166550035,0.7830295696891779,,,,0.3082614056720099,0.3833704166539669,0.5770654892481382,0.7182943529980398,0.3802150537634408,0.6780152118797537,,,0.7179962894248608,,0.1515613099771515,-75.15094339622641,3.017783857729138,8.992012779552716,,0.8564311153494346,0.3346794268960558,0.5770654892481382,-1.95912683076349,,0.0769724182168056,-104.60526315789474,0.0,-0.5905707196029777,-1.4076262083780882,0.008695652173913,27.01642935377875,1.695364238410596,0.7021276595744681,-0.7764371894960965,-6.9533527696793005,-1.9655172413793105,0.5056818181818182,-1.9849109792284867,-0.2222222222222222,-20.13655159149918,-2.070990906066319,0.0,0.0,-2.393673296656792,0.0,0.3448275862068966,,0.0,0.0897435897435897,0.0,0.0143767671442948,0.2214710339200373,-21.50877192982456,-0.2816901408450704,0.2321163550014841,3.440677966101695,,,,0.0,6.391304347826087,0.0,-15.363523413735487,0.1468926553672316,0.2637362637362637,0.2751524390243902,-11.65171839034844,0.0,3.616122840690979,3.0535714285714284,,8.2356,-0.0512229115532147
2012-03-31,-0.5203450272791003,-0.7967436974789915,,-0.0153061224489795,-0.4209887776766757,-0.7653533338419574,-2.75,-0.5416006909457319,-1.0,,-0.8158004853962675,-0.09489271683288,-1.020415931786172,-0.0773815640735792,0.2934231301261719,,-0.8403755868544601,-1.1398104265402844,-0.5692757188989697,-0.5107089842369407,,-0.4408783783783784,0.0021739130434782,-1.2496392496392497,-0.668646452016255,,1.3416910688140555,0.0,-0.5839777296628519,-0.7755331088664422,-0.6169372531812198,-0.6089385474860335,0.0,0.0,0.0,0.0166758070444715,0.0,-1.0,0.0,-0.8888394248319459,0.0955315870570107,,0.57103115048135,-0.2387317376437674,-0.4172861461853103,,-1.049090909090909,-0.1613016095171448,-0.2079709596914467,,,,-4.655158240854911,-0.5203450272791003,0.2934231301261719,0.4609614851015458,-0.7088172043010753,0.5056139080043462,,,-0.0371057513914656,,-1.1843107387661842,0.9056603773584906,-0.0087551299589603,0.1485623003194888,,-1.7631123134110505,0.984676660950379,0.2934231301261719,-0.9422951344003624,,-0.7055805003207184,-0.1842105263157894,0.0,-0.0719602977667493,0.2883995703544575,-0.0347826086956521,-0.0416210295728368,0.9271523178807948,-0.6382978723404256,0.3442157558552164,-0.6034985422740525,0.4137931034482758,-0.7689393939393939,-0.792032640949555,-0.4814814814814814,1.846331378017117,-0.9259315736941331,0.0,0.0,-0.5977570884468896,0.0,-0.4949290060851927,,-0.7596788715486195,-0.6923076923076923,-0.4330124320864935,-0.5127713614798486,-0.4895675486653456,0.175438596491228,-0.4957746478873239,-0.5609973285841496,1.11864406779661,,,,0.0,2.652173913043478,0.0,0.0085686131699584,-0.6224961479198767,-0.499215070643642,-0.5579268292682927,-0.4762282720850861,0.0,-0.6641074856046065,-0.9321428571428572,,10.1287,-0.1138996518694804
2011-12-31,-0.4765765491176201,-0.7953431372549019,,-0.413265306122449,-0.3416439187139824,-0.7556844405601009,-2.7954545454545454,1.297322585288614,-1.0,,-0.7866767093480626,-0.0831066787549108,-1.0239687353288247,-0.0782036789641352,0.9501320404085568,,-0.5446009389671361,-2.758293838862559,-0.7144394894664001,-0.5107089842369407,,-0.4414414414414414,0.0,-1.1832611832611832,-0.4560800250078149,,1.3673133235724744,0.0,-0.3711722858026601,-0.7762813318368874,-0.661693725318122,-0.2837988826815642,0.0,0.0,0.0,-0.0061066335655811,0.0,-1.0,0.0,-0.8578551395628367,0.1078582434514637,,0.5881132789145528,-0.249922287845819,-0.4145829628312288,,-1.04989898989899,-0.1476557032890132,-0.2043409211222869,,,,-4.669132757912043,-0.4765765491176201,0.9501320404085568,0.4855759333351235,-0.6692473118279569,0.4215863817457443,,,-0.0371057513914656,,,8.849056603773585,,0.1693290734824281,,3.176264523285912,-0.1203186369419704,0.9501320404085568,0.7728587230299718,,-0.7055805003207184,13.921052631578949,0.0,0.4913151364764268,-0.3206229860365199,0.0,1.3647316538882803,,-0.4468085106382978,,,,,0.8103412462908012,-0.1851851851851851,-21.1558803731128,0.8457219696129533,10.123456790123456,0.0,0.2777190012695725,0.0,-0.3651115618661257,,-0.2138355342136854,-0.6923076923076923,0.2941216519832786,0.1269947764412709,-0.4895675486653456,,0.4028169014084507,-0.3478777085188483,0.9152542372881356,,,,0.0,0.0,0.0,0.5569598560472987,-0.3050847457627119,-0.3987441130298273,-0.3086890243902439,0.4762282720850861,0.0,0.0,0.025,,7.7802,0.1313912606730286
2011-09-30,-0.5170532475845042,-0.7918417366946778,,-0.1224489795918367,-0.4577494692144374,-0.7114190385041014,-2.882867132867133,-0.6513602994098172,-1.0,,-0.8024102435350239,-0.2100332426715019,-1.020923475149408,-0.0801562018292056,-0.1662731070714974,,-0.784037558685446,-0.8933649289099526,-0.4693218514531754,-0.5107089842369407,,-0.4420045045045045,-0.0040133779264214,-1.1168831168831168,-0.6720850265708034,,1.4628477306002927,0.0,-0.4639653572533251,-0.7770295548073326,-0.4861781483106626,-0.5229050279329609,0.0,0.0,0.0,0.0904251508749514,0.0,-1.0,0.0,-0.8745937764323555,0.1078582434514637,,0.5685908464194639,-0.3033882499222878,-0.41266227992175,,-1.0507070707070707,-0.2946116165150454,-0.2719503894728881,,,,-4.688861487875052,-0.5170532475845042,-0.1662731070714974,0.5169034129051314,-0.6296774193548387,0.2810575878304961,,,0.0,,,9.50943396226415,,-0.6613418530351438,,-1.9343751824533408,0.5905294020025447,-0.1662731070714974,-0.2493036768527526,,-0.6414368184733804,14.078947368421051,0.0,-0.0595533498759305,-0.1154672395273899,0.0,-0.913472070098576,,-0.3191489361702128,,,,,-0.324673590504451,-0.7407407407407407,1.9617270891431868,-0.2258650327159809,0.0,0.0,0.1639864578925095,0.0,-0.5598377281947262,,-0.3226290516206482,-0.6282051282051282,0.2805049088359046,0.1269947764412709,-0.4312856976337568,-0.2105263157894736,0.3887323943661971,-0.4108043929949539,1.3728813559322033,,,,0.0,-0.1739130434782608,0.0,-0.0257058395098753,-0.364663585002568,-0.5494505494505495,-0.3528963414634146,0.3809826176680689,0.0,0.4568138195777351,0.1071428571428571,,3.8102,1.364810246181303
2011-06-30,-0.4649334024200676,-0.7871148459383753,,-0.173469387755102,-0.3592356687898089,-0.7049227508303539,-2.851398601398601,-0.511011947603282,-1.0,,-0.8219934722570926,-0.2027802961619824,-1.0117876946111584,-0.072140581646285,0.5519149352373234,,-0.6446009389671361,-0.3886255924170616,-0.478240811932954,-0.5054075068919206,,-0.3054617117117117,-0.0056856187290969,-1.0101010101010102,-0.4523288527664895,,1.4555270863836018,0.0,-0.3717909062789978,-0.5967078189300411,-0.451952610794208,-0.5195530726256983,0.0,0.0,0.0,0.1303531395729819,0.0,-1.0,0.0,-0.8954280372167565,0.1078582434514637,,0.6393596642141611,-0.3207957724588126,-0.4018495465054241,,-0.8559595959595959,-0.2862141357592722,-0.1940558118430008,,,,-4.697081792026305,-0.4649334024200676,0.5519149352373234,0.5392801840265657,-0.5660215053763441,0.2390438247011952,,,0.0092764378478664,,,10.150943396226417,,0.0,,2.89990853005858,-0.4162748243624495,0.5519149352373234,0.0718712102029665,,-0.6029506093649776,14.052631578947368,0.0,-0.0694789081885856,-0.1294307196562835,0.0,-0.0065717415115005,-0.4900662251655629,-0.3191489361702128,,,,,0.1797774480712166,-0.3703703703703703,0.3269545148571978,0.1082261284240878,0.0,0.0,0.0819932289462547,0.0,-0.4381338742393509,,-0.352641056422569,-0.5897435897435898,0.108933945178992,-0.1797095893036852,-1.1889497610444109,0.0,0.2535211267605634,-0.4357376075986939,1.1864406779661016,,,,0.0,-0.1304347826086956,0.0,0.1885094897390857,-0.4103749357986646,-0.4521193092621664,-0.4085365853658536,0.4603539963489166,0.0,0.2418426103646833,1.25,,6.2705,-0.0509528745714058
2011-03-31,-0.4902922978451035,-0.782563025210084,,-0.0561224489795918,-0.3506217773733697,-0.7784969856469811,,-0.2734993522383763,-1.0,,-0.8951376684241359,-0.1792082200060441,-0.9925010468081866,-0.0597060939266262,-0.4652852492000726,,-0.6957746478873239,-0.8696682464454977,-0.222051360910349,-0.5107089842369407,,-0.2759009009009009,-0.0090301003344481,-0.961038961038961,-0.6308221319162238,,,,-0.3402412619857717,-0.5563037785260008,-0.4133391838525669,-0.5586592178770949,,,,0.1233070239203882,,-1.0,,,0.1078582434514637,,0.680844833266225,,-0.390823403876934,,,,-0.1668305225743023,,,,,-0.4902922978451035,-0.4652852492000726,0.5370425069144222,-0.5367741935483871,,,,-0.046382189239332,,,,,0.1677316293929712,,-2.39756339645408,0.4591469823532665,-0.4652852492000726,-1.14219651638525,,-0.5516356638871072,,,-0.1389578163771712,0.0241675617615467,,-0.0175246440306681,,0.0,,,,,-1.0724480712166171,-0.8148148148148148,-1.846331378017117,-1.175460241765554,0.0,0.0,-0.3623571730850614,0.0,-0.2677484787018255,,-0.6583883553421368,-0.5384615384615384,-0.3567586704611991,-0.5870513250587052,-1.177293390838093,,-0.2338028169014084,-0.5230038587117839,1.1355932203389831,,,,0.0,0.0,0.0,0.059980292189709,-0.573703133025167,-0.4270015698587127,-0.5266768292682927,0.4603539963489166,0.0,0.0,-0.3107142857142857,,7.6205,-0.0304048290794567
2010-12-31,-0.4565210765338779,-0.781687675070028,,-0.4948979591836734,-0.2800121322414316,-0.7827271264577934,,1.9001007629192457,-1.0,,-0.8815800485396268,-0.1601692354185554,-1.0001141972567282,-0.0588839790360702,0.4191759001802456,,-0.4422535211267606,-2.744075829383886,-0.4173458403813624,-0.5107089842369407,,-0.2764639639639639,-0.010200668896321,-0.948051948051948,-0.4629571741169115,,,,-0.286421280544386,-0.557052001496446,-0.5002193944712593,-0.4212290502793296,,,,0.09935023070157,,-1.0,,,0.1140215716486903,,0.7760166916797833,,-0.3896140850080028,,,,-0.1604779550782727,,,,,-0.4565210765338779,0.4191759001802456,-0.5482308924751395,-0.5290322580645161,,,,-0.046382189239332,,,,,0.1900958466453674,,2.748107350680186,-0.4937213033136029,0.4191759001802456,0.5876167757239762,,-0.5644644002565747,,,0.4838709677419355,-0.3442534908700322,,0.0284775465498357,0.4503311258278146,-0.4680851063829787,,,,,0.5506973293768546,-0.4814814814814814,-19.92499278776805,0.6544166574248641,11.851851851851851,0.0,0.2909437156157427,0.0,-0.1338742393509127,,-0.0994147659063625,-0.5512820512820513,0.3376952300548754,0.1916902285905976,-0.3613474763958503,,0.4028169014084507,-0.2196497476996141,1.1694915254237288,,,,0.0,0.0,0.0,0.9425474486954286,-0.1931176168464304,-0.2135007849293563,-0.1890243902439024,0.7619652353361378,0.0,0.0,-0.1571428571428571,,6.8057,-0.0657243193205695
2010-09-30,-0.4884025724648724,-0.7780112044817927,,-0.3877551020408163,-0.3222323324234152,-0.8091655065253699,,-0.4210450554196056,-1.0,,-0.8929617541216838,-0.1432456935630099,-1.0011292839832002,-0.0392559860240468,-0.5435314172337186,,-0.6507042253521127,-0.5947867298578199,-0.2100568968168537,-0.508941825121934,,-0.2806869369369369,-0.012876254180602,-0.8917748917748918,-0.6983432322600813,,,,-0.4138570986699659,-0.5630377852600075,-0.3492759982448442,-0.4905027932960893,,,,0.077977013222036,,-1.0,,,0.1140215716486903,,0.705247873885086,,-0.3732527120754046,,,,-0.1459578008016335,,,,,-0.4884025724648724,-0.5435314172337186,-0.1767764918593306,-0.4954838709677419,,,,-0.0074211502782931,,,,,0.1661341853035143,,-0.7199657474261916,-0.2143607899540853,-0.5435314172337186,-0.5904687021069606,,-0.487491982039769,,,-0.28287841191067,-0.2400644468313641,,-0.0175246440306681,0.5165562913907285,-0.1914893617021276,,,,,-0.5620623145400594,-1.0740740740740742,-0.5577459371093374,-0.5890678717977155,0.0,0.0,0.1216673719847651,0.0,-0.6125760649087221,,-0.4145408163265306,-0.4743589743589743,0.1634009177684881,0.0527148128624143,-0.2914092551579438,,0.2704225352112676,-0.4381121994657168,1.2033898305084745,,,,0.0,0.0,0.0,0.3941562058180883,-0.4078068823831535,-0.5839874411302983,-0.3795731707317073,0.5714739265021034,0.0,0.0,-0.1535714285714285,,4.5931,0.3843373756286604
2010-06-30,-0.5087018805815477,-0.7783613445378151,,-0.3469387755102041,-0.3282984531392174,-0.8519201440060793,,-0.606376853317979,-1.0,,-0.9020001673780232,-0.1453611362949531,-1.011026379566304,-0.0487103072654403,-0.2612863111123531,,-0.6610328638497652,-0.457345971563981,-0.272182069813932,-0.5036403477769138,,-0.2806869369369369,-0.0130434782608695,-0.9278499278499278,-0.7658643326039387,,,,-0.5586142901330035,-0.5641601197156753,-0.5239139973672663,-0.4681564245810056,,,,0.0244265342623245,,-1.0,,,0.1140215716486903,,0.5783520626670083,,-0.3815756713498133,,,,-0.1501928457989866,,,,,-0.5087018805815477,-0.2612863111123531,-0.1834895231957609,-0.5169892473118279,,,,-0.0055658627087198,,,,,-0.0814696485623003,,0.3309654944242259,-0.3084029429662001,-0.2612863111123531,0.0665405066833695,,-0.5259781911481719,,,-0.4590570719602977,-0.211063372717508,,-0.352683461117196,-0.1324503311258278,-0.5106382978723404,,,,,0.1041097922848664,-0.5185185185185185,0.2500240407731512,0.1151574803149606,0.0,0.0,-0.0476089716462124,0.0,-0.5152129817444219,,-0.4745648259303721,-0.5128205128205128,-0.0217867890357984,-0.117410265011741,-0.326378365776897,,0.1323943661971831,-0.4891659246067082,1.2203389830508475,,,,0.0,0.0,0.0,-0.137097810719335,-0.4807395993836671,-0.5086342229199372,-0.4634146341463415,0.4603539963489166,0.0,0.0,-0.1571428571428571,,3.986,-0.012042147516307
2010-03-31,-0.5094943460635801,-0.7732843137254902,,-0.2244897959183673,-0.3390961480133455,-0.8404383332338746,,-0.575788109975529,-1.2,,-0.910201690518035,-0.1362949531580538,-1.0036670007993809,-0.0420306237796732,-0.3562995151532088,,-0.7253521126760564,-0.8744075829383886,-0.2039058895894202,-0.2279635258358662,,-0.237331081081081,-0.0157190635451505,-0.8080808080808081,-0.8161925601750547,,,,-0.5450046396535725,-0.5649083426861204,-0.6511627906976745,-0.617877094972067,,,,0.0577781483512676,,-1.2,,,0.1140215716486903,,0.6198372317190722,,-0.3710474835497065,,,,-0.142932768660667,,,,,-0.5094943460635801,-0.3562995151532088,-0.1633504291864701,-0.4455913978494624,,,,-0.0538033395176252,,,,,0.4073482428115016,,-0.5525952163166806,-0.088510261658461,-0.3562995151532088,-0.7024134760184976,,-0.4618345093008338,,,0.1042183622828784,0.0488721804511278,,0.3242059145673603,,-0.4042553191489361,,,,,-0.6065727002967359,-0.8148148148148148,0.2692566592941629,-0.6916518797826328,0.0,0.0,-0.1825010579771477,0.0,-0.5070993914807302,,-0.545843337334934,-0.4487179487179487,-0.1307207342147905,-0.2012747400201274,-0.2680965147453083,,0.0,-0.4986642920747996,1.1864406779661016,,,,0.0,0.0,0.0,0.2570583950987533,-0.5100154083204931,-0.499215070643642,-0.4778963414634146,0.2698626875148821,0.0,0.0,-0.3107142857142857,,6.1188,0.0913741256455514
2009-12-31,-0.4826114785577128,-0.7683823529411765,,-0.6938775510204082,-0.286563542614498,-0.8392297215736426,,1.4952497480927018,-1.2,,-0.9023349234245543,-0.0973103656693865,-1.0026519140729089,-0.0350426472099475,-0.1341362880576786,,-0.5784037558685446,-2.582938388625593,-0.3010918037828694,-0.5018731886619071,,-0.2815315315315315,-0.0168896321070234,-0.6940836940836941,-0.7242888402625821,,,,-0.4305598515310856,-0.5656565656565656,-0.620447564721369,-0.5754189944134078,,,,0.0502622916551677,,-1.2,,,0.1171032357473035,,0.6710836170186806,,-0.3605904321536546,,,,-0.124782575814868,,,,,-0.4826114785577128,-0.1341362880576786,-0.5482308924751395,-0.3776344086021505,,,,-0.0538033395176252,,,,,-0.1134185303514377,,0.8330770877527587,-0.3609559108259114,-0.1341362880576786,0.1998080946732945,,-0.4105195638229634,1.5263157894736843,,0.3300248138957816,-0.1863587540279269,,-0.0876232201533406,,-0.5106382978723404,,,,,0.2628635014836795,-0.925925925925926,-20.771228002692567,0.2537845181324165,9.185185185185183,0.0,0.0634786288616165,0.0,-0.3732251521298174,,-0.2963685474189675,-0.3974358974358974,0.1742943122863873,0.076676091436239,-0.2214710339200373,,0.1774647887323943,-0.3086969427129712,1.1694915254237288,,,,0.0,0.0,0.0,0.4198620453279637,-0.2942989214175655,-0.3956043956043956,-0.2591463414634146,0.1428684816255258,0.0,0.0,-0.2071428571428571,,5.8152,-0.0096127390287522
2009-09-30,-0.5001676369288914,-0.7654061624649859,,-0.4030612244897959,-0.3388535031847133,-0.8176257881469944,,-0.0323880811861235,-1.2,,-0.9040087036572098,-0.1988516168026594,-1.0039207724809989,-0.0613503237077381,-0.4093951291760399,,-0.5220657276995305,-0.5379146919431279,-0.1916038751345533,-0.2173605711458259,,-0.236768018018018,-0.0175585284280936,-0.6103896103896104,-0.7524226320725227,,,,-0.4645839777296628,-0.5664047886270108,-0.5186485300570426,-0.6368715083798883,,,,0.0871369635704077,,-1.2,,,0.1171032357473035,,0.6491208804617056,,-0.3746754401565,,,,-0.208122211298495,,,,,-0.5001676369288914,-0.4093951291760399,-0.1342606267286055,-0.327741935483871,,,,-0.0241187384044526,,,,,-0.4233226837060703,,-0.2879162368876866,-0.2351053825302871,-0.4093951291760399,0.0865306448818582,,-0.3848620910840282,1.736842105263158,,0.5235732009925558,-0.0542427497314715,,9.848849945235488,,-0.2978723404255319,,,,,0.1412017804154302,-0.8148148148148148,-0.2500240407731512,0.1220888322058334,0.0,0.0,-0.010579771476936,0.0,-0.6288032454361054,,-0.4576830732292917,-0.3717948717948718,0.081700458884244,0.0,-0.1981582935074018,,0.1661971830985915,-0.4749183734045711,0.5423728813559322,,,,0.0,0.0,0.0,0.2827642346086286,-0.4499229583975346,-0.5934065934065934,-0.4245426829268293,-0.5238510992935947,0.0,0.0,-0.25,,5.7673,-0.1024916338668007
2009-06-30,-0.4866957237343411,-0.7631302521008403,,-0.2091836734693877,-0.3069457082195935,-0.8239709993632127,,0.2932920685187851,-1.2,,-0.906184617959662,-0.1051677243880326,-1.0084886627501235,-0.0742986332339944,-0.2822451061213654,,0.0093896713615023,-0.7369668246445498,-0.2724896201753037,1.5179896797907684,,-0.2851914414414414,-0.0188963210702341,-0.556998556998557,-0.6555173491716161,,,,-0.4503557067738942,-0.998129442573887,-0.3817463799912242,-0.5776536312849162,,,,0.0822046826135921,,-1.2,,,0.1171032357473035,,0.3367619605402833,,-0.3810065801173751,,,,-0.3395598578234893,,,,,-0.4866957237343411,-0.2822451061213654,-0.1253099182800318,-0.2959139784946236,,,,-0.0556586270871985,,,2.0943396226415096,,-0.2076677316293929,,0.6657065566432477,-0.4480831996459589,-0.2822451061213654,0.0598771272838732,,-0.3976908274534958,2.1052631578947367,,0.6550868486352357,0.0005370569280343,,-0.3658269441401972,,0.1489361702127659,,,,,0.3667210682492581,-0.8148148148148148,19.98269064333109,0.0652517467006765,0.0,0.0,-0.3359077443927211,0.0,-0.8113590263691683,,-0.665891356542617,-0.3846153846153846,-0.1252740369558409,-0.3785882014664302,-1.1539806504254575,,-0.2985915492957746,-0.5461561294152567,0.559322033898305,,,,0.0,0.0,0.0,9.374062807934536,-0.5459681561376477,-0.7315541601255887,-0.4824695121951219,-1.396936264782919,0.0,0.0,-0.3107142857142857,,2.2526,-0.0531829885465684
2009-03-31,-0.4259197171507818,-0.7622549019607843,,1.673469387755102,-0.3143463754928723,-0.6641321072975217,,0.1475457031812293,-1.0,,-0.70298769771529,-0.1323662737987307,-1.0194008450597,-0.0113040797451443,-0.4974220682138915,,0.0,-0.7180094786729858,-0.1765339074273412,1.4614405881105534,,-0.2407094594594594,-0.0187290969899665,-0.6147186147186147,-0.5229759299781181,,,,-0.517166718218373,-0.9270482603815936,-0.2992540587977182,-0.48268156424581,,,,0.0450951401765991,,-1.0,,,0.1201848998459167,,0.2293885818172944,,-0.340245420593989,,,,-0.3457611737124706,,,,,-0.4259197171507818,-0.4974220682138915,-0.1342606267286055,-0.3303225806451613,,,,-0.0575139146567718,,,,,0.7172523961661342,,0.0468248253313352,-0.4411683354538916,-0.4974220682138915,-0.763716566493863,,-0.487491982039769,,,0.533498759305211,0.1380236305048335,,0.7513691128148959,,-0.6808510638297872,,,,,-0.6570178041543027,-0.7777777777777778,0.2500240407731512,-0.7373988022623933,0.0,0.0,-0.3702920016927634,0.0,-0.8032454361054767,,-0.7915666266506602,-0.4743589743589743,-0.3104617437601275,-0.3642114343221354,-0.2914092551579438,,-0.2309859154929577,-0.5681211041852182,0.6101694915254238,,,,0.0,0.0,0.0,-0.4198620453279637,-0.5993836671802774,-0.7315541601255887,-0.510670731707317,-0.4921025478212557,0.0,0.0,-0.3107142857142857,,0.7828,0.4999999999999998
2008-12-31,-0.3756895973665762,-0.761204481792717,,1.903061224489796,-0.2118289353958143,-0.6673047129056309,,2.12681733122211,-1.0,,-0.6912712360867018,-0.0326382592928377,-1.0125490096560126,0.0,-0.4904358032108874,,0.1957746478873239,-2.0331753554502368,-0.2752575734276488,0.6255743267123772,,-0.3296734234234234,-0.020066889632107,-0.4963924963924964,-0.3254141919349796,,,,-0.3383854005567584,-0.8683127572016461,-0.0579201404124616,-0.0972067039106145,,,,0.0256008868710901,,-1.0,,,0.1263482280431433,,0.2586722305599278,,-0.3265872310154721,,,,-0.2810254858957876,,,,,-0.3756895973665762,-0.4904358032108874,-0.1163592098314581,-0.2597849462365591,,,,-0.0575139146567718,,,,,-0.4824281150159744,,-0.5798415818461359,-0.2115948442772584,-0.4904358032108874,0.0505483961245785,,-1.0647851186658115,6.368421052631579,,-0.4665012406947891,0.7309344790547798,,-0.9090909090909092,0.6887417218543046,-0.0851063829787234,,,,,0.6560385756676558,0.925925925925926,34.00326954514857,0.0707968282133747,11.012345679012345,0.0,-4.787346593313584,100000.0,3.537525354969574,0.0,-0.4670618247298919,-1.051282051282051,-0.3921622026443715,-0.5439210236258206,-0.8159459144422427,,-5.614084507042254,-1.252597209854556,8.677966101694915,,,,0.0,0.0,0.0,0.5569598560472987,-0.6877247046738573,-3.268445839874411,-0.7736280487804879,-27.95459957139456,0.0,0.0,-0.3107142857142857,,2.7558,0.1420277233471226
2008-09-30,-0.146788990825688,-0.656687675070028,,0.0816326530612244,-0.1931452835911434,-0.123278389343671,,0.1745357708363322,-1.0,,-0.2594359360615951,-0.180114838319734,-0.4768369897603126,0.3155893536121673,-0.2584918051111515,,0.0014084507042253,-0.1682464454976303,-0.1334768568353067,0.378172050611437,,-0.1531531531531531,-0.0234113712374581,-0.2626262626262626,-0.1622381994373241,,,,0.0,-0.5813692480359147,0.0781044317683194,-0.0703910614525139,,,,0.2701011000160886,,-1.0,,,0.1263482280431433,,1.2152714228192834,,-0.0966032367063844,,,,-0.1951145730923391,,,,,-0.146788990825688,-0.2584918051111515,-0.0783186989250199,-0.1204301075268817,,,,-0.0612244897959183,,,,,-0.7028753993610224,,0.0857482046591285,-0.2185097084693256,-0.2584918051111515,0.298426109785839,,-0.1667735728030789,5.605263157894737,,0.488833746898263,0.6707841031149302,,-1.2113910186199344,,0.8297872340425532,,,,,0.5610830860534125,,4.673526300605827,0.2690334922923367,0.0,0.0,-0.7035548032162505,0.0,0.2718052738336714,0.0,0.1031662665066026,-0.1538461538461538,0.3485886245727747,0.275554703598984,0.0,,-0.6450704225352113,0.3455031166518255,0.7288135593220338,,,,0.0,0.0,0.0,0.9853905145452208,0.1278890600924499,1.152276295133438,0.205030487804878,-5.317882371616795,0.0,0.0,-0.3107142857142857,,6.0229,-0.1087515980673762
2008-06-30,-0.0513883385656374,-0.6458333333333334,,0.1785714285714285,-0.0651501364877161,-0.0462293960038766,,0.4282424067942997,-1.0,,-0.2045359444304962,-0.114233907524932,-0.3864942711042874,0.3987257219196383,-0.2654780701141556,,0.3164319248826291,-0.1563981042654028,0.0664308780562817,1.284724676609882,,0.0284346846846846,-0.023076923076923,-0.0129870129870129,0.0200062519537355,,,,0.1639344262295081,-0.531986531986532,0.3273365511189118,-0.0569832402234636,,,,0.3123777939316503,,-1.0,,,0.12326656394453,,1.7692204448674305,,-0.0267472879245954,,,,-0.1370339559857823,,,,,-0.0513883385656374,-0.2654780701141556,-0.0402781880185816,0.0283870967741935,,,,-0.0612244897959183,,,,,0.2507987220447284,,-0.1049763540470583,-0.1576589035791337,-0.2654780701141556,-0.3332622572864053,,-0.064143681847338,0.868421052631579,,0.2357320099255583,0.5741138560687433,,0.0941949616648411,,1.851063829787234,,,,,-0.5338724035608309,,12.289643234926436,-0.4545996451147832,0.0,0.0,-1.6768937790943717,0.0,0.6288032454361054,,0.078781512605042,-0.0512820512820512,0.0626370184779204,0.0431303014328844,0.093250961650542,,-1.6788732394366197,0.612051053725141,0.559322033898305,,,,0.0,0.0,0.0,-1.0025277408851376,0.1535695942475603,2.3642072213500787,0.2530487804878049,-10.000793713786807,0.0,0.0,-0.3107142857142857,,8.9704,-0.1121912066351555
2008-03-31,-0.0065835593891919,-0.6220238095238095,,0.2806122448979591,-0.0212314225053078,0.0101221226544435,,0.4030516769828703,-1.0,,-0.1265377855887522,-0.114233907524932,-0.294882694040172,0.4461000924879252,-0.2039989380877195,,0.3295774647887324,0.0781990521327014,0.0378286944487159,0.9383614900685656,,0.0146396396396396,-0.0279264214046822,0.202020202020202,0.0590809628008752,,,,0.1651716671821837,-0.4769921436588103,0.3887670030715226,0.0983240223463687,,,,0.2973460805394506,,-1.0,,,0.12326656394453,,1.686250106763303,,0.0166459185488173,,,,-0.0865159192316418,,,,,-0.0065835593891919,-0.2039989380877195,-0.0067130313364302,0.1565591397849462,,,,-0.0630797773654916,,,,,1.0159744408945688,,-0.0777299885176031,-0.1064889085578359,-0.2039989380877195,-0.8903207750842917,,0.064143681847338,0.0,,-0.3771712158808933,0.5569280343716434,,1.1412924424972617,,2.404255319148936,,,,,-0.8587982195845697,-0.7777777777777778,0.0769304740840465,-1.0701036930242875,0.0,0.0,-0.3121032585696149,0.0,0.9371196754563894,,0.0337635054021608,0.0769230769230769,-0.1933577526927109,-0.158144438587243,0.2098146637137195,,-0.3014084507042253,0.2232116355001484,0.6101694915254238,,,,0.0,0.0,0.0,-0.3941562058180883,0.0868002054442732,0.640502354788069,0.1722560975609756,-0.1904913088340344,0.0,0.0,-0.3107142857142857,,10.8396,-0.0147330159784494
2007-12-31,0.0,-0.6213235294117647,,-0.2653061224489796,0.0,0.0,,0.6027781776306319,-1.0,,-0.1233576031467068,-0.1677243880326382,-0.3129004834350535,0.4270886856438187,-0.1523005770654892,,0.3572769953051643,0.7630331753554502,-0.1448562202060587,-0.3940764826464975,,-0.1421734234234234,-0.0299331103678929,0.1313131313131313,0.1659893716786495,,,,0.5307763686978039,-0.4032921810699588,0.2308029837648091,0.5597765363128492,,,,0.2799656619297196,,-1.0,,,0.1263482280431433,,1.4885854777505276,,0.0,,,,-0.0689707328140361,,,,,0.0,-0.1523005770654892,-0.0179014168971474,0.1144086021505376,,,,-0.0630797773654916,,,,,-0.6182108626198083,,-0.0037755677947959,-0.0815953974663937,-0.1523005770654892,0.5316443887682076,,-0.064143681847338,0.868421052631579,,0.2084367245657568,0.09828141783029,,-1.108433734939759,1.0728476821192052,3.404255319148936,,,,,0.592240356083086,3.111111111111111,4.308106548706607,0.3438920927137628,14.123456790123456,0.0,-0.3200380871773169,100000.0,1.2657200811359026,,0.935999399759904,-0.0512820512820512,0.9749588093519792,0.8458331336560119,0.093250961650542,,-0.2676056338028169,0.8257643217571979,8.745762711864407,,,,0.0,0.0,0.0,0.6426459877468832,0.6332819722650231,1.9968602825745685,0.6166158536585366,-6.492578776093341,0.0,0.0,-0.6214285714285714,,12.8126,-0.1159561681469802
2007-09-30,-0.0053643817245268,-0.6193977591036415,,0.1275510204081632,-0.008128601759175,-0.0031726056081091,,0.4282424067942997,-1.0,,-0.0994225458197338,-0.184950135992747,-0.2197662762812297,0.4316103175418764,-0.1271500230546745,,0.2845070422535211,0.6919431279620853,-0.002767953252345,0.0212059093800805,,-0.0070382882882882,-0.030267558528428,-0.0606060606060606,0.1663019693654266,,,,0.4008660686668728,-0.3116348671904227,0.3010092145677929,0.2659217877094972,,,,0.2419166374057141,,-1.0,,,0.1263482280431433,,1.0542113547348,,-0.0063311399608749,,,,-0.0556605913937835,,,,,-0.0053643817245268,-0.1271500230546745,-0.0469912193550119,0.0,,,,-0.046382189239332,,,,,0.0591054313099041,,0.3854582254831364,-0.1949991702162969,-0.1271500230546745,0.058544451403974,,-0.0898011545862732,0.0526315789473684,,0.28287841191067,0.332438238453276,,-0.1796276013143483,,2.382978723404255,,,,,0.035860534124629,,-0.0576978555630349,-0.0816929133858267,0.0,0.0,0.113732543377063,200000.0,0.924949290060852,,0.4483043217286915,-0.0769230769230769,0.5256062854886369,0.4456797814731394,0.0699382212379065,,0.152112676056338,0.4927278124072425,0.6779661016949152,,,,0.0,0.0,0.0,0.0685489053596675,0.4345146379044684,0.6342229199372057,0.5198170731707317,-1.1111993015318675,0.0,0.0,0.0,,17.9329,-0.0181370379198021
2007-06-30,-0.0215184857813404,-0.6197478991596639,,0.086734693877551,-0.0061874431301182,-0.0456250901737605,,0.4552324744494026,-1.0,,-0.1139844338438363,-0.203384708371109,-0.2377840656761112,0.4177371287637447,-0.2417247691039416,,0.3014084507042253,0.3388625592417061,0.0301399354144241,0.0512476143351947,,0.0,-0.0356187290969899,-0.1948051948051948,0.1547358549546733,,,,0.3928240024744819,-0.3086419753086419,0.3685827117156647,0.4368715083798882,,,,0.2038676128817086,,-1.0,,,0.1263482280431433,,0.771136083556011,,-0.0225502400853636,,,,-0.05868562353475,,,,,-0.0215184857813404,-0.2417247691039416,-0.0693679904764462,-0.08,,,,-0.0445269016697588,,,,,0.3706070287539936,,0.2570110737014187,-0.2627648392985561,-0.2417247691039416,-0.2879512773698309,,-0.1411161000641436,-0.0789473684210526,,-0.5806451612903226,0.2937701396348013,,0.2343921139101862,,1.680851063829787,,,,,-0.3217062314540059,,0.4615828445042793,-0.3963762892314517,0.0,0.0,-0.0846381718154887,200000.0,1.1683569979716024,,0.2701080432172869,-0.1282051282051282,-0.1062105965495172,-0.1198063928691235,0.0233127404126355,,-0.0338028169014084,0.4084298011279311,0.5932203389830508,,,,0.0,0.0,0.0,-0.214215329248961,0.2814586543400103,0.82574568288854,0.3650914634146341,0.0952456544170172,0.0,0.0,-0.15,,19.0672,-0.1067647873224136
2007-03-31,-0.0557773781584321,-0.6174719887955182,,0.1887755102040816,-0.0538671519563239,-0.071157011496163,,0.388656974233482,-1.0,,-0.1215164448907858,-0.2254457540042309,-0.2522490515283399,0.411776795807214,-0.3101901661333818,,0.1295774647887324,0.1540284360189573,0.0046132554205751,-0.2279635258358662,,-0.0371621621621621,-0.044314381270903,-0.3116883116883117,0.0225070334479524,,,,0.3223012681719765,-0.2989150766928545,0.1316366827555945,0.3329608938547486,,,,0.1869569353154839,,-1.0,,,0.1263482280431433,,0.7589345632465805,,-0.0324382002489774,,,,-0.0627694169250548,,,,,-0.0557773781584321,-0.3101901661333818,-0.0872694073735936,-0.1496774193548387,,,,-0.0482374768089053,,,,,0.3067092651757188,,-0.6732576922328396,0.0,-0.3101901661333818,-0.5904687021069606,,-0.1539448364336113,,,-0.2084367245657568,0.3646616541353383,,0.1314348302300109,,0.851063829787234,,,,,-0.5813501483679525,0.2592592592592592,0.4808154630252909,-0.6569951203282688,0.0,0.0,-0.2697841726618705,100000.0,1.156186612576065,,0.0919117647058823,-0.141025641025641,-0.3812688081264723,-0.3642114343221354,0.0116563702063177,,-0.2422535211267605,0.3496586524191155,0.4067796610169492,,,,0.0,0.0,0.0,-0.4369992716678805,0.1838726245505906,0.8131868131868132,0.2926829268292683,0.2539884117787126,0.0,0.0,-0.3035714285714285,,18.7237,-0.0403764710889783
2006-12-31,-0.0298088939010637,-0.614670868347339,,-0.2551020408163265,0.0065514103730664,-0.0820345164382516,,2.8897365769396863,-1.0,,-0.1218512009373169,-0.2299788455726805,-0.2542792249812843,0.3982119001130408,-0.0447120960192262,,0.3474178403755869,-1.933649289099526,-0.0768875903429186,-0.4294196649466318,,-0.058277027027027,-0.0538461538461538,-0.1731601731601731,0.1669271647389809,,,,0.6056294463346736,-0.2843247287691732,0.0394910048266783,0.4100558659217877,,,,0.1839036185326933,,-1.0,,,0.1263482280431433,,0.4563368595727027,,-0.0349991107949493,,,,-0.0576268622854117,,,,,-0.0298088939010637,-0.0447120960192262,-0.0648926362521593,-0.0670967741935483,,,,-0.0482374768089053,,0.3891850723533891,,,-0.6757188498402555,,0.0935328805246871,-0.0096808098688941,-0.0447120960192262,0.4596798912536482,,0.128287363694676,2.921052631578948,,0.1910669975186104,0.1176154672395273,,-1.244249726177437,-0.5298013245033113,1.2765957446808511,,,,,0.6901632047477745,5.777777777777778,-0.7693047408404654,0.4076605301097926,9.432098765432098,0.0,0.0634786288616165,0.0,1.3793103448275863,,0.7690576230492197,0.141025641025641,0.9695121120930296,0.876982795801984,0.2680965147453083,,0.1183098591549295,0.6114574057583853,8.23728813559322,,,,0.0,0.0,0.0,0.7626065721263013,0.5675398048279404,0.9858712715855572,0.586890243902439,-2.7621239780934994,0.0,0.0,-0.7,,21.5594,-0.1276460341423761
2006-09-30,-0.0191410893352433,-0.6130952380952381,,0.4948979591836734,-0.0286320897785865,-0.0117839636872626,,0.4822225421045055,-1.0,,-0.1201774207046614,-0.2499244484738591,-0.2481887046224511,0.4096187442195046,-0.0544928670234319,,0.271830985915493,0.7796208530805687,0.0768875903429186,-0.1519756838905775,,0.080518018018018,-0.0660535117056856,-0.0259740259740259,0.1550484526414504,,,,0.472007423445716,-0.1586232697343808,0.0816147433084686,0.2703910614525139,,,,0.307915254018341,,-1.0,,,0.1263482280431433,,2.325609770977464,,-0.0198470567312822,,,,-0.0771383195946456,,,,,-0.0191410893352433,-0.0544928670234319,-0.0425158651307251,0.0206451612903225,,,,-0.059369202226345,,,,,-0.1389776357827476,,0.3815658875503571,-0.1217016097803839,-0.0544928670234319,0.0598771272838732,,0.128287363694676,2.210526315789474,,0.4119106699751861,0.2787325456498389,,-0.4534501642935378,,1.0638297872340423,,,,,-0.2341691394658753,,1.3270506779498028,0.0056421204391704,0.0,0.0,0.0581887431231485,200000.0,1.1440162271805274,,0.4145408163265306,0.141025641025641,0.1960811013221857,0.1964824843053625,0.2680965147453083,,0.1098591549295774,0.5615909765509053,0.6779661016949152,,,,0.0,0.0,0.0,-0.9168416091855534,0.4576271186440678,0.8006279434850864,0.5678353658536586,-0.3174855147233907,0.0,0.0,0.3357142857142857,,17.9329,0.0700931650474372
2006-06-30,-0.0045719162424944,-0.6085434173669467,,0.7704081632653061,0.0325144070367,-0.0518192249324499,,0.609975529005326,-1.2,,-0.1504728429157251,-0.2272589906316107,-0.2418444125819999,0.4109546809166581,-0.1676703600720982,,0.2971830985915493,0.6350710900473934,0.1593110871905274,-0.2279635258358662,,0.1331644144144144,-0.077257525083612,0.0,0.2200687714910909,,,,0.4553046705845963,-0.0725776281331836,0.2623957876261518,0.3675977653631285,,,,0.3041573256702911,,-1.2,,,0.1263482280431433,,2.2963261222348303,,-0.0176418282055842,,,,-0.0090750964228994,,,,,-0.0045719162424944,-0.1676703600720982,-0.0380405109064382,0.0361290322580645,,,,-0.0760667903525046,,,,,-0.2172523961661341,,-0.8172741957456746,0.19223322453947,-0.1676703600720982,-0.2572997321321481,,0.1924310455420141,0.1842105263157894,,-0.7617866004962779,0.30343716433942,,-0.6659364731653888,,0.4680851063829787,,,,,-0.1718545994065282,,1.211654966823733,-0.285474658977487,0.0,0.0,-0.6453660600931019,-100000.0,1.0223123732251522,,0.0318877551020408,0.2051282051282051,-0.0490202753305464,-0.0071883835721474,0.326378365776897,,-0.6112676056338028,0.4535470466013654,0.4745762711864407,,,,0.0,0.0,0.0,-0.7883124116361767,0.2696456086286595,0.7378335949764521,0.4443597560975609,-1.8096674339233272,0.0,0.0,-0.3107142857142857,,17.4936,-0.10045959665249
2006-03-31,-0.0111554756316864,-0.6066176470588235,,0.5153061224489796,0.0157719138610858,-0.0472869312065796,,0.2573053116453145,-1.2,,-0.1340697966357017,-0.256572982774252,-0.2705206126048394,0.4115712670845751,0.1495060710642876,,0.0502347417840375,0.1421800947867298,0.1506996770721205,-0.3481303456563229,,0.1891891891891892,-0.0954849498327759,0.0793650793650793,0.167239762425758,,,,0.4577791524899474,0.0273101384212495,-0.0394910048266783,0.3072625698324022,,,,0.313787017062169,,-1.2,,,0.1263482280431433,,2.257281257244653,,-0.0133025075582429,,,,0.0496105271118505,,,,,-0.0111554756316864,0.1495060710642876,-0.0268521253457211,0.0834408602150537,,,,-0.0834879406307977,,,,,-0.6006389776357828,,-0.9924294027207442,0.5684018365879294,0.1495060710642876,-0.0214161013899809,,-0.0128287363694676,0.131578947368421,,0.0,0.2465091299677765,,-1.1500547645125958,,-0.0212765957446808,,,,,0.0239910979228486,0.5555555555555556,-0.3654197518992211,-0.0082205833425751,0.0,0.0,-0.2486246297079983,100000.0,0.9371196754563894,,0.1162965186074429,0.0,-0.0462969267010716,-0.0431303014328844,0.139876442475813,,-0.2225352112676056,0.4440486791332739,0.4915254237288136,,,,0.0,0.0,0.0,-0.3427445267983376,0.300462249614792,0.640502354788069,0.4557926829268293,-0.6190967537106119,0.0,0.0,-0.3107142857142857,,17.7332,-0.0045056729749846
2005-12-31,0.0188972538023103,0.1570378151260504,,-0.4948979591836734,0.0740066727327873,-0.0453229372587025,,2.940118036562545,-1.2,,-0.1339024186124361,-0.251737685101239,-0.2656989506540965,0.4172233069571472,0.5295588872277103,,0.1450704225352112,-2.6943127962085307,0.2174381054897739,0.0176715911500671,,0.3268581081081081,-0.0944816053511705,0.1529581529581529,0.2882150672085026,,,,0.6767708011135168,0.1328095772540217,-0.0430013163668275,-0.0268156424581005,,,,0.3151962401926877,,-2.0,,,0.1263482280431433,,2.354893419720097,,-0.0057620487284367,,,,0.0916584738712848,,,,,0.0188972538023103,0.5295588872277103,-0.2042999203386948,0.1273118279569892,,,,-0.0834879406307977,,,,,0.0782747603833865,,0.848646439483876,0.2904242960668252,0.5295588872277103,0.2304596399109772,,-0.2950609364977549,0.1052631578947368,100.80645161290325,0.3325062034739454,-0.0714285714285714,,13.57316538882804,,2.1702127659574466,,,,,-0.3083531157270029,,-0.2115588037311279,0.1109986691804369,8.296296296296296,0.0,0.5289885738468049,200000.0,-0.0162271805273833,,0.5852340936374549,-0.282051282051282,0.6127534416318305,0.4840178271912589,-0.1165637020631775,,0.6704225352112676,0.5491243692490353,-0.6779661016949152,,,,3300000.0,0.0,0.0,-0.2056467160790026,0.5326142783769903,0.5620094191522763,0.6097560975609756,-0.0952456544170172,0.0,0.0,0.625,,18.9713,-0.0636266454263436
2005-09-30,-0.0087780791855893,0.1034663865546218,,0.1989795918367347,0.0140734000606612,-0.0392798789575422,,2.947315387937239,-1.2,,-0.1128127876809775,-0.1674221819280749,-0.3502049206329066,0.3747816257321961,0.2487110341069457,,0.1342723004694835,,0.3306166384745502,-0.024740227610094,,0.3738738738738739,-0.1051839464882943,0.2525252525252525,0.2538293216630197,,,,0.6012991030003093,0.2042648709315375,0.0684510750329091,0.0268156424581005,,,,0.3100290887141191,,-1.2,,,0.1263482280431433,,2.5183937918664667,,-0.0302329717232793,,,,0.0204189669515238,,,,,-0.0087780791855893,0.2487110341069457,0.0,0.1866666666666666,,,,-0.2430426716141001,,,,,0.5942492012779552,,2.121440943502715,-0.4397853626154782,0.2487110341069457,0.0545464237642762,,,0.1052631578947368,100.80645161290325,,0.1272824919441461,,0.5673603504928806,0.0264900662251655,0.3191489361702128,,,,,11.240608308605342,,4.750456774689874,0.0486165021625817,0.0,0.0,0.4099661447312738,0.0,0.1663286004056795,,-0.0487695078031212,-1.4871794871794872,0.095317202031618,-0.1964824843053625,-1.2122625014570465,,0.2788732394366197,0.0985455624814485,-2.067796610169492,,,,0.0,0.0,0.0,1.4823700784028104,0.0595788392398561,0.0094191522762951,0.1653963414634146,0.3492340661957298,0.0,0.0,-0.15,,22.5419,-0.120482301846783
2005-06-30,-0.6223901978115761,-0.8207282913165266,,-0.5561224489795918,-0.6726114649681528,-0.7049227508303539,,9.36915215200806,-2.0,,-0.1188383965185371,-0.3269870051375038,,-0.2227931353406638,-0.4890385502102866,,2.0953051643192486,0.523696682464455,-2.4524065815777334,-0.4983388704318937,,-2.322353603603604,-0.3222408026755853,-1.075036075036075,-0.8255704907783682,,,519000000.0,-0.3866377977111042,,-0.7485739359368144,-0.5687150837988827,,,,-0.4105536720244547,,-2.0,,,,,1.2103908146955111,,-0.5006580117375067,,,,-1.467443091582848,,,,,-0.6223901978115761,-0.4890385502102866,-0.2058662943171952,-0.6047311827956989,,,,-0.4081632653061224,,,,,-0.5114057507987221,,0.4743203004884884,-0.5847624052663606,-0.4890385502102866,-0.3575969188533657,,,,,,,,-0.948828039430449,,1.351063829787234,,,,,-7.037091988130563,,-6.28156553514761,-0.4473355883331485,0.0,0.0,0.3385526872619551,0.0,-0.0162271805273833,,-0.2888655462184873,-1.6153846153846154,-0.06808371573687,-0.3642114343221354,-1.3288262035202238,,0.0816901408450704,-0.7022855446720095,-1.7796610169491525,,,,-3300000.0,0.0,0.0,0.2999014609485455,-0.6707755521314843,-0.1632653061224489,-0.8208841463414634,0.1428684816255258,0.0,0.0,0.1964285714285714,,17.5175,0.0487912087912088
2005-03-31,-0.824957785973361,-0.8186274509803921,,-1.0791326530612244,-1.2011016075219896,-0.5488517056154364,,-0.1917914207571613,2.324,,1.576593857226546,-0.3294046539740102,,-0.2062480731682252,-0.6355125822632705,,-1.1564882629107982,,-1.5241980624327234,0.0409450766947055,,-1.5021846846846847,-2.338132107023412,-1.0389610389610389,-1.5248984057517974,,,,-1.1291493968450357,,-1.5159368143922771,-1.13731843575419,,,,0.2792868861218531,,2.324,,,,,-0.1055431506765743,,-0.5779028988084652,,,,-1.0786901610829616,,,,,-0.824957785973361,-0.6355125822632705,-0.3760080735390206,-1.2648172043010752,,,,-0.4081632653061224,,,,,0.243035143769968,,0.1230368020551544,-0.6049261492504288,-0.6355125822632705,-0.4275357490304783,,-0.919563822963438,-0.0526315789473684,,-0.106848635235732,,,0.0635049288061336,,-0.7553191489361702,,,,,-0.2381454005934718,,0.0571208770074045,-0.382846290340468,0.0,0.0,-0.3301946677951756,0.0,-0.9650304259634888,,-1.0548469387755102,-0.9061538461538462,-0.5429267827720966,-0.6494464944649446,-0.6839958037067257,,-0.4296056338028169,-1.190857821311962,-1.7796610169491525,,,,3300000.0,0.0,0.0,-0.3126686945717835,-1.1810374935798664,-0.9101412872841445,-1.266859756097561,0.2044606714818636,0.0,0.0,0.0928571428571428,,16.7746,0.0952392307417166
2004-12-31,-0.8278740589472401,-0.8177521008403361,,-1.4383163265306125,-1.2103512283894449,-0.5445611342216126,,-0.2536166690657838,2.324,,1.5823432923257177,-0.3103656693865216,,-0.1977186311787072,-0.6558845310120304,,-1.1663098591549297,,-1.5300046132554206,0.0815190499752597,,-1.5116047297297297,-2.3422290969899664,-1.031746031746032,-1.5524226320725227,,,,-1.1633467367769874,,-1.5366739798157087,-1.14795530726257,,,,0.2836437343003735,,2.324,,,,,-0.1767268201617921,,-0.5750425040014228,,,,-1.087057399984875,,,,,-0.8278740589472401,-0.6558845310120304,-0.3609529819285196,-1.206941935483871,,,,-0.764378478664193,,,,,-0.0297444089456869,,0.0014790884144561,-0.5818996514908448,-0.6558845310120304,-0.0841185015392406,,-1.110070558050032,,,0.2871464019851116,,,1.6668346111719603,1.0198675496688745,-0.7287234042553191,,,,,0.033753709198813,,-0.1465525531301086,-0.027351114561384,4.0,0.0,0.0301523487092678,0.0,-1.1305882352941177,,-0.9333170768307324,-1.0965384615384617,-0.3061588529255573,-0.4767096372262424,-0.8570929012705444,,-0.0995492957746478,-1.1835084594835263,-1.694915254237288,,,,0.0,0.0,0.0,-0.001028233580395,-1.1244786851566513,-1.0135949764521193,-1.2323094512195123,0.3759028494324946,0.0,0.0,0.6857142857142857,,10.4322,-0.0444105749506336
2004-09-30,-0.8301661129568106,,,-1.1618877551020408,-1.1989505611161662,-0.5644382637387042,,-0.3244386065927738,2.324,,1.571376684241359,,,,-0.6326202685520267,,-1.2102910798122066,,-1.5008642165154544,0.0269491765038524,,-1.4802421171171172,-2.343289297658863,,-1.5512347608627697,,,,-1.272663161150634,,-1.4648179025888548,-1.174145251396648,,,,0.2696196154464947,,2.324,,,,,-0.3050380077357639,,-0.5779875511292905,,,,-1.0586750359222568,,,,,-0.8301661129568106,-0.6326202685520267,-0.3576703096050052,-1.1943225806451614,,,,-0.4081632653061224,,,,,-0.1097603833865814,,0.2210458712025378,-0.6368866515461636,-0.6326202685520267,-0.0497887708730359,,-1.0402822322001284,,,-0.0192803970223325,,,-0.1117853231106243,,-0.6004255319148936,,,,,-0.0538427299703264,,1.4736032310799114,0.0,0.0,0.0,-0.0313425730004231,0.0,-1.1227991886409736,,-1.0193952581032413,-1.0267948717948718,-0.3393020057462656,-0.4928355777064264,-0.7936822473481758,,-0.2634084507042253,-1.2500385871178392,-1.7627118644067796,,,,0.0,0.0,0.0,-0.0821730002999014,-1.2031432973805856,-1.0286656200941915,-1.3140701219512194,-0.0831812048575283,0.0,0.0,1.0642857142857145,,11.215,-0.0455818100757914
2004-06-30,-0.8294663049772928,,,-1.182091836734694,-1.188323930846224,-0.5759366929212371,,-0.528411544551605,2.324,,1.5627165453175995,,,,-0.6881750478559153,,-1.284338028169014,,-1.4347101337844073,-0.1275712165123347,,-1.4308783783783785,-2.344145484949833,,-1.550246952172554,,,,-1.231927002783792,,-1.4775866608161474,-1.1260111731843576,,,,0.2650983579027471,,2.324,,,,,-0.3242920067840453,,-0.5773956962475547,,,,-1.0215715041972322,,,,,-0.8294663049772928,-0.6881750478559153,-0.3538573078059128,-1.1796645161290322,,,,-0.7544155844155844,,,,,0.4024121405750798,,0.0033474106221902,-0.614523980749018,-0.6881750478559153,-0.5298852566067407,,-0.9254650416933932,,,-0.308833746898263,,,2.8651916757940854,,-0.634468085106383,,,,,-0.3100593471810089,,-1.2387729589383594,-0.4971858711323056,0.0,0.0,-0.1231749894202285,0.0,-1.1593509127789046,,-1.0637755102040816,-0.912051282051282,-0.4454853688094881,-0.5648152585421958,-0.6893577340016319,,-0.278169014084507,-1.2505194419709111,-1.8305084745762712,,,,0.0,0.0,0.0,-0.157919540722334,-1.210708782742681,-1.0592464678178963,-1.3072637195121952,0.3147868878482419,0.0,0.0,-0.6178571428571429,,12.3733,-0.1672068082079963
2004-03-31,-0.8332457557377548,,,-1.1525,-1.1953739763421292,-0.5765243803410249,,-0.3820174175903267,2.324,,1.5583881496359528,,,,-0.6655814668362,,-1.2524835680751174,,-1.4829832385053052,-0.162631653354068,,-1.4705152027027026,-2.342814381270903,,-1.5817974366989684,,,,-1.2380451592947728,,-1.5726458973233874,-1.1189385474860336,,,,0.2683888939125083,,2.324,,,,,-0.3350049416157253,,-0.5746263560377023,,,,-1.040623156621039,,,,,-0.8332457557377548,-0.6655814668362,-0.3457323022117201,-1.1484301075268817,,,,-0.7535992578849722,,,,,0.2115814696485623,,-0.0895237724539244,-0.5591635780273275,-0.6655814668362,-0.4039207324386636,,-0.881975625400898,,,-0.2103473945409429,,,0.360591456736035,,-0.7285106382978723,,,,,-0.2609050445103857,,-0.110779882681027,-0.3600282799157148,0.0,0.0,-0.2174672027084215,0.0,-1.144056795131846,,-1.1062237394957983,-0.8685897435897436,-0.4924903661542232,-0.5980495519240907,-0.6498426390022147,,-0.3798591549295774,-1.2544197091124962,-1.7457627118644068,,,,0.0,0.0,0.0,-0.2803650229210402,-1.228397534668721,-1.0427943485086342,-1.316265243902439,0.1463608222874831,0.0,0.0,-0.0035714285714285,,13.5795,-0.101763687911926
2003-12-31,-0.8338669267579017,-0.8182773109243697,,-1.5307653061224489,-1.1936014558689718,-0.5802710764877443,,-0.3451309917950194,2.324,,1.557634948531258,-0.1746751284375944,,-0.2119001130407974,-0.6096494292221493,,-1.2475727699530517,,-1.499781639243426,-0.1608998374213614,,-1.4746227477477478,-2.345419732441472,-0.8542568542568543,-1.5963957486714595,,,,-1.2441014537581194,,-1.6398420359806931,-1.1312513966480446,,,,0.2672803050498336,,2.324,,,,,-0.3641909781958832,,-0.5720291659256624,,,,-1.0399954624517886,,,,,-0.8338669267579017,-0.6096494292221493,-0.3379205714132273,-1.1184,,,,-0.7535992578849722,,,,,-0.1411341853035143,,0.0,-0.5356115505891464,-0.6096494292221493,0.0,,-1.0062860808210392,,,0.1456327543424317,-0.0649838882921589,,0.2219496166484118,0.6754966887417219,-0.5280851063829787,,,,,-0.0337982195845697,,3.645158188287336,0.047077742042808,4.098765432098766,0.0,-0.1186785865425306,0.0,-1.2288843813387424,,-0.969875450180072,-0.9928205128205128,-0.2223614155966176,-0.3835961086883596,-0.7627928663014337,,-0.1300281690140845,-1.242897002077768,-0.7627118644067796,,,,0.0,0.0,0.0,0.3444582494323294,-1.1703595274781715,-1.108414442700157,-1.2855411585365857,0.0574648781649337,0.0,0.0,0.3392857142857143,,14.3783,-0.0811152917938838
2003-09-30,-0.8242634642933342,,,-1.1206122448979592,-1.1716336063087656,-0.5838259055334019,,-0.217575932057003,2.324,,1.5628353837141182,,,,-0.5858542106219173,,-1.239995305164319,,-1.4433153928955866,-0.1709196296034495,,-1.418139076576577,-2.3465484949832778,,-1.5792528915286026,,,,-1.2481039282400248,,-1.6060289600702062,-1.1860893854748604,,,,0.2560417505839468,,2.324,,,,,-0.2388813646180314,,-0.5647234572292371,,,,-1.0150495349013082,,,,,-0.8242634642933342,-0.5858542106219173,-0.3361326674006247,-1.11152688172043,,,,-0.7597031539888682,,,,,-0.1333386581469648,,0.2326839616215479,-0.5947336394313215,-0.5858542106219173,0.00886229460133,,-0.886337395766517,,,-0.0397766749379652,,,-0.0409419496166484,,-0.6502127659574468,,,,,0.0932047477744807,,0.4096547744975478,0.0642536320283908,0.0,0.0,-0.0454665679221328,0.0,-1.206288032454361,,-1.0194890456182473,-0.872948717948718,-0.339683274554392,-0.4644175013178703,-0.6538058048723627,,-0.1832112676056338,-1.266274859008608,-2.1186440677966103,,,,0.0,0.0,0.0,-0.1032517886979992,-1.207026194144838,-1.0909576138147568,-1.3197942073170732,0.2331931105643305,0.0,0.0,-0.0678571428571428,,8.3074,0.5807833979343717
2003-06-30,-0.8265024840744918,,,-1.077908163265306,-1.16816499848347,-0.5936942197391967,,-0.4281344465236792,2.324,,1.5546572934973637,,,,-0.6455867763976023,,-1.3085821596244132,,-1.373409195755805,-0.1705661977804481,,-1.3661824324324323,-2.347232441471572,,-1.5996342607064709,,,,-1.2617012063099289,,-1.6161474330846863,-1.2187932960893857,,,,0.2531364022298607,,2.324,,,,,-0.2331222470319801,,-0.5626982038057976,,,,-0.9886289041821068,,,,,-0.8265024840744918,-0.6455867763976023,-0.3306749729241069,-1.0905462365591398,,,,-0.7706679035250463,,,,,0.1703194888178913,,-0.1315999455072689,-0.5244233003263816,-0.6455867763976023,-0.3376467609312739,,-0.8014111610006415,,,,,,0.0614019715224534,,-0.5142553191489362,,,,,-0.3743175074183976,,3.267237234349457,-0.3050487967173117,0.0,0.0,-0.4332680914092255,0.0,-1.1352535496957403,,-1.0524459783913565,-0.7880769230769231,-0.2087719059355383,-0.333373268797623,-0.5766406341065392,,-0.5182253521126761,-1.26884535470466,-2.1186440677966103,,,,0.0,0.0,0.0,-0.5018636733644659,-1.2272727272727273,-1.035949764521193,-1.3364481707317073,-1.0869116596555282,0.0,0.0,-0.4607142857142857,,9.5456,-0.0217587160576601
2003-03-31,-0.820793684659697,,,-0.905969387755102,-1.159992720655141,-0.5897224196707591,,-0.3815315963725349,2.324,,1.5632337434094905,,,,-0.5745504338470567,,-0.7818826291079812,,-1.4027525757342765,1.6686576659362409,,-1.378730292792793,-2.3478177257525084,,-1.574370115661144,,,,-1.2642128054438602,,-1.6108644142167616,-1.1571284916201117,,,,0.2480984295382563,,2.324,,,,,-0.3435460058323267,,-0.5617855237417748,,,,-1.148125236330636,,,,,-0.820793684659697,-0.5745504338470567,-0.3169445861639949,-1.037763440860215,,,,-0.7661224489795918,,,,,0.1261501597444089,,-0.1739096588365802,-0.4390800464678874,-0.5745504338470567,-0.3535988912136679,,-0.8002565747273893,,,,,,1.5578094194961665,,-0.7610638297872341,,,,,-0.0880860534124629,,-1.6765073564765842,-0.3055617167572363,0.0,0.0,-0.2603946254760897,0.0,-1.089290060851927,,-1.0659888955582233,-0.786923076923077,-0.436743419708874,-0.5337374802319452,-0.5755915607879706,,-0.3738591549295774,-1.2680201840308698,-2.1186440677966103,,,,0.0,0.0,0.0,-0.3879868043357182,-1.23608115048793,-1.000408163265306,-1.344016768292683,-0.0523851099293594,0.0,0.0,-0.1607142857142857,,6.3105,-0.0291260597417004
2002-12-31,-0.820824773690146,,,-1.4945408163265306,-1.152991204124962,-0.5985180910280979,,-0.3644019001007629,2.324,,1.56309481965018,,,,-0.4883259511799802,,-1.2250657276995305,,-1.4052929417192066,-0.0432247119530642,,-1.3636824324324324,-2.352459866220736,,-1.573932478899656,,,,-1.285437673987009,,-1.5899956121105747,-1.140122905027933,,,,0.2411392159787113,,2.324,,,,,-0.5052649560135193,,-0.5619213942735195,,,,-0.9966180140663996,,,,,-0.820824773690146,-0.4883259511799802,-0.3042659076465902,-0.9890236559139785,,,,-0.7661224489795918,,,,,0.0149680511182108,,0.1932935017418212,-0.4842064501853184,-0.4883259511799802,-0.1581753001852419,,-0.8692751763951251,,,0.0336476426799007,,,4.246922234392114,,-0.4859574468085106,,,,,-0.1154747774480712,,1.001442446389076,-0.120203504491516,,,-0.1210061362674566,,-1.1239350912778905,,-0.9675120048019208,-0.8558974358974359,-0.3232342488323643,-0.4467580390089615,-0.6383028324979602,,-0.182169014084507,-1.2461680023745918,,,,,,,,-0.2041043657084101,-1.18582948125321,-1.0271899529042383,-1.3094588414634147,0.2547821255655211,,,,,6.7738,0.2724024919542945
2002-09-30,-0.8114560029260264,,,-1.0594897959183671,-1.1391264786169244,-0.5925641678368797,,-0.1435871599251475,2.324,,1.5577270064440538,,,,-0.5339183165895849,,-1.2629389671361502,,-1.3732954021220976,-0.3677281402417474,,-1.3435782657657658,-2.124484949832776,,-1.5490215692403877,,,,-1.2476956387256417,,-1.5868977621763931,-1.1622011173184357,,,,0.25948260372763,,2.324,,,,,-0.3630684383274156,,-0.5566573003734662,,,,-0.9671315132723284,,,,,-0.8114560029260264,-0.5339183165895849,-0.2992020443418096,-0.9695569892473118,,,,-0.7712987012987013,,,,,-0.0058626198083067,,-0.1039643461845357,-0.4237152182331139,-0.5339183165895849,-0.2199581539773711,,-0.7851186658114175,,,-0.0897270471464019,,,-0.0348959474260679,,-0.6163829787234043,,,,,-0.1098664688427299,,0.6087123761900183,-0.1759731618054785,,,-0.2339187473550571,,-1.148843813387424,,-1.0312687575030013,-0.7717948717948718,-0.3879954792412751,-0.4880193607130876,-0.5618370439445157,,-0.2808169014084507,-1.2492846542000593,,,,,,,,-0.2590291761278437,-1.202819722650231,-1.046530612244898,-1.308765243902439,0.1904913088340344,,,,,12.6609,-0.17223894035969
2002-06-30,-0.807927093175653,,,-1.3202551020408164,-1.133188959660297,-0.5912120335419951,,-0.2435043903843385,2.324,,1.5584316679220018,,,,-0.4728024703433051,,-1.2950281690140846,,-1.3513270798093189,-0.349473386583728,,-1.3111542792792792,-2.121526755852843,,-1.5525226633322913,,,,-1.2532446643983917,,-1.6091268100043878,-1.1880670391061452,,,,0.262493643816505,,2.324,,,,,-0.3066974144978464,,-0.5517424862173217,,,,-0.9493912122816304,,,,,-0.807927093175653,-0.4728024703433051,-0.2898865945239566,-0.9337462365591398,,,,-0.7601484230055658,,,,,0.0210223642172523,,0.1028744915633575,-0.4367151629142003,-0.4728024703433051,-0.1456881271905859,,-0.6873636946760744,,,0.1264764267990074,,,-0.2337568455640744,,-0.5312765957446809,,,,,-0.0907121661721068,,16.87508414270603,-0.1042613951425086,,,-0.1975772323317816,,-1.0582150101419878,,-1.023296818727491,-0.6741025641025641,-0.3711651847111208,-0.4549527962812095,-0.4730155029723744,,-0.3232957746478873,-1.247735233006827,,,,,,,,-0.3570541107921683,-1.210909090909091,-0.975541601255887,-1.3240091463414634,-0.199063417731566,,,,,12.581,0.1075992995745151
2002-03-31,-0.738033466426895,,,-1.520408163265306,-1.0825210797694873,-0.4810863605907996,,-0.142327623434576,2.324,,1.687190559879488,,,,-0.4859366485489527,,-1.2552394366197184,,-1.3212025219129633,-0.3658549515798402,,-1.2862246621621622,-2.142048494983277,,-1.533379180994061,,,,-1.228468914321064,,-1.5853707766564282,-1.1458435754189944,,,,0.2550247612247558,,2.324,,,,,-0.3646058298864038,,-0.4745360128045527,,,,-0.8990425773273841,,,,,-0.738033466426895,-0.4859366485489527,-0.2877742273300931,-0.9256258064516129,,,,-0.773543599257885,,,,,-0.6063418530351438,,-1.5495786544187766,0.1374121812247607,-0.4859366485489527,-0.227301198075616,,-0.7355997434252726,,,0.1175186104218362,,,-1.0841401971522453,,-0.7046808510638298,,,,,-0.1758160237388724,,2.6162130974132127,-0.1778584895197959,,,-0.3928269149386373,,-1.173022312373225,,-1.09468787515006,-0.7223076923076923,-0.3578207764266942,-0.4522212105237935,-0.5168434549481291,,-0.4387887323943662,-1.2539626001780944,,,,,,,,-0.307013409879611,-1.2215613764766309,-1.062857142857143,-1.3108079268292685,-0.4395586951345345,,,,,11.7103,0.2124997826578339
2001-12-31,-0.7189063976347954,,,-1.525204081632653,-1.0492993630573249,-0.475052366877091,,-0.3425219519216928,2.324,,1.6970139760649428,,-0.7035896004364873,,0.0941189621204711,,-1.3256854460093896,,-1.2965339074273412,-0.3764048914964303,,-1.146768018018018,-2.1531672240802675,,-1.4496655204751483,,,,-1.3293782864212806,,-1.5367968407196138,-1.182513966480447,,,,0.2535568204637988,,2.324,,,,,-0.2962773161535927,,-0.4712658723101547,,,,-0.8349300461317402,,,,,-0.7189063976347954,0.0941189621204711,-0.2716271492888662,-0.863552688172043,,,,-0.773543599257885,,,,,0.8596166134185304,,2.1863262168421462,-0.615851634673895,0.0941189621204711,-0.131375188240468,,-0.4740218088518281,,,-0.036228287841191,,,0.9750930996714128,,0.0606382978723404,,,,,0.0814688427299703,,1.5159149918261372,-0.12793889320173,,,-0.7104845535336437,,-0.4097768762677485,,-0.9714323229291716,-0.4608974358974358,-1.0393115374664688,-1.0029711985431542,-0.2791700664413101,,-0.7142535211267605,-1.131742356782428,,,,,,,,-0.6554989075018208,-1.1912788906009244,-0.3952590266875981,-1.315952743902439,1.200571473926502,,,,,10.3124,-0.0317578837128118
2001-09-30,-0.7278222438964919,,,-1.1382142857142856,-1.0832708522899606,-0.4548458906825861,,-0.314506261695696,2.324,,1.7201322286383798,,-0.6942533402697593,,-0.6669228297167769,,-0.3418403755868545,,-1.2604920805781947,3.272796352583587,,-1.2671171171171172,-2.156468227424749,,-1.5141200375117223,,,,-1.1945499536034645,,-1.480824923211935,-1.1657430167597764,,,,0.2527371223428804,,2.324,,,,,-0.286735727271618,,-0.4670026676151521,,,,-1.1942433638357408,,,,,-0.7278222438964919,-0.6669228297167769,-0.2673240962022144,-0.847010752688172,,,,-0.7739332096474953,,,,,-0.0843290734824281,,0.108985462117821,-0.6310228467112906,-0.6669228297167769,-0.0689926303023841,,-0.4516998075689544,,,0.0654590570719603,,,-0.344906900328587,,-0.5653191489361702,,,,,0.0,,0.8268102702182902,-0.0222635022734834,,,-0.2505289885738468,,-0.3495740365111562,,-0.6843487394957983,-0.4385897435897435,-0.4537371151567968,-0.4835865241769301,-0.2588879822823173,,-0.3764788732394366,-1.1019649747699614,,,,,,,,-0.3291204318581037,-1.0943862352336928,-0.3495447409733124,-1.2888185975609756,-0.0142868481625525,,,,,8.8666,-0.0787063869247711
2001-06-30,-0.7203986710963455,,,-1.0638775510204082,-1.0678459205338189,-0.4556556604949416,,-0.3883151000431841,2.324,,1.7205188718721232,,-0.6883226960703455,,-0.6822506951333678,,-0.2701032863849765,,-1.2094725511302475,3.530271435640065,,-1.2235022522522525,-2.16785618729097,,-1.4948202563301032,,,,-1.1703495205691308,,-1.4637384817902588,-1.1119776536312849,,,,0.251090679985391,,2.324,,,,,-0.2634064204399868,,-0.4627316379157034,,,,-1.1981244800726008,,,,,-0.7203986710963455,-0.6822506951333678,-0.2612577535511935,-0.8236903225806451,,,,-0.7747680890538033,,,,,0.0376357827476038,,0.0104703890391763,-0.6111910162084416,-0.6822506951333678,-0.252142276476938,,-0.3783194355355997,,,0.0707692307692307,,,-0.1792771084337349,,-0.1880851063829787,,,,,-0.1293916913946587,,0.5373593614770651,-0.237357214151048,,,-0.3589187473550571,,-0.3772413793103448,,-0.6961847238895558,-0.3652564102564102,-0.3756042429771647,-0.4011357646043993,-0.1922135447021797,,-0.4672394366197183,-1.094182249925794,,,,,,,,-0.3298916070434,-1.0873857216230098,-0.370989010989011,-1.2736204268292683,-0.4614651956504484,,,,,8.7707,0.0976825433795273
2001-03-31,-0.7132628242250602,,,-1.139795918367347,-1.056037609948438,-0.4526749219878942,,-0.3391931769108968,2.324,,1.7277496024771948,,-0.6838106355711766,,-0.662214087104752,,-0.2311220657276995,,-1.1867937874827004,3.675284512617516,,-1.1987049549549549,-2.180682274247492,,-1.4749765551734917,,,,-1.155069594803588,,-1.4292759982448442,-1.1413966480446929,,,,0.2463580389720656,,2.324,,,,,-0.2359774027843869,,-0.4589201493864485,,,,-1.1959615820918097,,,,,-0.7132628242250602,-0.662214087104752,-0.2557620185637693,-0.802563440860215,,,,-0.7750278293135436,,,,,0.0700319488817891,,-0.0633672615456474,-0.5651241909608895,-0.662214087104752,-0.2413076215733571,,-0.3808851828094932,,,0.2269230769230769,,,-0.1517415115005476,,-0.3929787234042553,,,,,-0.1540949554896142,,0.400038465237042,-0.2127370522346678,,,-0.2966567922132881,,-0.2154158215010142,,-0.5913115246098439,-0.3678205128205128,-0.5170822042783807,-0.5260938323668951,-0.1945448187434433,,-0.3693239436619718,-1.015725734639359,,,,,,,,-0.4034103080416434,-1.024191063174114,-0.1668131868131868,-1.2224542682926829,0.2184300341296928,,,,,6.59,-0.0460546282245826
2000-12-31,-0.6932195434179645,,,-1.5978061224489797,-1.0270803760994844,-0.43905991163538,,-0.1884986325032388,2.324,,1.7296041509749769,,-0.6737232112268592,,-0.6156715896547388,,-1.224413145539906,,-1.1746393972012916,-0.3322612568035626,,-1.1782010135135137,-2.1736204013377924,,-1.400984682713348,,,,-1.111759975255181,,-1.3195612110574813,-1.0650502793296088,,,,0.2642128960357379,,2.324,,,,,-0.1913442414924899,,-0.4523684865730037,,,,-0.839856310973304,,,,,-0.6932195434179645,-0.6156715896547388,-0.2481404903198088,-0.7732645161290322,,,,-0.7750278293135436,,,,,-0.1356070287539936,,0.0959461300430103,-0.5756624439896001,-0.6156715896547388,0.0237882644562016,,-0.4261706221937139,,,0.1380148883374689,,,-0.4303395399780942,,0.4034042553191489,,,,,-0.0423590504451038,,2.333685931339552,0.0111317511367417,,,-0.1422450275074058,,0.2502231237322515,,-0.2890718787515006,-0.413076923076923,-0.3428423589645828,-0.3812479033881248,-0.2356918055717449,,-0.1697746478873239,-0.9694152567527456,,,,,,,,-0.1310997815003641,-0.9477401129943502,0.1166718995290423,-1.231814024390244,0.3273275656798158,,,,,4.2436,0.5172445549569462
2000-09-30,-0.6832003413697461,,,-0.691530612244898,-1.003341219290264,-0.4437901155206132,,-0.0637865265582265,2.324,,1.7270064440538957,,-0.6698734948167134,,-0.626318657519317,,-1.186868544600939,,-1.1149161925265263,-0.327914045380646,,-1.1256756756756756,-2.181205685618729,,-1.3593060331353548,,,,-1.0737519331889886,,-1.2870732777534006,-1.0558882681564246,,,,0.2611102564433791,,2.324,,,,,-0.1111314469782935,,-0.450161123955184,,,,-0.8223565000378129,,,,,-0.6832003413697461,-0.626318657519317,-0.2519467790875648,-0.7878967741935484,,,,-0.7733024118738404,,,,,-0.1425079872204472,,0.1288753089543234,-0.5979006472312883,-0.626318657519317,-0.0428588562975598,,-0.4610647851186658,,,-0.0804218362282878,,,-0.048696604600219,,-0.2751063829787234,,,,,0.1998961424332344,,-1.527069910568324,-0.0139874681157813,,,-0.1821307659754549,,-0.0073833671399594,,-0.4346301020408163,-0.4479487179487179,-0.3767208159152493,-0.417573201706043,-0.2673971325329292,,-0.2089295774647887,-0.9604927278124072,,,,,,,,-0.1760850006426459,-0.9471597329224448,-0.0833281004709576,-1.1718064024390245,0.3041511231050083,,,,,5.8911,-0.1083309686357642
2000-06-30,-0.6792715413453626,,,-0.6101020408163266,-0.9981789505611162,-0.4404815411007279,,-0.3382395278537498,2.324,,1.726052389321282,,-0.6614685767215236,,-0.6487864857689782,,-1.2603896713615024,,-1.0468337690296785,-0.3073443132819679,,-1.0678800675675677,-2.182222408026756,,-1.3614098155673648,,,,-1.0744880915558306,,-1.2850987275120669,-1.0734413407821228,,,,0.2675926828437653,,2.324,,,,,-0.1014190368119867,,-0.4450976347145652,,,,-0.792234742494139,,,,,-0.6792715413453626,-0.6487864857689782,-0.2443207754893799,-0.7585806451612903,,,,-0.7725974025974026,,,,,-0.2489456869009584,,-0.0569838273358893,-0.5541018974387343,-0.6487864857689782,0.0157122486240121,,-0.4271969211032713,,,,,,-0.1942168674698795,,0.0591489361702127,,,,,0.022106824925816,,1.6072699298009423,0.0251608073638682,,,-0.2229422344477359,,0.0343610547667342,,-0.4408951080432173,-0.4141025641025641,-0.4159098026933918,-0.445727704030287,-0.2366243151882504,,-0.264,-0.9735767289997032,,,,,,,,-0.2926181397540808,-0.9685208012326656,-0.0324332810047095,-1.2009603658536585,-1.5964759107865705,,,,,5.3419,0.1401935640876841
2000-03-31,-0.6570520284068396,,,-0.342704081632653,-0.9541425538368212,-0.4402503941207086,,-0.259374550165539,2.324,,1.7254079839317098,,-0.6565048026290746,,-0.6045354832399502,,-1.1938826291079812,,-0.9750945717361218,-0.2227680780377465,,-0.9932939189189188,-2.186235785953177,,-1.263641763050953,,,,-0.9923229198886484,,-1.2868100043878894,-1.017608938547486,,,,0.2688562862507971,,2.324,,,,,-0.0714521029320253,,-0.4414170371687711,,,,-0.7587612493382743,,,,,-0.6570520284068396,-0.6045354832399502,-0.2398677980362145,-0.7414623655913979,,,,-0.7748794063079777,,,,,0.2300479233226837,,0.0221474028375143,-0.5384189854511258,-0.6045354832399502,-0.367578661193811,,-0.4440025657472738,,,,,,0.0700766703176341,,-0.2706382978723404,,,,,-0.311379821958457,,0.51235695739975,-0.352057225241211,,,-0.2472492594159966,,-0.0089249492900608,,-0.4512117346938775,-0.4308974358974359,-0.3545527580713245,-0.394881870896631,-0.2518941601585266,,-0.2751830985915492,-0.8822914811516771,,,,,,,,-0.33194807420419,-0.8838880328710838,-0.0842700156985871,-1.071173780487805,0.0393682038257004,,,,,7.6385,-0.0686391307193819
