,totalAssets,intangibleAssets,earningAssets,otherCurrentAssets,totalLiab,totalStockholderEquity,deferredLongTermLiab,otherCurrentLiab,commonStock,capitalStock,retainedEarnings,otherLiab,goodWill,otherAssets,cash,cashAndEquivalents,totalCurrentLiabilities,currentDeferredRevenue,netDebt,shortTermDebt,shortLongTermDebt,shortLongTermDebtTotal,otherStockholderEquity,propertyPlantEquipment,totalCurrentAssets,longTermInvestments,netTangibleAssets,shortTermInvestments,netReceivables,longTermDebt,inventory,accountsPayable,totalPermanentEquity,noncontrollingInterestInConsolidatedEntity,temporaryEquityRedeemableNoncontrollingInterests,accumulatedOtherComprehensiveIncome,additionalPaidInCapital,commonStockTotalEquity,preferredStockTotalEquity,retainedEarningsTotalEquity,treasuryStock,accumulatedAmortization,nonCurrrentAssetsOther,deferredLongTermAssetCharges,nonCurrentAssetsTotal,capitalLeaseObligations,longTermDebtTotal,nonCurrentLiabilitiesOther,nonCurrentLiabilitiesTotal,negativeGoodwill,warrants,preferredStockRedeemable,capitalSurpluse,liabilitiesAndStockholdersEquity,cashAndShortTermInvestments,propertyPlantAndEquipmentGross,propertyPlantAndEquipmentNet,accumulatedDepreciation,netWorkingCapital,netInvestedCapital,commonStockSharesOutstanding,investments,changeToLiabilities,totalCashflowsFromInvestingActivities,netBorrowings,totalCashFromFinancingActivities,changeToOperatingActivities,changeInCash,beginPeriodCashFlow,endPeriodCashFlow,totalCashFromOperatingActivities,issuanceOfCapitalStock,depreciation,otherCashflowsFromInvestingActivities,dividendsPaid,changeToInventory,changeToAccountReceivables,salePurchaseOfStock,otherCashflowsFromFinancingActivities,changeToNetincome,capitalExpenditures,changeReceivables,cashFlowsOtherOperating,exchangeRateChanges,cashAndCashEquivalentsChanges,changeInWorkingCapital,stockBasedCompensation,otherNonCashItems,freeCashFlow,researchDevelopment,effectOfAccountingCharges,incomeBeforeTax,minorityInterest,sellingGeneralAdministrative,sellingAndMarketingExpenses,grossProfit,reconciledDepreciation,ebit,ebitda,depreciationAndAmortization,nonOperatingIncomeNetOther,operatingIncome,otherOperatingExpenses,interestExpense,taxProvision,interestIncome,netInterestIncome,extraordinaryItems,nonRecurring,otherItems,incomeTaxExpense,totalRevenue,totalOperatingExpenses,costOfRevenue,totalOtherIncomeExpenseNet,discontinuedOperations,netIncomeFromContinuingOps,netIncomeApplicableToCommonShares,preferredStockAndOtherAdjustments,adjusted_close,10%DDret
2023-09-30,-0.9542066027689032,-0.0289855072463768,,1.4831460674157304,-0.8610846812559467,-0.4451166810717372,,1.3636363636363635,0.0,0.0,-1.3686327077747988,,0.0,-0.0630071599045346,-0.1624365482233502,-1.2205795387344769,-0.3219954648526077,-1.5279620853080569,0.4671081677704194,0.0,0.0,0.0271622587562544,-1.8741865509761388,-0.6249481972648155,0.2333333333333333,-0.5394088669950738,,,-0.1761006289308176,0.0266666666666666,1.3965087281795512,-0.062730627306273,,,,0.8146853146853147,,,,,,,-0.13215859030837,,-0.4711090400745573,,0.0952380952380952,-0.0193282636248415,-0.7005785920925748,,,,-3.762419006479482,-0.8714691174483038,-0.2206132879045996,,-0.5854736842105264,,-0.0329368709972552,0.0195599022004889,-1.809076408493618,-1.614213197969543,,-2.7570093457943927,,0.4786885245901639,,-0.0615384615384615,0.1094834232845027,0.0031360250882007,-0.2886597938144329,,1.7413793103448276,-0.2396313364055299,-0.5506298531279147,1.0514705882352942,3.8276269185360094,-0.0821917808219178,0.7098515519568152,,1.1770833333333333,,,,,0.8267148014440433,-0.6666666666666666,-0.2124248496993988,-0.2867132867132867,0.5,,-0.5627883136852896,-0.031328320802005,-0.3157894736842105,,-0.8952702702702703,-0.4583333333333333,-0.7969179966978536,-0.7831715210355987,-0.4583333333333333,,-0.8958333333333334,0.4552501761804087,-0.1550387596899224,-1.3473684210526315,-0.6,0.4,,,,-1.1785714285714286,-0.1913632514817951,-0.4928909952606635,0.5577376276512176,-0.056701030927835,,-0.4519906323185012,-0.4943138741470811,,26.0886,-0.0626446601941747
2023-06-30,-0.84185303514377,0.0,,0.550561797752809,-1.0085632730732637,-0.1573033707865168,,1.3522727272727273,0.0,0.0,-1.1193029490616622,,0.0,-0.0806682577565632,-0.05414551607445,-1.069189828503844,-0.3854875283446712,-1.690995260663507,0.352317880794702,0.0,0.0,0.0243030736240171,-1.9002169197396963,-0.6610029009531704,0.5414141414141415,-0.4655172413793103,,,-0.1446540880503144,0.024,1.9201995012468829,0.007380073800738,,,,0.9335664335664337,,,,,,,0.6290748898678414,,-0.5003106554830693,,0.0833333333333333,-0.0269328263624841,-0.8230472516875603,,,,-3.814254859611231,-0.7573996486011623,-0.1115843270868824,,-0.6221052631578947,,0.576395242451967,0.560717196414018,-1.7130370131741404,-1.1472081218274113,,-1.205607476635514,,0.2207650273224043,,-0.3764705882352941,0.3469545104086353,0.1081928655429243,-0.5960637300843487,,0.9827586206896552,-0.1428571428571428,-0.5506298531279147,0.0294117647058823,0.5407319952774499,-0.0821917808219178,0.3481781376518219,,0.5520833333333334,,,,,-0.0974729241877256,1.0,-0.1683366733466934,-0.4685314685314685,-1.0,,-0.2983085597129677,-0.0350877192982456,-0.4561403508771929,,-0.8141891891891891,-0.875,-0.6406164006604292,-0.651564185544768,-0.875,,-0.6129385964912281,0.5369978858350951,-0.1240310077519379,-0.7473684210526316,-0.5636363636363636,0.3,,,,-0.6696428571428571,-0.0524978831498729,-0.8151658767772512,0.7022780832678712,0.2319587628865979,,-0.2833723653395784,-0.2941622441243366,,33.6862,-0.0368429802114813
2023-03-31,-0.7135250266240681,-0.1304347826086956,,3.067415730337079,-0.6251189343482397,-0.2886776145203111,0.9177718832891246,1.119318181818182,0.0,0.0,-0.9584450402144772,,-0.1052631578947368,-0.0964200477326969,0.1962774957698815,-0.7191011235955056,0.0430839002267573,-0.6559241706161137,0.0874172185430463,0.0,0.0,0.0185847033595425,-1.947939262472885,-0.6688769167012019,0.8202020202020202,-0.4236453201970443,-0.2422044960116026,,0.0,0.0186666666666666,1.9077306733167083,0.0,,-0.3692307692307692,,0.7307692307692307,,0.0,,-1.0612794612794614,,,-0.1568281938325991,,-0.5111835973904939,,0.0595238095238095,-0.0228136882129277,-0.6166827386692382,,,,-3.909287257019439,-0.6271117718610623,0.1405451448040885,6.578234469873891,-0.6301052631578947,1.08130081300813,0.7355901189387009,0.3096984515077424,-1.806039274157204,-0.964467005076142,-1.3191094619666048,-0.0841121495327102,0.0209424083769633,0.5005464480874317,,-0.6262443438914027,0.6908249807247494,0.3496667973343786,-1.1583880037488286,,-0.8793103448275862,-0.1198156682027649,-0.5506298531279147,0.1176470588235294,,-0.0821917808219178,0.6126855600539811,0.3636363636363636,-0.1145833333333333,0.4016064257028112,0.5330296127562643,,-0.5900452488687783,-0.924187725631769,0.6666666666666666,0.8617234468937875,-0.8811188811188811,1.0,,-0.4643772424397744,-0.0463659147869674,-0.3859649122807017,,-0.5957207207207207,-0.875,-0.5459548706659328,-0.5587918015102481,-0.875,-0.430622009569378,-0.518640350877193,0.241014799154334,-0.1550387596899224,-0.431578947368421,-0.6,0.4,,1.1680672268907564,,-0.4017857142857143,-0.0762066045723962,-0.7014218009478673,0.3534956794972506,-0.4072164948453608,,-0.5433255269320844,-0.6853677028051555,,42.1347,-0.1033827225540944
2022-12-31,-0.4930777422790202,-0.144927536231884,,1.449438202247191,-0.4938154138915319,0.0293863439930855,0.7440318302387268,1.9460227272727275,0.0,0.0,-0.596514745308311,,-0.1052631578947368,-0.1198090692124105,0.5769881556683587,-0.1868716735659373,0.5396825396825397,,-0.309933774834437,0.0,0.0,0.0185847033595425,-1.856832971800434,-0.641110650642354,1.1272727272727272,-0.1970443349753694,0.037708484408992,-3.52848,0.1792452830188679,0.0186666666666666,1.9875311720698248,0.988929889298893,,-0.5736263736263736,,0.7905982905982906,,0.0,,-0.725925925925926,,,-0.213215859030837,,-0.4770114942528735,-0.5894736842105263,0.0595238095238095,-0.0358048162230671,-0.6947926711668274,,,,-3.7278617710583153,-0.4032977429382349,0.5238500851788757,,-0.6018947368421053,,0.8911253430924062,0.9095354523227384,-2.057860093684571,-1.6649746192893402,0.614100185528757,-3.7570093457943927,0.0209424083769633,0.2163934426229508,,-0.0615384615384615,0.7941403238242097,0.6993335946687573,-0.1049671977507029,,-1.0862068965517242,-0.1013824884792626,-0.5393925091865287,0.2352941176470588,,-8.356164383561644,0.2618083670715249,0.5648720211827007,1.71875,-0.5783132530120482,0.5603644646924829,,-0.0579185520361991,0.7472924187725631,1.3333333333333333,0.064128256513026,-0.2062937062937063,0.5,,-0.5443362378267556,-0.031328320802005,-0.0350877192982456,,-1.0439189189189189,-1.125,-0.973032471106219,-0.9902912621359224,-1.125,-0.5550239234449761,-0.944078947368421,0.7906976744186046,-0.1550387596899224,0.9157894736842104,-0.6,0.4,,4.714285714285714,,0.7410714285714286,-0.0880609652836579,-0.6445497630331753,0.9567949725058916,0.3917525773195876,,-0.9344262295081968,-1.119029567854435,,43.2842,0.0853768296726721
2022-09-30,-0.4387646432374867,-0.1304347826086956,,4.067415730337078,-0.7012369172216937,0.2999135695764909,0.4018567639257294,1.09375,0.0,0.0,-0.0723860589812332,-1.0012224938875305,-0.2105263157894736,-0.0429594272076372,0.6937394247038917,-0.0236546422235363,0.4263038548752834,-0.3639810426540284,-0.5748344370860927,0.0,0.0,-0.2130092923516797,-1.9088937093275489,-0.7401574803149606,1.2282828282828282,0.0,0.2516316171138506,,0.050314465408805,-0.1973333333333333,1.9201995012468829,0.3726937269372694,,-0.5560439560439561,,0.7393162393162394,,0.0,,-0.171043771043771,,,-0.0299559471365638,,-0.476390183286735,,-0.9047619047619048,-0.0497465145754119,-0.8567984570877532,,,,-3.8315334773218144,-0.3481551561021759,0.641396933560477,6.185894441849603,-0.7025263157894737,2.570731707317073,1.1655992680695333,1.2876935615321925,-1.5715033221032535,-1.3299492385786802,-0.2764378478664193,-2.1588785046728973,,-0.4830601092896175,0.2516129032258064,-0.5683257918552036,1.113338473400154,0.804390435123481,-0.0449859418931583,,-1.0172413793103448,-0.1013824884792626,-0.1460854712380181,0.5588235294117647,1.3530106257378984,-8.356164383561644,0.2078272604588394,2.3971756398940864,0.8229166666666666,1.4939759036144578,5.517084282460137,,-0.4597285067873303,0.4259927797833935,0.0,3.2304609218436875,0.0,-0.5,,-1.5899538698103537,-0.0325814536340852,-0.7368421052631579,,-0.7826576576576577,-1.0416666666666667,-0.6494221243808476,-0.668824163969795,-1.0416666666666667,-0.2488038277511961,-0.6217105263157895,0.9372797744890768,-0.1860465116279069,-0.5578947368421052,-0.6363636363636364,0.5,,,,-0.5089285714285714,0.2303132938187976,-1.0236966824644549,1.183032207384132,-2.9948453608247423,,-1.800936768149883,-2.2471569370735405,,33.1794,0.1249510238280379
2022-06-30,0.0,-0.1159420289855072,,4.033707865168539,-0.2978116079923882,0.5548833189282627,0.5543766578249337,1.3551136363636365,0.0,0.0,0.9517426273458444,-0.8276283618581907,-0.1052631578947368,0.0014319809069212,1.0423011844331642,0.4636309875813128,1.0657596371882083,-0.2578199052132701,-0.9386313465783664,0.0,0.0,-0.2130092923516797,-1.2928416485900216,-0.6560298383754662,1.7464646464646465,0.0369458128078817,0.4655547498187092,,0.5345911949685535,-0.1973333333333333,2.309226932668329,0.970479704797048,,-0.3252747252747253,,0.2645687645687645,,0.0,,0.857912457912458,,,0.1920704845814978,,-0.3797763280521901,,-0.9047619047619048,-0.0307351077313054,-0.7198649951783992,,,,-2.6047516198704104,0.097310447357751,0.9923339011925044,6.576988945975401,-0.6170526315789474,1.188617886178862,1.5882891125343093,1.7685411572942136,0.0915082826292973,-0.8730964467005076,0.7884972170686456,0.0,,-1.2,0.0150537634408602,0.481447963800905,0.9853508095605242,1.128969031752254,1.4620431115276475,,-0.603448275862069,-0.0230414746543778,-0.1348481272966321,-1.3161764705882353,0.526564344746163,-15.205479452054794,4.191632928475034,-0.0529567519858782,0.3854166666666667,-0.1847389558232931,-2.7562642369020502,,0.5647058823529412,-0.3285198555956679,1.0,-1.1503006012024048,1.479020979020979,-0.5,,1.7662737057919016,-0.12531328320802,-0.4561403508771929,,0.7804054054054054,-0.5416666666666666,1.364887176664832,1.331175836030205,-0.5416666666666666,2.057416267942584,1.3848684210526316,1.2727272727272727,-0.0310077519379844,1.4842105263157894,5.181818181818182,0.0,,,,1.2232142857142858,1.5732430143945808,-0.6445497630331753,1.4941084053417124,0.7268041237113402,,1.5784543325526932,1.6800606520090977,,44.8384,-0.1046513702540679
2022-03-31,0.1485623003194888,,,1.651685393258427,0.9524262607040912,-0.3846153846153846,1.9164456233421752,3.5767045454545454,0.0,0.0,0.292225201072386,0.4951100244498777,,0.0926014319809069,0.9001692047377327,0.2649319929036073,1.5873015873015872,,-0.7867549668874172,0.0,0.0,-0.2072909220872051,-0.3210412147505423,-0.5039370078740157,1.4787878787878788,0.0024630541871921,-0.3226976069615663,,0.6226415094339622,-0.192,2.1571072319202,0.5756457564575646,,-0.210989010989011,,-0.3717948717948718,,0.0,,0.1952861952861952,,,0.7030837004405286,,-0.2107797452625038,,-0.8809523809523809,0.0006337135614702,0.3254580520732883,,,,-0.6695464362850972,0.2481416407622651,0.8492333901192505,7.073952981472832,-0.4625263157894737,-0.2130081300813008,0.6825251601097896,0.0,0.5666544554100262,-0.8730964467005076,-0.1762523191094619,0.0,,-0.5879781420765028,0.2860215053763441,-0.7565610859728507,1.38473400154202,0.9988239905919248,-0.4198687910028116,,-0.6379310344827587,-0.0230414746543778,-0.1460854712380181,-3.5294117647058822,-0.0448642266824085,-4.2465753424657535,-0.3265856950067476,0.6637246248896734,-0.3020833333333333,-0.8835341365461847,0.9521640091116174,,-0.7457013574660634,-2.5848375451263537,0.3333333333333333,0.2444889779559118,-0.1608391608391608,0.5,,1.468990261404408,-0.0996240601503759,-0.7368421052631579,,1.3096846846846846,-0.5833333333333334,1.4749587231700605,1.4368932038834952,-0.5833333333333334,0.2200956937799043,1.4945175438596492,-0.3988724453840733,-0.1860465116279069,1.231578947368421,-1.4,0.5,,0.9663865546218487,,1.0089285714285714,0.97883149872989,-0.7772511848341233,-0.3472113118617439,-0.2783505154639175,,1.2950819672131149,1.4374526156178924,,88.4134,-0.1980446402920824
2021-12-31,-0.3759318423855165,-0.0434782608695652,,0.7865168539325843,0.0228353948620361,-0.3336214347450302,0.9230769230769232,0.6534090909090909,0.0,0.0,-0.2828418230563003,-0.4009779951100244,-0.2105263157894736,-1.7952267303102625,1.3401015228426396,0.8799526907155529,1.036281179138322,0.9251184834123224,-1.247682119205298,0.0,0.0,-0.2101501072194424,-0.1475054229934924,-0.5872358060505595,0.901010101010101,-0.0591133004926108,-0.2799129804205946,,0.10062893081761,-0.1946666666666666,0.8129675810473815,0.6826568265682657,,-0.356043956043956,,-0.0236985236985237,,0.0,,-0.3824915824915825,,,-0.0158590308370044,,-0.3390804597701149,-0.3789473684210526,-0.8928571428571429,0.0,-0.3823529411764705,,,,-0.3239740820734341,-0.2843627517232058,1.2921635434412266,,-0.5471578947368421,,0.0805123513266239,0.0945395273023635,0.0115504471006699,1.0253807106598984,0.8701298701298701,6.149532710280374,,-0.5136612021857924,-0.0924731182795698,1.8642533936651584,0.6676946800308404,1.4049392395139162,1.570759137769447,,-9.60344827586207,4.368663594470046,-0.1348481272966321,-1.963235294117647,4.096812278630461,-8.356164383561644,-0.7368421052631579,3.0150044130626656,1.34375,0.0321285140562249,7.5125284738041,,1.9149321266968329,0.0180505415162454,1.6666666666666667,3.843687374749499,1.4195804195804196,1.0,,-0.2409021014864172,-0.0614035087719298,0.1052631578947368,,0.9605855855855856,-0.375,1.6929003852504128,1.6612729234088457,-0.375,2.937799043062201,-0.6524122807017544,0.2551092318534179,-0.0930232558139534,2.1578947368421053,-0.5272727272727272,0.2,,8.781512605042018,,1.7946428571428572,1.058425063505504,-0.2085308056872037,0.2875098193244305,-3.4072164948453607,,-0.8641686182669789,-1.1736163760424565,,58.4456,0.3361501977907661
2021-09-30,-0.805111821086262,,,-0.4157303370786517,0.005708848715509,-0.9904926534140016,1.1286472148541111,0.8210227272727273,0.0,0.0,0.2680965147453083,-0.0611246943765281,,-0.0291169451073985,0.727580372250423,0.0236546422235363,0.3696145124716553,0.314691943127962,-0.6119205298013245,0.0,0.0,-0.215868477483917,0.420824295010846,-0.5640281806879404,0.1525252525252525,-0.1896551724137931,-0.8310369833212473,183.19152,0.0283018867924528,-0.2,0.1795511221945137,-0.025830258302583,,-0.4197802197802198,,-1.0353535353535352,,0.0,,0.171043771043771,,,-0.3118942731277533,,-0.3592730661696179,,-0.9166666666666666,-0.023764258555133,-0.1162005785920925,,,,0.8077753779697624,-0.7200973104473577,0.6754684838160137,6.865950490425036,-0.523578947368421,0.4016260162601626,-0.737419945105215,-1.1475142624286878,1.2793737145811197,0.0304568527918781,0.5732838589981447,0.1495327102803738,-2.6858638743455496,-2.056830601092896,0.5311827956989247,-0.5285067873303168,0.9699306090979184,0.6758134065072521,1.083411433926898,,-1.3275862068965518,3.230414746543779,0.5955792288934587,-1.3970588235294117,-0.3046044864226682,0.9041095890410958,0.1538461538461538,0.1729920564872021,-0.1145833333333333,-1.0281124497991967,-0.3234624145785877,,-0.4524886877828054,-0.1407942238267148,0.0,-0.1122244488977955,1.2097902097902098,0.0,,0.9236289082521784,0.9448621553884712,-0.4210526315789473,,0.5777027027027027,-0.75,0.759493670886076,0.727076591154261,-0.75,0.2583732057416268,0.7423245614035088,0.0098661028893587,0.8372093023255814,0.3578947368421052,0.5636363636363636,-2.8,,0.1932773109243697,,0.2678571428571428,0.6672311600338696,-0.7014218009478673,0.0958366064414768,0.4175257731958763,,0.8665105386416861,1.0371493555724034,,47.9036,0.0214555899765361
2021-06-30,-0.6767838125665602,,,-0.6179775280898876,0.2759276879162702,-1.0847018150388936,1.063660477453581,0.6051136363636364,0.0,0.0,-0.1836461126005362,0.0,,0.0,1.065989847715736,0.4967474866942638,-0.2154195011337868,-0.0341232227488151,-0.0962472406181015,0.0,0.0,1.1908506075768406,0.3644251626898048,-0.4409448818897638,0.0676767676767676,-0.270935960591133,-0.9100797679477882,177.91152,-0.3396226415094339,1.112,-0.2069825436408977,-0.3579335793357933,,-0.2747252747252747,,-0.8480963480963482,,0.0,,-0.2828282828282828,,,-0.2096916299559471,,-0.2583100341721031,,4.940476190476191,-0.0155259822560202,0.4064609450337512,,,,0.6954643628509719,-0.5898094337072577,1.01618398637138,-1.3140277129067417,-0.3985263157894737,-0.0634146341463414,-0.4190301921317474,-0.5232273838630807,1.041800628190755,0.0609137055837563,0.4805194805194805,1.1869158878504673,-4.036649214659686,-3.385792349726776,-1.7311827956989247,-3.047963800904977,2.3454124903623748,0.9831438651509212,-0.8697282099343955,,-3.844827586206896,3.2027649769585254,0.1685601591207902,-0.8602941176470589,-0.0401416765053128,0.6301369863013698,-4.283400809716599,0.0388349514563106,-0.1979166666666666,-0.3855421686746988,-0.1321184510250569,,-3.03710407239819,0.0108303249097472,0.6666666666666666,-2.0721442885771544,-0.5979020979020979,-1.0,,0.849820604818042,0.9862155388471178,-0.3859649122807017,,0.3299549549549549,-0.5416666666666666,0.7000550357732526,0.6796116504854369,-0.5416666666666666,1.0909090909090908,0.4923245614035088,-0.4467935165609584,1.1162790697674418,0.1894736842105263,0.8909090909090909,-3.7,,0.1932773109243697,,0.125,0.1998306519898391,-0.6255924170616114,-0.4257659073055774,0.865979381443299,,0.819672131147541,0.9522365428354814,,36.0598,-0.1055912678384239
2021-03-31,-0.4142705005324814,,,-0.5617977528089888,1.263558515699334,-1.5350043215211755,0.7029177718832891,0.4943181818181818,0.0,,-0.5978552278820375,0.5990220048899756,,-0.0443914081145584,2.575296108291032,,1.031746031746032,-0.2123222748815166,-0.3611479028697572,43.76470588235294,50.440677966101696,3.3123659756969266,0.2733188720173535,-0.4600082884376295,0.7646464646464647,-0.4137931034482758,-1.2878897751994198,0.00032,-0.550314465408805,1.106666666666667,-0.5311720698254364,-0.7564575645756457,,-0.3274725274725275,,-0.9965034965034965,,0.0,,-0.6989898989898989,,,-0.2590308370044052,,-0.3195091643367505,,4.916666666666667,-0.0129911280101394,0.8770491803278688,,,,0.5140388768898488,-0.3232869306663062,2.5357751277683134,-1.3426747625720068,-0.4178947368421052,0.9317073170731708,-0.1628545288197621,-0.1629991850040749,0.8042275418003906,0.0507614213197969,-0.1131725417439703,5.672897196261682,2.6178010471204187,2.19672131147541,0.4709677419354838,3.572850678733032,0.9005397070161912,2.381811054488436,-0.5248359887535146,,0.1206896551724138,2.6820276497695854,-0.3482340513996111,-0.5073529411764706,-0.4462809917355372,0.0821917808219178,2.609986504723347,0.0423654015887025,-0.28125,-1.6224899598393574,0.0501138952164009,,3.656108597285068,-0.855595667870036,0.0,-0.6212424849699398,-0.2622377622377622,-0.5,,0.5443362378267556,0.9711779448621554,-0.4561403508771929,,0.1069819819819819,0.3333333333333333,0.259768849752339,0.2934196332254584,0.3333333333333333,0.3157894736842105,0.231359649122807,-0.0070472163495419,0.3410852713178294,0.0,-0.0181818181818181,-1.2,,-0.0252100840336134,,-0.0357142857142857,0.2624894157493649,-0.2464454976303317,0.0015710919088766,0.5824742268041238,,0.5128805620608899,0.5458680818802123,,31.802,0.1132633167725301
2020-12-31,-0.4499467518636847,0.0869565217391304,,0.0224719101123595,1.087535680304472,-1.501296456352636,0.4058355437665782,0.8778409090909091,0.0,,-0.8324396782841823,0.6308068459657702,-0.1052631578947368,-1.02036276849642,0.9898477157360406,,-0.0113378684807256,-0.1023696682464455,0.4211920529801324,0.0588235294117647,0.0677966101694915,1.899928520371694,0.2255965292841648,-0.3522585992540406,0.3898989898989899,-0.4236453201970443,-1.2422044960116023,-0.00032,-0.9308176100628932,1.7706666666666666,-0.5785536159600998,-0.3173431734317343,,-0.1516483516483516,,-0.8216783216783217,,0.0,,-0.9346801346801348,,,-0.7806167400881058,,-0.2250698974836905,0.3789473684210526,7.880952380952381,0.8757921419518377,1.1422372227579556,,,,0.4190064794816415,-0.3595080416272469,0.9395229982964224,-1.1807566557683329,-0.3084210526315789,,0.0,-0.8655256723716381,0.0786227935696567,0.0101522842639593,0.6326530612244898,-0.2242990654205607,0.0209424083769633,0.0502732240437158,-0.4967741935483871,-0.285972850678733,1.0994602929838089,0.9125833006664054,-0.4048734770384254,,-0.293103448275862,0.8248847926267281,-0.3479194057692524,-0.7352941176470589,0.3754427390791027,-0.0821917808219178,-0.0404858299595141,-1.0167696381288611,0.46875,0.0,0.2232346241457858,,-0.2895927601809955,0.3862815884476534,-2.333333333333333,-0.8577154308617234,-0.2762237762237762,0.5,,-0.0194771911840082,-0.0338345864661654,-0.3508771929824561,,-0.2533783783783784,-0.1666666666666666,-0.2267473858007705,-0.209277238403452,-0.1666666666666666,-0.3349282296650718,-0.1107456140350877,-0.923185341789993,0.3720930232558139,-0.7684210526315789,0.0181818181818181,-1.3,,0.4201680672268907,,-0.6875,-0.5469940728196444,-0.3791469194312796,-0.997643362136685,-0.0412371134020618,,0.0398126463700234,0.00303260045489,,22.5619,-0.1318904879464938
2020-09-30,-0.7912673056443025,,,-0.2022471910112359,0.4509990485252141,-1.4079515989628348,0.0225464190981432,-0.2414772727272727,0.0,,-0.8270777479892761,0.2017114914425428,,-0.1121718377088305,1.2081218274111676,,-1.1111111111111112,-0.2843601895734597,0.3258278145695364,0.0588235294117647,0.0677966101694915,2.1143674052894923,0.2169197396963123,-0.3273932863655201,-0.109090909090909,-0.4630541871921182,-1.1812907904278462,-0.00304,-0.7578616352201258,1.9706666666666663,-0.5785536159600998,-0.4760147601476014,,-0.3296703296703296,,-0.7393162393162394,,0.0,,-0.9292929292929292,,,-0.3647577092511013,,-0.2707362534948742,,8.773809523809524,0.8944866920152091,0.9648023143683704,,,,0.4017278617710583,-0.706041356940127,1.1592844974446337,-1.1433909388136383,-0.2831578947368421,-0.8308943089430895,-0.0164684354986276,-0.6063569682151589,0.0732403377243966,0.0406091370558375,0.5807050092764379,0.1401869158878504,3.895287958115184,3.350819672131148,0.0236559139784946,2.971945701357466,-0.0894371626831148,1.1148569188553508,0.0449859418931583,,-0.603448275862069,-0.0368663594470046,-0.3481441526480801,0.2647058823529412,-0.5832349468713105,0.3013698630136986,4.035087719298246,-0.1729920564872021,-0.3020833333333333,-0.7068273092369478,-0.7517084282460137,,3.0190045248868778,0.3176895306859206,-0.3333333333333333,-0.1723446893787575,0.2727272727272727,-1.0,,-0.0502306509482316,-0.0288220551378446,-0.631578947368421,,-0.4583333333333333,-0.5416666666666666,-0.3852504127682994,-0.38403451995685,-0.5416666666666666,-0.3444976076555024,-0.2598684210526316,-0.7991543340380549,0.3100775193798449,-0.5368421052631579,0.3818181818181818,-1.1,,-0.042016806722689,,-0.4910714285714285,-0.5927180355630821,-0.7582938388625592,-0.7965435978004713,0.2371134020618556,,-0.0468384074941452,-0.133434420015163,,11.3837,0.8555478447253532
2020-06-30,-1.282747603833866,,,-0.2696629213483146,-0.7174119885823026,-1.1400172860847018,-0.5517241379310345,-0.1789772727272727,0.0,,-0.7613941018766756,-0.3520782396088019,,-0.1684964200477327,-0.0964467005076142,,-1.1904761904761905,-0.0909952606635071,0.3823399558498896,0.0,0.0,0.0014295925661186,0.1908893709327548,-0.3112308329879817,-0.9646464646464646,-0.458128078817734,-0.9564902102973168,,-1.0849056603773586,0.0026666666666666,-0.5261845386533666,-0.8708487084870848,,-0.3406593406593406,,-0.5318570318570318,,0.0,,-0.8632996632996633,,,-0.5903083700440529,,-0.2943460702081392,,-0.0119047619047619,-0.0846007604562737,-0.1856316297010607,,,,0.3498920086393088,-1.2050277064468171,-0.1541737649063032,-1.1191032227930873,-0.2667368421052631,-0.1056910569105691,-1.5022872827081428,-1.3056234718826405,0.0720111345754129,0.0507614213197969,-0.235621521335807,0.1308411214953271,3.895287958115184,0.0153005464480874,0.3892473118279569,0.6733031674208145,-0.2991518889745567,-0.0940807526460211,0.5323336457357076,,-0.913793103448276,0.8709677419354839,0.4944431334209846,1.0441176470588236,1.1357733175914997,0.7397260273972602,-0.0836707152496626,-0.1835834068843777,-0.2395833333333333,1.6385542168674698,0.1047835990888382,,0.7239819004524887,1.1913357400722022,0.3333333333333333,0.0200400801603206,0.7167832167832168,-1.5,,-0.3106099436186571,0.9674185463659148,-0.7368421052631579,,-0.7083333333333334,-0.9166666666666666,-0.6141992294991745,-0.627831715210356,-0.9166666666666666,-0.4019138755980861,-0.4747807017543859,-1.1346018322762508,0.0310077519379844,-0.5052631578947369,0.4181818181818181,-0.2,,0.226890756302521,,-0.4642857142857143,-0.9602032176121932,-1.004739336492891,-1.1296150824823252,0.0412371134020618,,-0.351288056206089,-0.5822592873388931,,11.002,0.2259770950736229
2020-03-31,-1.095846645367412,,,-0.1235955056179775,-0.8468125594671742,-0.6473638720829732,-0.603448275862069,-0.1306818181818181,0.0,,-0.4986595174262734,-0.4975550122249388,,-0.0233890214797136,-0.326565143824027,,-1.2312925170068028,-0.3109004739336493,0.6242825607064018,0.0,0.0,0.0042887776983559,0.1561822125813449,-0.3646912556983008,-0.8090909090909091,-0.4039408866995074,-0.5431472081218274,,-0.5880503144654088,0.0053333333333333,-0.3017456359102244,-0.7859778597785978,,-0.5230769230769231,,-0.235042735042735,,0.0,,-0.5993265993265994,,,-0.8722466960352423,-1.28023598820059,-0.2331469400434917,,0.0,-0.0846007604562737,-0.2994214079074253,,,,0.2807775377969762,-1.0152723340992027,-0.3858603066439523,-1.1994395142456795,-0.3210526315789473,1.7382113821138212,-1.1875571820677036,-0.3748981255093724,0.2362451716239854,0.0609137055837563,-0.8404452690166976,1.8691588785046729,3.895287958115184,0.1333333333333333,0.1397849462365591,-0.0036199095022624,-0.220508866615266,-0.3073304586436691,-0.8847235238987816,,-0.293103448275862,0.8847926267281107,0.0,0.2941176470588235,-0.2101534828807556,,0.0620782726045884,-0.7978817299205648,0.0520833333333333,-0.4819277108433735,0.2687927107061503,,0.1266968325791855,-0.5234657039711191,0.0,-1.0260521042084167,-0.6538461538461539,-0.5,,0.35366478728857,0.9154135338345863,-0.175438596491228,,-0.393018018018018,-0.1666666666666666,0.0176114474408365,0.0302049622437971,-0.1666666666666666,1.3492822966507176,-0.2467105263157894,-0.7709654686398872,-0.0310077519379844,-0.1368421052631579,0.6,0.0,,-0.0672268907563025,,-0.1517857142857142,-0.5656223539373413,-0.3222748815165877,-0.8373919874312648,1.1649484536082475,,0.3255269320843091,0.2577710386656558,,6.0296,0.2483581000398035
2019-12-31,-0.5692225772097976,0.1884057971014492,,0.0,0.0513796384395813,-0.8141745894554884,0.0,0.0,0.0,,-0.6045576407506702,0.1833740831295843,0.4210526315789473,-0.1918854415274463,-0.2419627749576988,,-0.4603174603174603,0.0151658767772511,0.5324503311258278,0.0,0.0,-0.0014295925661186,0.1214750542299349,0.0,-0.6101010101010101,-0.270935960591133,-0.807831762146483,,-0.6037735849056604,0.0,0.0349127182044887,-0.018450184501845,,0.0,,-0.3174048174048174,,0.0,,-0.7057239057239058,,,-0.8651982378854626,0.0,0.0128922025473749,1.136842105263158,-0.0238095238095238,-0.1714195183776933,0.2830279652844744,,,,0.2116630669546436,-0.4806054872280038,-0.3006814310051107,-0.7286314806165344,-0.0027368421052631,,,,0.2362451716239854,-1.2893401015228427,0.2319109461966604,-0.3831775700934579,-0.0104712041884816,-0.0808743169398907,-0.0623655913978494,0.3221719457013575,-0.2806476484194294,-0.2273618188945511,0.4348641049671977,,0.1551724137931034,-0.4423963133640553,0.5955792288934587,0.1838235294117647,0.923258559622196,0.410958904109589,-0.1646423751686909,-0.5789938217122683,0.9479166666666666,1.3333333333333333,2.7380410022779045,,0.351131221719457,0.5884476534296029,-2.333333333333333,1.374749498997996,0.4265734265734265,-1.0,,-0.7124551512045105,1.0645363408521302,-0.1052631578947368,,-0.3209459459459459,0.375,-0.3170060539350577,-0.2696871628910464,0.375,,-0.5230263157894737,-0.6666666666666666,0.0,-0.4105263157894737,0.0909090909090909,-0.1,,,,-0.3839285714285714,-0.4724809483488569,-0.0568720379146919,-0.7651217596229379,-1.6030927835051547,,-0.8313817330210773,-0.9037149355572404,,21.0545,-0.1734071101189769
2019-09-30,-0.553248136315229,,,-0.4831460674157303,-0.4471931493815413,-0.4191875540190147,-0.2493368700265252,-0.0284090909090909,0.0,,-0.1983914209115281,-0.2799511002444987,,-0.0782816229116945,-0.3062605752961083,,-0.7052154195011338,-0.1061611374407583,0.6101545253863134,0.0,0.0,0.0157255182273052,0.1171366594360086,-0.0460008288437629,-0.4959595959595959,-0.2684729064039409,-0.3517041334300217,,-0.0880503144654088,0.016,0.0473815461346633,-0.2619926199261992,,0.2131868131868131,,-0.1969696969696969,,0.0,,-0.2976430976430976,,,-0.347136563876652,-0.4837758112094395,-0.0128922025473749,,0.0476190476190476,-0.0826996197718631,-0.118129218900675,,,,0.203023758099352,-0.4643870793350452,-0.3654173764906303,-0.7205355752763506,0.0027368421052631,0.0926829268292682,,,-0.0115504471006699,0.0609137055837563,-0.4656771799628942,0.1588785046728972,-0.0104712041884816,-0.028415300546448,0.2645161290322581,0.2063348416289592,-0.2914417887432536,-0.2885143081144649,0.1049671977507029,,0.1896551724137931,0.0230414746543778,0.797851419838407,0.4191176470588235,0.243211334120425,1.0136986301369864,-0.1376518218623481,-0.204766107678729,-0.03125,0.3453815261044177,1.6082004555808656,,0.285972850678733,0.1552346570397112,0.0,0.4809619238476953,0.2832167832167832,-0.5,,-0.2019477191184008,1.1253132832080202,0.0350877192982456,,-0.188063063063063,0.4166666666666667,-0.1761144744083654,-0.1294498381877022,0.4166666666666667,-0.1722488038277512,-0.0910087719298245,-0.4467935165609584,-0.0310077519379844,0.0210526315789473,-0.2363636363636363,0.0,,1.4705882352941178,,-0.0178571428571428,-0.2506350550381033,0.0568720379146919,-0.5388845247446976,-0.5979381443298969,,-0.3442622950819672,-0.6550416982562547,,19.645,0.0249121913973021
2019-06-30,-0.1916932907348242,,,-0.4269662921348314,-0.2283539486203615,-0.111495246326707,-0.1392572944297082,-0.1789772727272727,0.0,,0.0978552278820375,-0.1063569682151589,,-0.0147971360381861,-0.3181049069373942,,-0.5328798185941043,-0.0151658767772511,0.6207505518763797,0.0,0.0,0.0128663330950679,0.0780911062906724,0.0965602983837546,-0.3191919191919192,-0.2019704433497537,-0.0935460478607686,,0.110062893081761,0.0133333333333333,0.341645885286783,0.1254612546125461,,0.4175824175824176,,-0.085081585081585,,0.0,,0.0,,,-0.0440528634361233,-0.2536873156342183,0.1436781609195402,,0.0357142857142857,-0.0820659062103929,0.0303760848601735,,,,0.1252699784017278,-0.097310447357751,-0.3773424190800681,-0.5063054647361046,0.147578947368421,-0.967479674796748,,,-0.0192159803061414,-1.0456852791878173,-1.1335807050092763,-0.9906542056074766,-0.0104712041884816,0.0153005464480874,0.410752688172043,-0.481447963800905,-0.0092521202775636,-0.2994903959231674,-0.239925023430178,,-0.1551724137931034,-0.4930875576036866,0.4607311015968265,0.2573529411764705,0.6635182998819362,-0.0821917808219178,-0.0836707152496626,-0.4660194174757281,0.0104166666666666,0.4979919678714859,4.533029612756264,,-0.4561085972850678,-0.4223826714801444,1.0,1.222444889779559,-0.0454545454545454,-0.5,,-0.4582265504869298,1.1835839598997493,0.1052631578947368,,-0.0191441441441441,0.0,-0.0440286186020913,-0.0215749730312837,0.0,-0.3923444976076555,0.0910087719298245,-0.2748414376321353,-0.0310077519379844,0.2421052631578947,0.2727272727272727,0.0,,3.0252100840336134,,0.1696428571428571,-0.0067739204064352,-0.0947867298578199,-0.3220738413197172,-1.6701030927835052,,-0.6861826697892272,-1.2039423805913572,,22.6402,-0.1077139775953517
2019-03-31,0.1315228966986155,,,-0.0337078651685393,0.1360608943862987,0.11495246326707,-0.0092838196286472,-0.1136363636363636,0.0,,0.6367292225201072,0.0195599022004889,,0.0019093078758949,-0.0084602368866328,,0.0839002267573696,1.004739336492891,0.2940397350993377,0.0,0.0,0.0071479628305932,0.0303687635574837,0.1193535018648984,-0.0202020202020202,0.5098522167487685,0.0964467005076142,,0.2830188679245283,0.008,0.4214463840399002,0.051660516605166,,0.334065934065934,,-0.1853146853146853,,0.0,,0.5414141414141415,,,0.0158590308370044,-0.2241887905604719,0.2402920161540851,,0.0119047619047619,0.8634347275031685,0.1374156219864995,,,,0.0302375809935205,0.2308420056764427,-0.065587734241908,-0.472053557527635,0.1707368421052631,-0.4276422764227642,,,-0.068844047760743,0.0609137055837563,-0.6883116883116883,0.3177570093457944,-0.0104712041884816,-0.5442622950819672,0.621505376344086,-0.1665158371040724,0.1387818041634541,-0.0125441003528028,0.0824742268041237,,-0.2241379310344827,0.0184331797235023,2.0564339412736405,0.1176470588235294,0.654073199527745,1.0136986301369864,-0.7746288798920378,0.5048543689320388,-0.40625,0.4176706827309236,-0.1412300683371298,,-0.1013574660633484,-0.2021660649819494,0.6666666666666666,0.3847695390781563,0.3251748251748251,-0.5,,0.0932854946181445,0.0413533834586466,0.6666666666666666,,0.0191441441441441,-0.0833333333333333,-0.0176114474408365,0.0,-0.0833333333333333,-0.3062200956937799,0.0975877192982456,-0.2607470049330514,-0.0310077519379844,0.6,,0.0,,0.865546218487395,,0.4732142857142857,0.0067739204064352,0.1706161137440758,-0.3503534956794972,-0.2989690721649484,,-0.1358313817330211,-0.5883244882486732,,27.3973,-0.0447893407518575
2018-12-31,0.1219382321618743,0.2608695652173913,,0.146067415730337,-0.1769743101807802,0.3154710458081244,-0.6206896551724138,-0.375,0.0,,0.596514745308311,-0.3777506112469437,0.5263157894736842,-0.1727923627684964,0.1539763113367174,,0.3469387755102041,1.1867298578199053,0.1227373068432671,0.0,0.0,0.0042887776983559,0.0,0.1189390799834231,0.0,0.5394088669950738,0.2646845540246555,0.31152,0.4748427672955975,0.0053333333333333,0.0349127182044887,0.6420664206642066,,0.5076923076923077,,0.0236985236985237,,0.0,,0.501010101010101,,,-0.4458149779735683,-0.4837758112094395,0.2284871077974526,,0.0,0.8688212927756654,-0.2917068466730955,,,,-0.0302375809935205,0.2211109609406676,0.0979557069846678,-0.4726763194768799,0.1703157894736842,,,,-0.068844047760743,0.0609137055837563,-0.2727272727272727,-0.514018691588785,-0.094240837696335,-0.9595628415300548,-0.0150537634408602,0.5067873303167421,0.0,0.137985103880831,1.458294283036551,,-0.1551724137931034,-0.0276497695852534,2.584589106518784,0.0,0.7532467532467533,-2.8767123287671232,-1.125506072874494,0.2365401588702559,1.2395833333333333,1.4136546184738956,-0.5876993166287016,,0.5610859728506787,0.4115523465703971,-0.6666666666666666,0.312625250501002,1.332167832167832,-0.5,0.0,0.6611993849308048,1.2092731829573935,-0.2105263157894736,,0.6295045045045045,0.0,0.3676389653274629,0.3818770226537217,0.0,,0.4923245614035088,0.9936575052854124,0.0,,,,0.0,-0.0840336134453781,0.0,0.5357142857142857,1.0651989839119391,1.895734597156398,0.7619795758051846,0.2061855670103092,0.0,0.4964871194379391,0.1455648218347232,,26.0171,0.0293460839217284
2018-09-30,0.2534611288604899,-0.5652173913043478,,-0.3707865168539326,0.1617507136060894,0.1659464131374243,-0.1114058355437665,-0.3096590909090909,0.0,,0.5388739946380697,-0.069682151589242,-15.36842105263158,0.0515513126491646,0.0,,0.5396825396825397,1.228436018957346,0.3222958057395143,0.1764705882352941,0.2033898305084746,0.0671908506075768,0.1952277657266811,0.1305428926647327,0.0595959595959596,0.4926108374384236,0.1392313270485859,0.47152,1.072327044025157,0.056,0.0897755610972568,0.8191881918819188,-0.2199052132701421,0.6483516483516484,0.0,-0.1122766122766122,0.0,0.0,0.0,0.4430976430976431,0.0,,0.4916299559471365,-0.2536873156342183,0.2868903386144765,,0.2261904761904762,0.8269961977186312,-0.0303760848601735,,,,0.3585313174946004,0.3546425192593593,-0.0570698466780238,-0.4552389848980227,0.1821052631578947,0.232520325203252,,,0.2053148187875647,0.0609137055837563,0.287569573283859,0.0934579439252336,-0.4869109947643979,-0.898360655737705,-0.7935483870967742,-0.0687782805429864,0.1063993831919815,-0.0031360250882007,0.5323336457357076,,-0.2241379310344827,-0.032258064516129,1.685601591207902,-0.0955882352941176,0.0401416765053128,-0.0821917808219178,-0.6828609986504723,-0.4024713150926743,-0.1354166666666666,,-0.3963553530751708,,-0.0470588235294117,0.3754512635379061,0.3333333333333333,-0.5531062124248497,0.6993006993006993,-0.5,0.0,0.7370579190158892,0.0758145363408521,-0.2456140350877192,,0.7331081081081081,-0.0833333333333333,0.8211337369290038,0.8220064724919094,-0.0833333333333333,0.0669856459330143,0.8475877192982456,0.6666666666666666,0.0620155038759689,,,,0.0,1.403361344537815,0.0,1.375,1.143099068585944,-0.3033175355450237,0.7619795758051846,-0.4278350515463917,0.0,0.3629976580796253,-0.1091736163760424,,39.6423,-0.0429853518681162
2018-06-30,0.4307774227902023,-0.5652173913043478,,-0.0561797752808988,0.6470028544243578,0.0,-0.169761273209549,-0.1619318181818181,0.0,,0.5938337801608579,0.4254278728606357,-15.36842105263158,0.0682577565632458,0.1133671742808798,,0.5600907029478458,0.875829383886256,0.3894039735099338,0.7058823529411765,0.8135593220338984,0.3674052894924946,0.1691973969631236,0.2138416908412764,0.1484848484848485,0.5197044334975369,0.0,0.79152,1.078616352201258,0.312,0.0947630922693266,0.970479704797048,-0.3876777251184834,0.6813186813186813,0.0,-0.2886557886557886,0.0,0.0,0.0,0.4983164983164983,0.0,,0.5621145374449339,-0.1769911504424778,0.3630009319664492,,1.369047619047619,0.9692648922686944,0.45274831243973,,,,0.3066954643628509,0.5346668468711988,0.0570698466780238,-0.3300638330997976,0.2667368421052631,0.1056910569105691,,,0.7348592890245272,0.0203045685279187,-0.046382189239332,-0.0654205607476635,2.586387434554974,2.2185792349726774,-2.565591397849462,-0.2099547511312217,0.2729375481881264,0.1050568404547236,-2.159325210871603,,0.5,-0.032258064516129,0.9776489229005833,-0.7279411764705882,-1.1877213695395514,3.315068493150685,2.6531713900134952,-1.7299205648720213,0.1354166666666666,-1.9437751004016064,-0.4874715261958998,,-0.1266968325791855,-1.2310469314079422,0.6666666666666666,-1.8957915831663328,-1.856643356643357,0.5,0.0,0.7452588416196823,0.050125313283208,-0.0350877192982456,,0.9380630630630632,0.7916666666666666,0.9466152999449642,0.9902912621359224,0.7916666666666666,0.0,0.987938596491228,1.0190274841437632,0.0310077519379844,,,,0.0,1.8571428571428568,0.0,0.7410714285714286,1.4631668077900084,0.2085308056872037,1.0699135899450118,-0.7422680412371134,0.0,0.5386416861826698,0.2426080363912054,,44.7714,-0.0925761932273182
2018-03-31,0.7385516506922257,-0.5652173913043478,,-0.2022471910112359,0.807802093244529,0.2973206568712186,-0.3129973474801061,-0.4375,0.0,,0.4919571045576407,1.2530562347188263,-15.36842105263158,0.8424821002386634,0.2944162436548223,,0.4761904761904761,0.8644549763033176,-0.6278145695364239,0.8235294117647058,0.9491525423728814,-0.9735525375268048,0.0954446854663774,0.4119353501864898,0.0151515151515151,0.7118226600985221,0.2494561276287164,0.95152,0.4685534591194968,-0.944,0.0,1.1955719557195572,0.0,0.8241758241758241,0.0,0.0508935508935508,0.0,0.0,0.0,0.3959595959595959,0.0,,0.7947136563876652,0.3421828908554572,0.5835663249456353,,-4.238095238095238,1.217997465145754,0.6513982642237223,,,,0.1598272138228941,0.847141505608866,0.2393526405451448,-0.0323836213607348,0.468,-0.8048780487804879,,,0.6842367406302956,0.0203045685279187,-0.7328385899814471,0.1775700934579439,0.3246073298429319,-0.3169398907103825,-0.4064516129032258,-0.4054298642533936,0.5227447956823439,0.2744021952175617,-0.3411433926897844,,0.5344827586206896,-0.032258064516129,2.6520131701671,-1.25,-0.3140495867768595,3.589041095890411,-0.4723346828609986,-0.4342453662842012,-0.3020833333333333,0.4257028112449799,-0.1776765375854214,,-0.3764705882352941,-0.9638989169675092,0.6666666666666666,-0.4649298597194389,-0.0874125874125874,0.0,0.0,0.7493593029215787,0.0307017543859649,0.0701754385964912,,0.402027027027027,0.8333333333333334,0.3874518436984039,0.4444444444444444,0.8333333333333334,-0.1148325358851674,0.4572368421052631,0.3227625088090204,-0.1550387596899224,,,,0.0,-0.2436974789915966,0.0,0.3660714285714285,0.6350550381033023,0.2843601895734597,0.2812254516889238,0.4845360824742268,0.0,0.6416861826697893,0.4700530705079606,,43.4793,0.1559004486998626
2017-12-31,0.9254526091586794,0.3333333333333333,,-0.1910112359550561,1.828734538534729,-0.4356093344857389,0.5742705570291777,0.1022727272727272,0.0,,0.2908847184986595,2.293398533007335,0.8421052631578947,0.9178997613365156,0.5685279187817259,,1.1020408163265305,0.8644549763033176,-1.01280353200883,0.8823529411764706,1.0169491525423728,-1.1336669049320944,-0.0911062906724512,0.4550352258599254,0.105050505050505,0.7758620689655172,-0.3633067440174039,-0.16848,0.60062893081761,-1.096,-0.4413965087281795,1.5092250922509225,-7.125118483412322,1.1010989010989012,0.0,-0.458041958041958,0.0,0.0,0.0,0.1939393939393939,0.0,,0.5480176211453744,1.0147492625368733,0.6649580615097856,,-4.916666666666667,1.2756653992395437,1.4199614271938283,,,,-0.2116630669546436,1.036896877956481,0.5153321976149915,0.0323836213607348,0.5117894736842106,,,,-0.1274758976164529,-0.5989847715736041,1.523191094619666,-1.2429906542056075,-0.1413612565445026,0.0939890710382513,-2.574193548387097,1.0461538461538462,0.1434078643022359,0.5174441395531164,1.1583880037488286,,0.3275862068965517,1.096774193548387,-0.3483576621829664,-1.0073529411764706,-1.0318772136953955,-0.136986301369863,0.0404858299595141,2.997352162400706,1.28125,,,,,0.0,-1.6666666666666667,0.9498997995991983,1.0454545454545454,0.5,0.0,0.3475140953357252,0.0407268170426065,0.175438596491228,,0.6407657657657657,0.5833333333333334,0.6538249862410567,0.6925566343042071,0.5833333333333334,,0.6567982456140351,0.2522903453136011,-0.1240310077519379,,,,0.0,-0.0840336134453781,0.0,1.5625,0.777307366638442,0.2274881516587677,0.2120974076983503,-1.0824742268041236,0.0,-4.68384074941452,0.3305534495830174,,52.9935,-0.0530485473629443
2017-09-30,0.8226837060702875,-0.5652173913043478,,-0.797752808988764,0.3862987630827783,0.7242869490060502,0.0543766578249336,-0.1306818181818181,0.0,,0.5536193029490617,1.0427872860635696,-15.36842105263158,0.964200477326969,0.1641285956006768,,0.0,0.390521327014218,-0.5960264900662252,0.9411764705882352,94.91525423728814,-1.1422444603288062,-0.1171366594360086,0.5147119767923747,-0.3333333333333333,0.8325123152709359,0.6076867295141407,-0.16848,0.5691823899371069,-1.106666666666667,-0.7655860349127181,0.4760147601476014,0.5696682464454976,1.0593406593406594,0.0,0.4370629370629371,0.0,0.0,0.0,0.4579124579124579,0.0,,0.9497797356828194,1.297935103244838,0.7398260329294812,,-4.964285714285714,1.0757287705956908,0.4267116682738669,,,,-0.2634989200863931,0.9325584538451142,0.1081771720613287,0.1220613420520006,0.5724210526315789,-1.351219512195122,,,0.3659600767931244,-0.0101522842639593,0.4174397031539889,-0.0654205607476635,-0.2146596858638743,-0.1770491803278688,0.1225806451612903,0.7782805429864253,-0.1110254433307633,0.1426891415131321,0.8922211808809747,,0.5689655172413793,1.087557603686636,0.6517659486003888,-0.125,-0.1345926800472255,0.958904109589041,-0.078272604588394,-0.1412180052956752,0.15625,-0.216867469879518,-0.4783599088838269,-1.6,0.8217194570135746,0.3429602888086642,-0.3333333333333333,-0.2685370741482966,0.986013986013986,0.0,0.0,0.4951307022039979,-0.0119047619047619,0.175438596491228,,0.1632882882882882,0.875,0.1342872867363786,0.1984897518878101,0.875,-0.1722488038277512,0.2182017543859649,0.2748414376321353,-0.1550387596899224,,,,0.0,-0.1680672268907563,0.0,0.1964285714285714,0.4216765453005927,0.3412322274881517,0.218381775333857,0.4072164948453608,0.0,0.3957845433255269,0.357846853677028,,44.1156,-0.0315145287435062
2017-06-30,0.6496272630457934,-0.5652173913043478,,0.6629213483146067,0.0,0.8038029386343993,-0.4442970822281167,-0.1960227272727272,0.0,,0.4021447721179624,0.6980440097799511,-15.36842105263158,0.936038186157518,-0.1150592216582064,,-0.3582766439909297,0.2881516587677725,-0.2410596026490066,1.0588235294117647,97.35593220338984,-1.039313795568263,-0.2255965292841648,0.4960629921259842,-0.5565656565656566,1.019704433497537,0.6744017403915881,-0.16848,0.449685534591195,-1.016,-0.8553615960099751,0.070110701107011,0.6464454976303318,1.0351648351648353,0.0,0.6157731157731158,0.0,0.0,0.0,0.3057239057239057,0.0,,0.748898678414097,0.8377581120943953,0.7075178626902765,,-4.559523809523809,1.105513307984791,0.1875602700096432,,,,-0.4794816414686825,0.7568590350047304,-0.1729131175468483,0.09403705433598,0.5534736842105263,-0.5804878048780487,,,0.1830333141611852,-0.0406091370558375,0.046382189239332,0.0560747663551401,0.0104712041884816,-0.0153005464480874,0.4193548387096774,0.7239819004524887,-0.3423284502698535,-0.1160329282634261,0.6185567010309279,,0.396551724137931,0.0,0.752902044072863,0.1102941176470588,-0.063754427390791,1.6164383561643836,-0.0944669365721997,-0.0388349514563106,-0.0104166666666666,-0.5783132530120482,-0.0501138952164009,0.0,0.7674208144796381,0.1083032490974729,-0.3333333333333333,-0.2084168336673346,0.7587412587412588,0.0,0.0,0.3905689390056381,-0.0075187969924812,0.2456140350877192,,0.0439189189189189,0.6666666666666666,0.0682443588332416,0.1229773462783171,0.6666666666666666,0.0287081339712918,0.106359649122807,0.1226215644820296,-0.1860465116279069,,,,0.0,0.0168067226890756,0.0,0.0178571428571428,0.2438611346316681,0.3033175355450237,0.0549882168106834,0.4020618556701031,0.0,0.3231850117096019,0.2426080363912054,,31.9586,0.3271044413710237
2017-03-31,0.72790202342918,1.391304347826087,,1.5280898876404494,0.1741198858230256,0.7363872082973206,-0.409814323607427,0.0198863636363636,0.0,,0.3016085790884718,0.8875305623471883,0.9473684210526316,0.9976133651551312,-0.3688663282571912,,-0.3242630385487528,0.333649289099526,0.0485651214128035,1.1176470588235294,98.30508474576273,-0.9992852037169406,-0.2516268980477223,0.5777041027766266,-0.7373737373737373,1.2980295566502462,0.6178390137781,-0.16848,0.0943396226415094,-0.9813333333333332,-0.8379052369077307,-0.2029520295202952,0.6123222748815166,1.1274725274725277,0.0,0.6181041181041181,0.0,0.0,0.0,0.2047138047138047,0.0,,0.720704845814978,1.0147492625368733,0.8087915501708605,,-4.404761904761905,1.1463878326996195,0.3495660559305689,,,,-0.531317494600432,0.836329233680227,-0.4284497444633731,0.2167211583372256,0.6338947368421053,-0.2813008130081301,,,0.1636228802838333,-0.182741116751269,-0.7773654916512059,2.093457943925233,0.0209424083769633,-0.8109289617486338,-0.2,0.0036199095022624,-0.266769468003084,-0.351234809878479,-0.2699156513589503,,0.0172413793103448,-0.0829493087557603,0.2921709424760363,-0.7573529411764706,-0.3471074380165289,2.164383561643836,-1.0769230769230769,-0.4624889673433363,-0.3645833333333333,0.1365461847389558,-0.2779043280182232,0.4,0.0470588235294117,-0.8916967509025271,-0.3333333333333333,-0.6693386773547094,-0.0104895104895104,-0.5,0.0,0.7616606868272681,0.0050125313283208,0.2456140350877192,,0.1835585585585585,0.2083333333333333,0.4645019262520638,0.4875943905070118,0.2083333333333333,1.0430622009569377,0.2686403508771929,-0.6610288935870331,-0.1550387596899224,,,,0.0,0.0,0.0,0.1160714285714285,-0.1016088060965283,0.0758293838862559,-0.7808326787117046,0.9587628865979382,0.0,0.7213114754098361,0.6974981046247157,,33.6715,-0.0787787891837311
2016-12-31,0.5457933972310969,1.391304347826087,,0.5168539325842697,0.2987630827783064,0.5393258426966292,-0.4602122015915119,0.5255681818181818,0.0,,0.0,0.8141809290953546,0.9473684210526316,0.99618138424821,-0.2859560067681895,,0.1723356009070294,0.3412322274881517,-0.0485651214128035,1.1764705882352942,1.3559322033898304,-1.0164403145103649,-0.3470715835140998,0.5325321176958143,-0.9626262626262626,1.4852216748768472,0.4568527918781725,-0.16848,-0.0566037735849056,-1.0,-1.172069825436409,-0.062730627306273,-7.125118483412322,0.5912087912087912,0.0,0.6484071484071484,0.0,0.0,0.0,-0.0983164983164983,0.0,,1.281057268722467,0.584070796460177,0.7718235476856167,,-4.488095238095238,1.1394169835234471,0.2647058823529412,,,,-0.7213822894168467,0.6514393837005,-0.3449744463373083,0.1488401058695313,0.5905263157894737,,,,-0.6951422955879589,1.5228426395939083,0.1465677179962894,10.934579439252335,6.2565445026178015,-2.7256830601092896,-1.6193548387096774,2.396380090497737,-1.210485736314572,-0.2744021952175617,0.3486410496719775,,0.1206896551724138,6.133640552995392,-0.3483576621829664,-0.1838235294117647,0.2337662337662337,-0.136986301369863,-3.3711201079622133,0.8826125330979699,1.1979166666666667,,,,,0.5487364620938628,-1.3333333333333333,0.501002004008016,0.3041958041958042,-0.5,0.0,-0.3475140953357252,1.2205513784461153,0.9473684210526316,,-0.2623873873873873,0.3333333333333333,-0.6450192625206385,-0.593311758360302,0.3333333333333333,,-0.5164473684210527,-0.3706835799859055,0.4651162790697674,,,,0.0,-0.0840336134453781,0.0,-0.8125,-0.3014394580863674,0.5118483412322274,-0.5294579732914375,-0.5876288659793815,0.0,-0.810304449648712,-1.197877179681577,,28.8068,0.1575041089376718
2016-09-30,0.8498402555910544,1.681159420289855,,-0.2134831460674157,-0.5242626070409134,1.6905790838375108,-0.4469496021220159,-0.4857954545454545,-2000000.0,,0.131367292225201,0.4682151589242054,0.9473684210526316,0.9193317422434368,-1.3214890016920473,,-1.2698412698412698,0.1137440758293838,1.0905077262693157,1.1764705882352942,,-0.9220872051465332,8.013015184381779,0.6502279320348114,-0.5171717171717172,1.0073891625615763,1.3060188542422044,196.31152,-0.5031446540880503,-0.912,-1.0922693266832917,-0.8745387453874539,1.5251184834123224,0.8175824175824176,0.0,0.0912975912975913,0.0,-2000000.0,0.0,0.0417508417508417,0.0,,1.1577092511013216,0.6548672566371682,0.8122087604846225,,-4.095238095238095,1.046577946768061,0.0438765670202507,,,,,0.9601297472631436,-1.387563884156729,0.3257044994550833,0.7101052631578947,0.0634146341463414,,,-0.747656638469117,,,0.822429906542056,,0.1726775956284153,,-0.1484162895927601,-1.0701619121048571,-1.2340258722069777,-0.9184629803186504,,0.0862068965517241,0.4746543778801843,-0.3483576621829664,-0.0588235294117647,-0.1723730814639905,-0.136986301369863,0.1430499325236167,,-0.0520833333333333,,,,,-0.2635379061371841,-0.6666666666666666,-0.969939879759519,-0.6678321678321678,0.0,0.0,0.1219887237314197,-0.0344611528822055,0.9473684210526316,,-0.3727477477477477,0.2916666666666667,-0.3984589983489268,-0.3538295577130528,0.2916666666666667,1.1004784688995215,-0.3234649122807017,-0.8188865398167724,1.1162790697674418,,,,0.0,0.0588235294117647,0.0,-0.0446428571428571,-0.6536833192209992,0.5118483412322274,-1.0290652003142184,0.9536082474226804,0.0,0.0327868852459016,-0.00303260045489,,23.7571,-0.0825142799415753
2016-06-30,0.3541001064962726,1.681159420289855,,-0.0786516853932584,-3.148430066603235,3.240276577355229,,-0.2386363636363636,10227000000.0,,,-2.425427872860636,0.9473684210526316,1.0840095465393795,-1.16751269035533,,0.6190476190476191,2.843601895734597,-1.2300220750551876,1.2352941176470589,,-4.418870621872767,,0.6336510567757978,-1.7656565656565657,,,,-0.7704402515723271,-4.176,-1.1571072319201996,-0.7822878228782287,,,,2.4393939393939394,,10227000000.0,,,,,2.6061674008810574,,0.9069586828207518,,,,-3.4189971070395373,,,,,0.456818488984998,-1.2325383304940374,0.3007940214852872,0.6932631578947368,,,,-0.7637548283760145,,,,,0.3387978142076502,,0.0832579185520362,-1.0285273708558211,-1.0913367306938455,-0.8922211808809747,,-0.0172413793103448,,,0.2205882352941176,-0.8193624557260921,,0.3481781376518219,,-0.0520833333333333,,,,,-0.7148014440433214,0.6666666666666666,0.0,-0.6433566433566433,-0.5,0.0,0.0194771911840082,-0.0200501253132832,0.8771929824561403,,-0.3344594594594595,0.1666666666666666,-0.3082003302146395,-0.2718446601941747,0.1666666666666666,,-0.2730263157894737,-0.9006342494714588,1.0852713178294573,,,,0.0,-0.0840336134453781,0.0,-0.2589285714285714,-0.663844199830652,0.3981042654028436,-1.1013354281225451,0.5721649484536082,0.0,0.0,0.0151630022744503,,21.6556,0.038618186519884
2016-03-31,0.369542066027689,1.6521739130434785,,0.449438202247191,-3.945765937202664,4.039757994814175,,-0.2357954545454545,11153000000.0,,,-2.3960880195599024,0.7368421052631579,1.0763723150357996,-1.1218274111675126,,-1.2970521541950113,-0.2957345971563981,-1.3112582781456954,1.1176470588235294,,-4.473195139385275,,0.6129299627020307,-1.6696969696969697,,,,-0.8207547169811321,-4.221333333333333,-1.0648379052369077,-0.8413284132841329,,,,2.4386169386169385,,11153000000.0,,,,,2.3348017621145374,,0.8864554209381795,,,,-3.4122468659594984,,,,,0.4724962832815245,-1.186541737649063,0.2696559240230421,0.6722105263157895,,,,-0.7637548283760145,,,,,1.4054644808743169,,-0.5357466063348416,-0.723207401696222,-1.049000392003136,-1.8931583880037488,,-0.0517241379310344,,,0.0,-0.5076741440377804,,1.6545209176788125,,-0.0520833333333333,,,,,-1.184115523465704,0.0,0.0160320641282565,-1.5769230769230769,1.5,0.0,-0.4848795489492568,-0.0469924812030075,0.7017543859649122,,-0.5867117117117117,0.125,-0.5899834892680242,-0.5501618122977346,0.125,,-0.5142543859649122,-1.1374207188160677,1.0232558139534884,,,,0.0,-0.0840336134453781,0.0,-0.7053571428571429,-0.9923793395427604,0.3601895734597156,-1.3589945011783189,-0.1391752577319587,0.0,0.0,0.0151630022744503,,22.3149,0.0489717632613185
2015-12-31,0.3748668796592119,0.2028985507246377,,0.5056179775280899,-3.644148430066603,3.8184961106309423,,-0.0085227272727272,11040000000.0,,,-2.254278728606357,0.631578947368421,1.102147971360382,-0.7868020304568528,,-0.8208616780045351,-0.2426540284360189,-1.6803532008830022,1.0,1.152542372881356,-4.504646175839886,-48.63774403470716,0.5594695399917116,-1.5838383838383838,0.6133004926108374,3.0551124002900654,,-1.0943396226415094,-4.245333333333333,-1.14214463840399,-0.4059040590405904,,,,2.327505827505828,,11040000000.0,,,,,2.5215859030837,,0.8631562597079838,,,,-3.309064609450337,,,,,0.477902419245844,-0.8492333901192505,0.1893196325704499,0.6178947368421053,,,,-0.7637548283760145,-0.5685279187817259,-0.4545454545454545,-2.7196261682243,-0.0994764397905759,0.8633879781420765,-2.118279569892473,0.3113122171945701,-0.7787201233616037,-0.7385339082712662,-0.3486410496719775,,0.2586206896551724,0.2903225806451613,,0.875,0.885478158205431,0.410958904109589,0.9851551956815114,5.027360988526037,0.9270833333333334,,,,,0.1552346570397112,-1.3333333333333333,2.549098196392785,-0.3006993006993007,3.5,0.0,-1.7314197847257815,1.212406015037594,0.9473684210526316,,-0.5326576576576577,0.5,-0.5767749036873968,-0.517799352750809,0.5,,-0.5054824561403509,-0.241014799154334,0.9612403100775194,,,,0.0,-0.0840336134453781,0.0,-0.0446428571428571,-0.4470787468247248,0.7393364928909952,-0.422623723487824,-3.304123711340206,0.0,-1.730679156908665,-2.6019711902956786,,22.8915,-0.1276631063932027
2015-09-30,,,,,,,,,,,,,,,,,,,,,,,,,,,,,,,,,,,,,,,,,,,,,,,,,,,,,,,,,,,,,-0.7637548283760145,,,,,0.5049180327868853,,0.9266968325791856,-1.0963762528912877,-0.7949823598588789,0.6185567010309279,,0.396551724137931,,,0.5955882352941176,0.8382526564344747,,0.5479082321187584,,0.2604166666666667,,,,,0.6353790613718412,0.3333333333333333,0.0360721442885771,0.7132867132867133,3.0,0.0,-0.0666324961558175,-0.0087719298245614,1.0526315789473684,,-0.2038288288288288,0.6666666666666666,-0.2773802971931756,-0.2157497303128371,0.6666666666666666,,-0.1984649122807017,0.0070472163495419,1.178294573643411,,,,0.0,-0.0840336134453781,0.0,-0.1785714285714285,-0.060965283657917,0.8530805687203792,-0.1649646504320502,0.1958762886597938,0.0,0.0,0.0151630022744503,,22.3328,0.004141889955581
2015-06-30,,,,,,,,,,,,,,,,,,,,,,,,,,,,,,,,,,,,,,,,,,,,,,,,,,,,,,,,,,,,,-0.7637548283760145,,,,,-1.1825136612021858,,-0.2932126696832579,-0.8943716268311488,-1.1179929439435516,0.3861293345829428,,0.7413793103448276,,,0.6397058823529411,-1.3530106257378984,,-1.5303643724696356,,-0.0104166666666666,,,,,-0.1588447653429603,1.0,0.8977955911823647,0.541958041958042,14.5,0.0,-0.0604818042029728,-0.0050125313283208,0.5964912280701754,,0.1835585585585585,1.0833333333333333,0.0572372041827187,0.133764832793959,1.0833333333333333,,0.1348684210526315,0.3819591261451726,1.178294573643411,,,,0.0,-0.0840336134453781,0.0,-0.4464285714285714,0.4216765453005927,1.2322274881516588,0.1901021209740769,-0.5721649484536082,0.0,0.0,-0.488248673237301,,25.698,-0.1040353334889875
2015-03-31,,,,,,,,,,,,,,,,,,,,,,,,,,,,,,,,,,,,,,,,,,,,,,,,,,,,,,,,,,,,,-0.7637548283760145,,,,,0.4087431693989071,,0.832579185520362,-1.171935235158057,-0.9125833006664054,0.4348641049671977,,0.8793103448275862,,,-0.5808823529411765,-0.4510035419126328,,0.4507422402159244,,-0.40625,,,,,-0.7436823104693141,1.0,-0.0360721442885771,0.6538461538461539,6.5,0.0,0.7493593029215787,-0.0093984962406015,0.6666666666666666,,0.6385135135135135,1.25,0.53494771601541,0.6105717367853291,1.25,,0.5997807017543859,0.1818181818181818,1.2093023255813953,,,,0.0,-0.0840336134453781,0.0,0.7946428571428571,0.6604572396274344,1.042654028436019,-0.0015710919088766,0.3762886597938144,0.0,0.0,0.5185746777862017,,29.7123,-0.0164275401096515
2014-12-31,1.5820021299254523,2.7681159420289854,,1.6853932584269662,-2.971455756422454,4.818496110630942,,0.75,11913000000.0,,,-1.924205378973105,1.4736842105263157,1.092601431980907,-1.2791878172588833,,-0.0702947845804988,,,1.6470588235294117,1.8983050847457628,,-47.40563991323211,1.3617903025279734,-1.229292929292929,1.3645320197044335,3.875997099347354,,-0.440251572327044,-3.962666666666667,-0.3216957605985037,0.92619926199262,,,,,,,,,,,,,,,,,,,,,,,,,,,,,14.66495412107342,-1.116751269035533,0.5324675324675324,-2.289719626168224,-0.1570680628272251,-1.6153005464480874,-1.8602150537634408,0.3728506787330317,,-1.194825558604469,2.6091846298031864,,26.74137931034483,0.9953917050691244,,-0.9338235294117648,0.0920897284533648,0.410958904109589,-1.9082321187584343,3.09973521624007,7.40625,,,,,,,,,43.5,0.0,-0.2245002562788313,1.5031328320802004,14.491228070175438,,4.658783783783784,,2.1419922949917445,,,,2.0515350877192984,-7.130373502466526,9.674418604651162,,,,0.0,-0.0840336134453781,0.0,1.6696428571428572,17.666384419983064,221.3649289099526,25.94344069128044,-6.097938144329897,0.0,-0.8126463700234192,-0.7611827141774071,,36.2468,-0.048313230409305
