,totalAssets,intangibleAssets,earningAssets,otherCurrentAssets,totalLiab,totalStockholderEquity,deferredLongTermLiab,otherCurrentLiab,commonStock,capitalStock,retainedEarnings,otherLiab,goodWill,otherAssets,cash,cashAndEquivalents,totalCurrentLiabilities,currentDeferredRevenue,netDebt,shortTermDebt,shortLongTermDebt,shortLongTermDebtTotal,otherStockholderEquity,propertyPlantEquipment,totalCurrentAssets,longTermInvestments,netTangibleAssets,shortTermInvestments,netReceivables,longTermDebt,inventory,accountsPayable,totalPermanentEquity,noncontrollingInterestInConsolidatedEntity,temporaryEquityRedeemableNoncontrollingInterests,accumulatedOtherComprehensiveIncome,additionalPaidInCapital,commonStockTotalEquity,preferredStockTotalEquity,retainedEarningsTotalEquity,treasuryStock,accumulatedAmortization,nonCurrrentAssetsOther,deferredLongTermAssetCharges,nonCurrentAssetsTotal,capitalLeaseObligations,longTermDebtTotal,nonCurrentLiabilitiesOther,nonCurrentLiabilitiesTotal,negativeGoodwill,warrants,preferredStockRedeemable,capitalSurpluse,liabilitiesAndStockholdersEquity,cashAndShortTermInvestments,propertyPlantAndEquipmentGross,propertyPlantAndEquipmentNet,accumulatedDepreciation,netWorkingCapital,netInvestedCapital,commonStockSharesOutstanding,investments,changeToLiabilities,totalCashflowsFromInvestingActivities,netBorrowings,totalCashFromFinancingActivities,changeToOperatingActivities,changeInCash,beginPeriodCashFlow,endPeriodCashFlow,totalCashFromOperatingActivities,issuanceOfCapitalStock,depreciation,otherCashflowsFromInvestingActivities,dividendsPaid,changeToInventory,changeToAccountReceivables,salePurchaseOfStock,otherCashflowsFromFinancingActivities,changeToNetincome,capitalExpenditures,changeReceivables,cashFlowsOtherOperating,exchangeRateChanges,cashAndCashEquivalentsChanges,changeInWorkingCapital,stockBasedCompensation,otherNonCashItems,freeCashFlow,researchDevelopment,effectOfAccountingCharges,incomeBeforeTax,minorityInterest,sellingGeneralAdministrative,sellingAndMarketingExpenses,grossProfit,reconciledDepreciation,ebit,ebitda,depreciationAndAmortization,nonOperatingIncomeNetOther,operatingIncome,otherOperatingExpenses,interestExpense,taxProvision,interestIncome,netInterestIncome,extraordinaryItems,nonRecurring,otherItems,incomeTaxExpense,totalRevenue,totalOperatingExpenses,costOfRevenue,totalOtherIncomeExpenseNet,discontinuedOperations,netIncomeFromContinuingOps,netIncomeApplicableToCommonShares,preferredStockAndOtherAdjustments,adjusted_close,10%DDret
2023-06-30,0.3409799171618209,-0.6124767225325884,,,-1.871639307127683,-1.014313356932696,,,-0.3257086908272932,-0.0011357183418512,-0.4280190921748797,,,-0.6855218502412928,-1.180868267197413,-1.5355831853167554,,,-0.6496838441190154,-0.213926586433446,,-0.4470177170303156,0.1639014782719493,,-0.3888338891756056,2.2257942827288675,,-1.2461994478863203,,-0.7615618121496668,,,,,,-1.7859821732989138,,,,,,,-0.7328164701283472,,0.7377509277430596,,-0.7321130378933847,,-0.0295316123602737,,,,,0.3950618803849713,-0.7518603488337893,,,,,-2.433162267839687,0.5573930798064994,,,0.5124633720089878,,-1.2027586206896552,,-0.1947261663286004,-0.0104845755763156,,0.2531818181818182,,,0.9639274626383066,0.3445037799455733,,,-1.338181818181818,-0.0829220138203356,,0.217416422021426,,,,,-0.6995970280821056,,,,,,-1.1032394792612776,1.5003750937734437,0.3926140366972477,,0.1723681573683648,,,-0.5623098858871544,,,-0.6880380436475431,0.4921340709376939,-0.1710160662778254,-0.2602739726027397,0.5955706984667802,-0.2352941176470588,350000000.0,,,-0.2411252070534065,0.0078372103178402,-0.3382326134225807,,-0.8369565217391305,,-287000000.0,-0.6264189400583219,,4.9216,-0.05315344603381
2023-03-31,,,,,,,,,,,,,,,,,,,,,,,,,,,,,,,,,,,,,,,,,,,,,,,,,,,,,,,,,,,,,,,,,,,,,,,,,,,,,,,,,,,,,,,,,,,,-0.3814713896457766,,-0.0592208256880733,,,,,,,,-0.2281313170588964,,0.0132464936960943,0.3744292237442922,-0.076320272572402,,-432000000.0,,,,-0.5476940978089655,,,,,,-1.170299208953431,,4.0566,0.1487452546467484
2022-12-31,0.4572811903535809,-0.4050279329608938,,,0.558472530652768,-0.6530592193821257,,-0.4389737127292257,-0.3257086908272932,-0.0011357183418512,0.3238567766841635,,-0.0871938612451789,0.3444170843447838,-1.2674461997760915,-1.7004144464179989,-0.0790101857774141,,-0.0620759339893741,-0.213926586433446,,-0.3051478261911658,0.0961728172046935,-0.2793229435564985,-0.2459808911445387,-1.0084171766549246,,-1.0521963692800895,0.5176186158960411,-0.6348521503305238,,-0.595807210031348,,,,-1.6889581608299644,,,,,,,0.3251117033607219,,-0.3147061217476237,0.9523809523809524,-0.5947976878612716,,-0.0398818066444367,,,,-0.0249549424649937,0.5116858197722483,-0.6448424953675108,,-0.2144547603634255,,,-1.822458455522972,0.8003460118041028,1.1390934701904527,,2.6411573788155525,,-0.2537931034482759,,0.2008113590263691,-0.1397943410175415,-0.010717230008244,0.1809090909090909,,0.4429347826086957,4.22162279558247,0.0011015287595735,,,-1.309090909090909,0.8173741362290227,,0.0931784665806111,,,,,0.0,,-0.5689576675194138,0.31872070581748,,,-2.013926733272782,5.0012503125781445,0.2343571559633027,,1.8940424833280296,0.5930408472012103,-2.7984862819299905,-2.488483190649674,0.7777777777777778,,-3.954961687691033,2.456411766261682,-1.2198952538216763,-0.9680365296803652,-0.0858603066439523,1.9411764705882355,-1479000000.0,,,-0.92329778702929,1.5391834240014888,-2.345491008876615,,0.6630434782608695,,-884000000.0,-4.870093141696211,,4.7547,-0.0622602598473911
2022-09-30,0.5999469318351535,-0.1860335195530726,,0.032458719091525,0.6955935530822572,-0.5490687817212211,25.981713657611927,,-0.3257086908272932,-0.0011357183418512,0.5560213742391754,-0.3459161502837971,,0.145090026370479,-0.1118298295807936,0.4997039668442866,,,0.2543005437448396,-0.213926586433446,,0.3072553538893236,0.1634965236467341,1.0594500427594775,-0.1041358303404039,-0.2568112696801079,-4.184322764690471,-0.5362626738076761,,0.0444491330048443,,,,,,-1.844820028249964,,,,,,,0.0771143336358553,,-0.0679912817776491,,0.1413615928066795,,1.2671072010227913,,,,,0.654747373017279,-0.2783170093238036,,,,,-0.9839931573802542,0.8042311866186859,0.3894964769038322,0.0,0.0,0.0701271914747335,-0.1949425287356321,-0.8586968669671795,0.0076064908722109,-0.1666778681362994,-0.1428964001099203,-0.0631818181818181,,-0.2472826086956521,-0.0195277322127615,0.0328001980998196,,,-1.0836363636363635,-0.0306021717670286,1.2931103678929765,0.1242379554408149,,,,,-0.9343911346178064,,6.199069703549733,0.0220567962503446,,,-1.0160460187708145,3.000750187546887,0.9877975229357798,,-1.0454132149905937,-0.1754916792738275,-0.3708609271523179,-0.4697557742349209,0.0350877192982456,,-1.0482605536356948,-0.8359218672149851,-0.0151015924537394,-0.3013698630136986,-0.0742759795570698,-0.5588235294117647,,,,-0.2807352278261998,-1.075320542305845,0.93143949057156,,-0.3347826086956522,,-206000000.0,-1.0594109987903504,,3.7358,-0.0353605653407569
2022-06-30,0.5800119028234471,-0.2180633147113594,,-0.0928654833226104,0.6503040676530979,-0.188274372011769,1.438594547631224,,-0.3255587283179205,0.0005678591709256,0.6293751175424968,-0.5237730849347382,,0.0898226250560299,-0.1471576066674959,0.432445233866193,,,0.1701501792333421,-0.213926586433446,,0.2656594124783141,0.1729117186829893,1.073323337954462,-0.085515516306027,-0.1776279683497953,-2.450394486840928,-0.4790667497805539,,0.0,,,,,,-1.1769519263552677,,,,,,,0.0515812711077306,,-0.0425902646517082,,0.0931920359666024,,1.244232725724593,,,,,0.6347570362708231,-0.2473455101620636,,,,,-0.5503421309872922,0.8065622915074356,0.0514429309118269,0.0,0.2014813257471234,-0.3863870745960811,-0.6565517241379311,-1.8075724273243177,0.3651115618661257,-0.3830902614423012,-0.1703764770541357,0.4595454545454545,,0.1168478260869565,-0.0010879473093039,-0.7860820931898721,,,-0.2981818181818181,1.1243830207305034,2.967134894091416,0.1242379554408149,,,,,-2.0990429416950005,,15.57783259246716,0.6561896884477529,,,-1.179533757190433,-9.00225056264066,0.9568342201834862,,-3.3736342594304976,0.2299546142208774,-0.7057710501419111,-0.6618492135131413,0.4269005847953216,,-1.449262970414958,-3.340955496167484,-0.2844084108771607,-0.2694063926940639,1.1522998296422486,0.0,,,,-0.249927433891805,-3.146160786168066,3.375036263521374,,-0.2434782608695652,,-348000000.0,0.0230691480397208,,4.0338,-0.084486092518221
2022-03-31,0.7493058200652234,-0.2407821229050279,,-0.1314895457052631,0.7932937121591158,0.223641773630011,21.032437118596363,,-0.3256087158210447,0.0,0.7076802385187922,0.0763834953063951,,0.1013371521046902,-0.3474312725463366,0.0511545293072824,,,0.4565503468626018,-0.213926586433446,,0.2643283423531618,0.2261632518987989,1.048054121706455,-0.0010344618907987,0.1077008339083746,-0.7616956400617912,-0.2154769931431043,,-0.001422372256155,,,,,,-0.4896010910330719,,,,,,,-0.0419328885905755,,0.0504402822871165,,0.0916506101477199,,1.31645286821809,,,,,0.8045206424738759,-0.1068266713726874,,,,,-0.0043988269794721,0.8143326411366018,-0.1249328322144367,0.0,1.9841530557271068,-0.3960123753867308,-0.1857471264367816,-1.203367730879559,0.0664300202839756,-0.4411586800188184,-0.39159109645507,-0.1977272727272727,,0.3940217391304347,-0.0010879473093039,-0.8653287665404874,,,0.0654545454545454,0.5360315893385982,1.752329988851728,0.0931784665806111,,,,,-1.3624228686563404,,8.906851512513365,-0.140612076095947,,,-0.1780199818346957,-13.50337584396099,0.9373388073394496,,-1.620346420399033,0.5385779122541604,0.8098391674550615,0.8260017888963478,0.7251461988304093,,0.3654428817895045,0.8087471910366605,-0.5111931000758311,0.0365296803652968,1.276320272572402,0.4705882352941176,,,,0.0449471651945444,-1.586695878481848,1.6198788273441551,,-0.1869565217391304,,412000000.0,-0.0262145009216482,,4.7833,-0.0094495432023915
2021-12-31,0.874604540996755,-0.3986964618249534,,-0.5412582075324905,0.9036212639163492,0.4651827813534387,1.2353309625341105,-0.6857775091119731,-0.3256087158210447,0.0,0.6075523789097587,-0.1352756389820495,0.0802992517024794,0.0631843663226279,-0.4011692996641373,-0.0511545293072824,0.0449960658090734,,0.6880541393598975,-0.213926586433446,-0.8362161760224295,0.3114704092856392,0.1975127121648177,-0.0761782639156583,0.1137289171055031,0.3538339941030635,0.816531321979009,-0.0227715088986985,-0.2700513750377757,0.0190834944367465,,-0.4179075235109717,,,,0.1837221762213238,,,,,0.0737539848168006,,-0.1239320189028298,,0.1320153503417049,1.1428571428571428,0.1138728323699422,,-0.0369658971160408,,,,0.0,0.9301669921155375,0.0013823935998117,,-0.0628574297616936,,,0.3377321603128054,0.8477451445420158,-0.1543287927354807,0.0,-0.2934619309795058,0.1361292540391887,0.1140229885057471,-0.0661376646922226,0.2271805273833671,-0.5844478795617986,-0.4509480626545754,0.029090909090909,,-0.6603260869565217,-0.0195277322127615,-0.8758949896539028,,,-0.2836363636363636,0.12142152023692,-0.2383946488294314,0.683308754924482,,,,,0.1676111320992318,,-2.6373756761936704,0.1240694789081885,,,0.6212534059945504,-11.002750687671918,0.9052287155963302,,1.2157342922095218,-0.6354009077155824,2.0681173131504256,1.648510969805819,-0.4093567251461988,,1.872033882683347,1.4376755155771417,-0.5253671431507481,0.6073059360730594,-0.0170357751277683,0.5,632000000.0,,,1.0043898905799802,0.9358610275889476,-1.2995266753114458,-0.4719300659695408,-0.1978260869565217,,854000000.0,0.1638795736436325,,4.4668,0.10322826184293
2021-09-30,0.8208082170369754,-0.2597765363128491,,-0.0859294721200917,0.8506701429484931,0.4448628107760206,17.429302435601304,,0.0259533936515871,3.9937535491198175,0.5701419698250648,0.3197003597866653,,0.0478103188324805,-0.5337728573205622,-0.303611604499704,,,0.7082791196716737,-0.213926586433446,,0.2585603718108351,-0.4879742296683502,0.9301311125490892,0.0741894848349744,0.3310496852531923,0.221744290380574,0.0200491050415357,,-0.0075859853661601,,,,,,0.1293653499585992,,,,,,,-0.1151139306098268,,0.1232428651961449,,0.0848426461143224,,1.3454321276721035,,,,,0.8762214156608493,0.0182946557251683,,,,,0.2832355816226784,0.8477451445420158,-0.0514429309118269,0.0,-0.0832205475912031,0.1223788243382605,-0.2482758620689655,-0.5247550571843683,-0.7682555780933062,-0.2000134417635593,-0.5974168727672438,-0.6931818181818182,,1.8396739130434785,0.0050586476585151,-0.2313553797355647,,,-0.5381818181818182,-0.3859822309970385,0.4741137123745819,0.2484759108816298,,,,,-0.4253872308273517,,1.4190641490053606,-0.7444168734491315,,,-0.7798970632758099,-9.502375593898474,0.9533938532110092,,0.2436488161196097,2.1482602118003027,-0.107852412488174,0.4435612143333453,2.280701754385965,,-0.7333490511932225,0.4626998606775678,-0.4403228847012466,-0.0821917808219178,0.8599659284497445,0.3235294117647059,,,,-0.0694817837046359,0.0114723266527731,-0.4162820518249482,-0.6105064513484602,0.0,,-59000000.0,-0.8429149694243362,,4.6024,-0.1218060142534329
2021-06-30,0.8191066759780234,-0.2273743016759776,,-0.0954268207928215,0.8476372797518471,0.465826400331004,0.0042439660025368,,0.0295524938765308,4.034639409426462,0.6108532973584081,0.3072624370017313,,0.0509072492621505,-0.1780072148277149,0.3737122557726465,,,0.1206712095420324,-0.213926586433446,,0.2367086372562515,-0.4673215437823709,0.8919795507628826,0.0810505312218103,0.3003636233745458,0.0480312542340593,0.0034093655781291,,-0.0309365965713716,,,,,,0.0767619697043495,,0.3706262856262445,,,,,-0.1055443351358394,,0.1137227593234032,,0.0596660244059088,,1.3439003117634645,,,,,0.8745151538472149,0.0297067560810612,,,,,0.2870234604105572,0.8469681095790992,0.1543287927354807,0.0,-0.1971012969265337,0.5706428325885184,0.5682758620689655,0.1331942530020241,0.2494929006085192,-0.3551313932387929,-0.2044517724649629,-0.17,,-0.5244565217391305,-0.0133811372449423,-0.7807989816331644,,,0.5454545454545454,2.751233958538993,-0.6876254180602007,0.0,,,,,0.4556730890316081,,-5.034514210165515,-0.1053212020953956,,,0.6224644262791402,77.51937984496124,0.9591277981651376,,1.5265804701702628,-0.4841149773071104,2.1002838221381266,1.7218557375302304,-0.2631578947368421,,1.9105482390971744,1.7746060551477,-0.4970190570009142,1.0593607305936072,0.9969335604770015,0.4411764705882353,,,,1.030796571095176,1.2123436994164918,-1.626621303787273,,-0.0043478260869565,,849000000.0,1.1495525528710149,,3.6653,0.1027201047663221
2021-03-31,0.7642806371338595,-0.2065176908752327,,-0.0878561418985691,0.8025894060658167,0.3211040759470394,17.970060275199288,,0.0322518190452386,,0.4538762866893005,0.1329170710680884,,0.0273892061496189,-0.3121034954596343,,,,0.1715948206841833,,,0.1925614781053667,-0.4653980093125983,0.8498641903495376,0.0631905908849436,0.2501165784736171,-0.3742435225737124,-0.0342717569682089,,-0.0781119430671798,,,,,,-0.0773464517071745,,0.3734457290894856,,,,,-0.0893505674939811,,0.0976127384925192,,0.0085420680796403,,1.3211478679213002,,,,,0.8195370056676704,0.0,,,,,0.0460654936461388,0.8446370046903493,-0.1396308124749587,0.0,0.1095007205147409,0.3080096253007906,0.3163218390804597,-0.3011337530579046,-0.6328600405679513,-0.0424759728476376,-0.363011816433086,-0.8986363636363637,,0.0896739130434782,0.0480848124332494,-0.8177807625301182,,,,0.5883514313919053,0.0,-0.0621189777204074,,,,,-0.2996473995718423,,0.1298707719337792,-0.9881444720154398,,,-0.0750832576445655,41.01025256314079,0.9338984403669724,,0.4579716062603681,0.199697428139183,1.0198675496688745,0.922048508535458,0.3976608187134502,,0.6169189736680256,0.6919220290750098,-0.4828450139259973,0.54337899543379,1.3056218057921636,0.4117647058823529,,,,0.5334707547256609,0.2618676930178576,-0.5674153036742307,,-0.0152173913043478,,386000000.0,-0.0420556738020883,,4.1326,-0.0572520931132943
2020-12-31,0.7211644657249184,-0.3729981378026071,,2.914938041319916,0.7591183669138917,0.3189893278778963,-0.0206845868867318,-0.6161940599115509,-0.3256587033241689,,0.2703085440727389,-0.8266525882687221,0.0450375437134987,-0.0690347706117601,-0.0332130862047518,,0.0100339508243368,,-0.2650480578325568,-0.1793913527491229,-0.8310947431648575,0.1828002971875831,0.2404379024376375,-0.0737008897736968,0.1309522655095706,0.2849837544257645,0.0,-0.0414721335250041,0.0210335448776065,-0.128606158160683,,-0.4821708463949843,,,,0.149822220057474,,-0.0003915893698946,,,,,-0.1016716489370567,,0.1098701008986521,1.2063492063492065,-0.0461785484906872,,-0.0069236794528871,,,,0.0176070982947455,0.7763012127738395,0.0123238918791729,-0.0336681895093062,-0.0184874793416746,,,0.0,0.8446370046903493,-1.2566773122746284,0.0,-0.5825438331384221,-0.1292540391887246,-0.1986206896551724,0.2571744340548125,-1.1724137931034482,0.5562201760871026,-0.0434185215718604,-1.0477272727272726,,-0.2146739130434782,-0.0103078397610327,-0.8758949896539028,,,0.0,-0.1006910167818361,-0.9188851727982162,0.8696656880857043,,,,,0.8199219241909079,,-8.28461352830317,-1.1855527984560243,,,-0.5171056615198305,37.50937734433609,0.9258709174311928,,2.0378058355480784,-0.1391830559757942,0.3973509933774834,0.2497214710616865,0.0701754385964912,,-0.1284471004584016,2.6806848196596333,0.1124647952205126,0.0,0.0170357751277683,-0.8235294117647058,,,,0.2738050629929053,1.8555454603269728,-2.282720416491024,-0.4691914022268744,-0.0239130434782608,,80000000.0,-0.8226734707437738,,3.4511,0.1392309698357046
2020-09-30,,,,-0.4252500201648752,,,-0.0206845868867318,4.742003338869394,-0.3256587033241689,,0.2701251597144807,-0.8266525882687221,,0.6507163106943062,,,3.73718660726358,,,,,,-0.0212640241077381,-0.0737008897736968,-0.5004231500625337,,0.0,,-0.3993955877908733,,,0.5820924764890282,,,,,,,,,,,,,,,,,,,,,,,,,,,,,0.849299214467849,-2.594193515982128,0.0,-0.9373261676061828,0.0536266758336198,0.0891954022988505,0.0661376646922226,-0.3164300202839756,0.7011223872572081,0.5685627919758175,-0.3472727272727273,,-0.1168478260869565,-0.0133811372449423,-0.5430589615813184,,,,0.0,-0.4957859531772575,0.1863569331612223,,,,,0.1984007052008563,,-2.682093084844862,-0.3236834849738075,,,-1.3175900696336664,37.50937734433609,0.9373388073394496,,1.0237693478153596,-0.0302571860816944,-0.8003784295175024,-0.8242554849029095,0.175438596491228,,-1.5625404892791568,1.3651319088740876,0.3959456567188508,-0.4703196347031963,0.8954003407155026,-1.411764705882353,,,,-0.4435764243365719,0.7049242251343862,-1.2892134542501217,-0.6107498881255861,0.0021739130434782,,-418000000.0,-1.4290383660006187,,2.2367,0.0742164796351767
2020-06-30,0.7194817609138516,-0.1890130353817504,,0.0682721102679283,0.7510116571115362,0.4164516301949246,0.4951446998219805,,0.0350511192201949,,0.2747097686709382,-0.0866229884332239,,-0.0523160033297823,0.655927354148526,,,,-1.2051484819674407,,,0.201324356429286,-0.4671190664697632,1.1739047281180974,0.1083178856767098,0.2760136991227028,0.0220143248572772,-0.0034093655781291,,-0.9225269391378764,,,,,,0.3074375334859481,,0.3763695963846986,,,,,-0.0981565347034198,,0.1063731652392537,,-0.9065510597302504,,1.295097363412107,,,,0.0249549424649937,0.774613839467367,0.0750610312068002,,,,,0.1824291300097751,0.8438599697274327,1.1464424603207135,0.0,0.1642510807721114,-0.2921966311447233,0.3724137931034483,-0.4589899290938668,-1.2266734279918865,1.3285839102090191,0.7166804067051388,-1.3913636363636364,,0.4048913043478261,-0.0103078397610327,-0.7940067605249337,,,0.5745454545454546,1.6100691016781836,0.426845039018952,0.1552974443010186,,,,,1.4134869663770306,,-12.33915048504896,-1.5897435897435896,,,-2.328792007266122,11.002750687671918,1.0130268807339449,,3.1041308334946107,0.5506807866868382,-2.438978240302744,-2.1689095598504524,0.7368421052631579,,-3.5245071160070776,3.8012686474389454,-0.0434496786035732,-0.2054794520547945,-0.0238500851788756,-0.5,,,,-1.257782406888433,2.6154986047005946,-3.603067359774141,-0.3206645385829338,0.0043478260869565,,-1287000000.0,-0.7399473457014757,,2.5004,-0.0136378179491281
2020-03-31,,,,0.0682721102679283,,,0.4951446998219805,,-0.3255087408147963,,0.2747097686709382,-0.0866229884332239,,0.5254594459288754,,,,,,,,,0.0595244236227105,,-0.3013643892980699,,-0.0788513090342474,,,,,,,,,,,,,,,,,,,,,,,,,,,,,,,,,,0.8415288648386829,2.094462187124381,0.0,0.4774231414442707,-0.917153661051908,-0.5039080459770114,-1.8097579753877484,0.5699797160243407,1.0035620673432355,1.3580654025831271,0.5727272727272728,,-1.747282608695652,0.0603780023688877,-0.8124976509734105,,,,0.6406712734452122,2.948494983277592,-0.0931784665806111,,,,,-1.7539982369978593,,12.316316063610053,0.7973531844499586,,,1.2037541628822284,11.002750687671918,1.001558990825688,,-3.1445264422637647,-1.8456883509833584,3.0860927152317883,2.238761719587987,-1.5789473684210529,,3.0908999856621246,2.6085319325618026,-0.0009275493788225,1.3242009132420092,1.4044293015332197,-0.5882352941176471,,,,1.2860611494087322,-2.94238044103918,3.3875139877684086,,0.0043478260869565,,1271000000.0,1.5174197897612338,,1.9689,-0.0280867489461121
2019-12-31,0.6994023206683596,-0.3145251396648044,,3.2043011753439448,0.7384796374876595,0.3038183091210004,0.527743576677178,-0.749381130646734,-0.3255087408147963,,0.332659225880562,-0.8437815379660772,0.0802992517024794,0.0,0.933325040427914,,0.0769536240373092,,-1.326498363838098,-0.1861065370766302,-0.8320905773316076,0.2877329920537564,0.2360846402165733,-0.0429814504133746,0.0804846717259888,0.103851261919997,-0.0756492254186434,-0.2811963311155495,-0.0203082502266545,-0.9164818570492176,0.0,-0.3834247648902821,0.0,0.0,0.0,0.0592275096195996,0.0,-0.0002349536219367,-0.6795399633790914,0.0,0.6790672517606449,0.0,-0.0433874186182873,0.0,0.0518872901461779,1.4104308390022675,-0.9,0.0,-0.0044702049157787,0.0,0.0,0.0,0.0249549424649937,0.7544786908326689,-0.0691049736756963,0.0655985899605189,0.144202338865062,0.0,,,0.4169165708236776,-3.2556159878757134,0.0,-0.4358128676486691,0.3471983499484359,-3.311264367816092,-0.1205528443169541,1.7413793103448276,,1.0258312723275624,0.0754545454545454,,5.040760869565218,-0.0041612447932135,0.7513033698120654,0.0,0.0,1.730909090909091,-0.0977295162882527,-0.1472909698996655,2.515818597676502,0.0,0.0,0.0,0.0,0.1370734164462914,,,,0.0,0.0,0.6793823796548593,10.002500625156287,2.1059167889908257,,-0.0294329740223756,,3.5432129782213813,,,0.0,1.5820434343909984,-0.2921052966788949,2.1535269980085467,0.9954337899543378,-0.0252129471890971,,0.0,0.0,0.0,0.5862841157560519,4.437561488679267,6.291073479964704,2.047212312754669,0.6060780804565217,0.0,1850882612.52,0.0899541002015789,0.0,3.582,-0.1015354550530429
2019-09-30,5.704125311872903,10.91001848586592,,0.0,5.525238453470324,4.368299504805995,0.527743576677178,3.577839616504519,-0.3255087408147963,,0.3328426102388204,-0.8437815379660772,1.6440959897520664,0.5572204467263931,6.450620556969771,,3.79973601610346,,,-0.213926586433446,0.1570258992915414,-1.0454446607967058,-0.068137521976407,-0.0429814504133746,-0.308817819844594,1.8543254020819928,-0.0756492254186434,-2.2268206122419123,-0.5647627682079178,0.824325099402485,0.0,0.7754702194357367,0.0,0.0,0.0,-0.7060542594125956,0.0,-0.0170994024853976,-0.6795399633790914,0.0,0.6790672517606449,0.0,0.8686089692988105,0.0,-0.8553926666847542,0.0,-1.4251123956326268,0.0,-0.0468568677630224,0.0,0.0,0.0,-0.9750450575350064,-2.018026759758953,-1.5906497249919116,-0.5096975183305132,,0.0,,,3.024295137248844,-2.3203339652381114,0.0,-0.4358128676486691,0.3471983499484359,-1.0726179848367816,-0.1205528443169541,0.1556865005476673,,,0.0754545454545454,,-2.835068771956521,-0.0041612447932135,0.5069467104755527,0.0,0.0,0.4290909090909091,-0.0977295162882527,-0.1472909698996655,1.8352690615189085,0.0,0.0,0.0,0.0,,,,,0.0,0.0,1.2522003551316985,10.002500625156287,4.143090574208716,,-0.1871243156746559,,2.523006387530747,,,0.0,2.416692301977108,-0.2921052966788949,3.703716197245984,,,,0.0,0.0,0.0,0.5862841157560519,2.970158833917933,4.612215621972879,1.29176394089209,0.4121642770869565,0.0,1317953135.39,0.0899541002015789,0.0,3.2657,0.021802370089108
2019-06-30,0.5947230124216921,-0.1391061452513966,,2.332758226926314,0.633677364803561,0.2862567055902905,-0.1491625133160393,0.151398364080606,0.041699457135716,,0.1841178956913364,-0.5758032748605071,-0.7836125940275481,-0.0409819365129261,0.8678940166687399,,-0.3721447149425933,,-1.589423107891189,-0.213926586433446,-0.8362161760224295,0.177808784218262,-0.3833946977065037,1.0559817189607317,0.0208925935722851,0.0538252450758172,-0.5983893756659894,-0.2766674723625122,-1.6292535509217283,-0.0938765689062312,0.0,-1.0213557993730409,0.0,0.0,0.0,-0.0592275096195996,0.0,0.3833137812108296,-0.6795399633790914,0.0,0.6790672517606449,0.0,-0.0258603317843598,0.0,0.0344508454444876,0.0,-0.0085420680796403,0.0,1.235835034736977,0.0,0.0,0.0,0.0435325107444891,0.6495089603643495,-0.0703550104414835,-0.5096975183305132,,0.0,,,0.8671710186149308,-0.8228193372599215,0.0,0.3241221327236333,-1.834307322103816,-2.463448275862069,0.2226775447354369,1.5998985801217038,,,2.480909090909091,,1.2690217391304348,0.8041159934750081,0.0169508634296966,0.0,0.0,4.036363636363636,-0.5913129318854886,-0.52,0.7454277326448894,0.0,0.0,0.0,0.0,0.1579146203248961,,,,0.0,0.0,0.2773236451710566,11.002750687671918,2.0027057798165138,,0.1041741897437381,,1.8532963035572367,,,0.0,0.848005112150991,-0.2973148914152004,1.7708278349857904,0.821917808219178,-0.0293015332197615,,0.0,0.0,0.0,0.3266184240232962,8.503642526265658,11.247024833150054,4.294096899625114,-0.5683974917608696,0.0,642308488.07,0.2994096082873976,0.0,3.7271,-0.0637766188613646
2019-03-31,8.446858988299207,16.257381071646183,,2.101064362474817,8.130019586273601,6.862305413727473,-0.1491625133160393,0.151398364080606,-0.3255587283179205,,0.1841178956913364,-0.5758032748605071,-0.7836125940275481,0.5142709115570225,9.672865549523571,,-0.3724037121817476,,,-0.213926586433446,-0.8362161760224295,-1.0454446607967058,-0.04728235877782,-0.3085559584316438,1.156161761109266,3.579854967153665,-0.5983893756659894,-1.9198346928843488,-1.6292535509217283,3.7645442312386135,0.0,-1.0213557993730409,0.0,0.0,0.0,-0.7060542594125956,0.0,-0.0170994024853976,-0.6795399633790914,0.0,0.6790672517606449,0.0,0.8686089692988105,0.0,-0.8553926666847542,0.0,-1.4251123956326268,0.0,-0.0468568677630224,0.0,0.0,0.0,-0.9750450575350064,-2.018026759758953,-1.5906497249919116,-0.5096975183305132,,0.0,,,5.461863995076246,-0.7624262583737383,0.0,0.133590879027984,-1.834307322103816,-4.983235657250575,0.2226775447354369,3.203270075633874,,,1.125909090909091,,3.873134154130435,-0.0103078397610327,1.561498806764428,0.0,0.0,0.4290909090909091,-0.069101678183613,-0.52,2.109391636549316,0.0,0.0,0.0,0.0,,,,,0.0,0.0,0.2101527062185891,11.002750687671918,2.383437168944954,,0.0537195343156647,,1.7160426681362346,,,0.0,1.4504796391832817,-0.2973148914152004,5.132041192320504,,,,0.0,0.0,0.0,0.3266184240232962,7.825080950116324,10.448171748293914,3.933385430731252,-0.531293376,0.0,594739637.49,-0.4776879280141902,0.0,3.4798,-0.0312339697919635
2018-12-31,0.3998117980562112,-0.2493482309124767,,0.4216610145364657,0.4470132186250881,0.1313284231335049,0.4413339125540062,-0.6515294052086403,-0.3256087158210447,,0.2094249371309823,4.47633412874328,0.0648722544573003,-0.1621871780094654,0.0598333126010697,,0.0277881498400234,,0.5360056266588655,-0.1745947925151891,-0.6664090958082536,0.4703114442204809,0.3338811822060638,1.0292260782275475,0.0,-0.0538252450758172,5.624370239588762,-0.407291971452924,-0.1740707162284678,0.2089701906334416,0.0,-0.4586598746081505,0.0,0.0,0.0,-0.3631581510885977,0.0,-0.0003393774539086,-0.6795399633790914,0.0,0.6790672517606449,0.0,0.0217694660814203,0.0,-0.0129326327403615,0.0,0.3196531791907514,0.0,-0.0014708001806225,0.0,0.0,0.0,-0.9750450575350064,0.454056984420969,-0.1936233418629959,-0.5096975183305132,,0.0,,,1.683584792492712,0.2286818927496693,0.0,-0.9336495157440136,-1.0420743748779648,-0.9298112769747128,-0.9266812044540478,-0.2876954351064908,,,0.1593426348818181,,-2.1787038560869565,-0.0037093100057459,0.0187325046270644,0.0,0.0,0.4290909090909091,-0.0785813332379072,1.336473181871126,0.2206085880107888,0.0,0.0,0.0,0.0,,,,,0.0,0.0,-0.488041174689676,19.04731717429357,2.006146146788991,,-0.3990801735109492,,0.4553049269252601,,,0.0,-0.601947129310752,-0.2511393024994678,2.2385712564580484,-0.410958904109589,-0.0258943781942078,,0.0,0.0,0.0,-0.2938790362030771,-0.5895570724121421,0.5121393472119112,-0.6272150133771551,-0.4286729867173913,0.0,190425553.43,-0.3535987404507429,0.0,3.3994,0.0387127140083544
2018-09-30,0.7885201289430978,4.33771107095717,,0.0183799515813021,0.8180163163062462,0.4581757584065833,-0.0579151388774189,3.4947474636010543,-0.3230207890587353,,0.4984323592186065,-0.6461006242879873,0.198657432,0.5758620119893121,0.4027610997213584,,3.5194232787710806,,,-0.213926586433446,-0.7226601845601011,,-0.1307198885886892,-0.1737601901136916,-0.293680181688448,-0.9086940665591918,0.5674678424691814,-2.426426223250347,-0.4411406415714717,0.2736016519632885,0.0,0.9886989198413012,0.0,0.0,0.0,-0.7060542594125956,0.0,-0.0170994024853976,-0.6795399633790914,0.0,0.6790672517606449,0.0,0.8686089692988105,0.0,-0.8553926666847542,0.0,-1.4251123956326268,0.0,-0.0468568677630224,0.0,0.0,0.0,-0.9750450575350064,-2.018026759758953,-1.5906497249919116,-0.5096975183305132,,0.0,,,0.9267413161979844,0.2308678698531686,0.0,-0.9417690724850968,-1.0514962188243382,-0.9395212280367816,-0.9323371031235952,-0.2899607000912778,,,0.1629400745136363,,-2.185920779782609,-0.003676661444585,0.0270669394984027,0.0,0.0,0.4290909090909091,-0.0786599855972359,1.3468444711518397,0.2286924762736564,0.0,0.0,0.0,0.0,,,,,0.0,0.0,-0.5694459077444747,12.737613668417104,1.592989059793578,,-0.4580520170603631,,0.3044784842194891,,,0.0,-0.239647383962126,-0.2905746389802032,0.5909692000878792,,,,0.0,0.0,0.0,-0.1247784772949012,-0.6124878445555365,0.4949806286975706,-0.6104103363766785,-0.3089931244130435,0.0,127344292.66,-0.5342751600992537,0.0,4.7957,-0.1191689533516267
2018-06-30,0.3739496297100006,-0.247486033519553,,0.6707565197735311,0.4148407075663282,0.2181250395365943,1.0791020184583304,4.287523812593843,0.6670431212196951,,0.2140095460874398,11.939089691013644,-0.1312709962314048,-0.2124599058114016,0.269560890658042,,1.7025490573113833,,0.6728854041260653,-0.213926586433446,92852.1870343494,0.6058587519651573,-0.3908863582729864,0.9370677601465812,-0.0234566444127264,1.1507219478113155,13.630505955797236,-0.3430992150826262,-1.6292535509217283,0.3635346424689538,0.0,-1.0213557993730409,0.0,0.0,0.0,-0.7060542594125956,0.0,1.036484850195026,-0.6795399633790914,0.0,0.6790672517606449,0.0,-0.0216846184964704,0.0,0.0302967270490987,0.0,0.4871547848426461,0.0,1.1253066491110637,0.0,0.0,0.0,0.0802717315957299,0.4281230640875352,-0.1441218859378217,-0.5096975183305132,,0.0,,,6.854102714066726,-0.6060795640544719,0.0,-0.2837924260103631,-0.1679844161842557,-0.0991707870436781,-0.9356369368813718,-0.4683421721602434,,,-0.4864656339954545,,0.181893166521739,-0.0108114714074665,-0.3677472178649949,0.0,0.0,0.4290909090909091,-0.0695143764165844,0.1147002318920847,-0.3992040822728588,0.0,0.0,0.0,0.0,,,,,0.0,0.0,0.1755979412655162,23.61927605901475,1.932751651376147,,-0.1322171937764991,,1.7190035735666982,,,0.0,0.673557733100125,-0.1762718855563271,1.6007393180867877,1.0091324200913243,-0.035434412265758,,0.0,0.0,0.0,1.1683259445057317,1.631855858629074,25.904854387584408,0.5021638995650455,-0.2457073801521739,0.0,610219225.47,0.0635521454008454,0.0,4.1467,0.0450840008506416
2018-03-31,0.9383185082426688,4.583837780592178,,-0.0699510635680862,0.9496808772930264,0.7480129141274365,-0.0042439660025368,2.198418850173784,-0.3218540203454136,,0.6464126726913539,0.3594431737475559,0.0188743020165289,0.7070934365567607,0.8184147826147529,,0.652880942973775,,,-0.213926586433446,2100232.39885374,,-0.0057708482140064,-0.3085559584316438,-0.355612140870206,-0.7611192551565386,1.8763237525412129,-2.4092773788708386,-1.6292535509217283,0.7696747494882422,0.0,-1.0213557993730409,0.0,0.0,0.0,-0.7060542594125956,0.0,-0.0170994024853976,-0.6795399633790914,0.0,0.6790672517606449,0.0,0.8686089692988105,0.0,-0.8553926666847542,0.0,-1.4251123956326268,0.0,-0.0468568677630224,0.0,0.0,0.0,-0.9750450575350064,-2.018026759758953,-1.5906497249919116,-0.5096975183305132,,0.0,,,0.7392419249077483,-0.6401812070068754,0.0,-0.2967131419260738,-0.17614251392231,-0.1115754436689655,-0.97093015796297,-0.4925623135243407,0.6710128368841992,,-0.5011248168727273,,0.2719614290217391,-0.0110152010352662,-0.3385039531277664,0.0,0.0,0.4290909090909091,-0.0694816566535044,0.1088944778818283,-0.3847914951665224,0.0,0.0,0.0,0.0,,,,,0.0,0.0,-0.1343876464910686,11.689476679169791,0.6807113008830276,,-0.3569221528943016,,0.850756480794702,,,0.0,0.4144349558147501,-0.2742145059874494,0.3404386463788862,,,,0.0,0.0,0.0,0.6876163819484803,0.4748850025656478,29.36579578492695,-0.0426486850269524,-0.1556421721521739,0.0,302005166.69,-0.2304855385492742,0.0,4.6938,0.0028154372590635
2017-12-31,0.422779462977415,-0.2500931098696461,,2.187155532527538,0.4587059553517797,0.2987613028687017,1.0752423927824608,-1.1133351872067545,0.6867381974506374,,0.1551431670865245,16.91173986480539,-0.1378825664793387,-0.2610677424425001,0.5641248911556164,,0.2598218738988807,,0.1170596059149295,-0.1784320407023361,-0.5355971091342598,0.566481260762735,0.4078866399641565,0.4799979086403873,0.073880030423197,1.2135734370784697,14.055461793780088,-0.2989810067805666,0.3268661226956784,3.1691185482130857,0.0,-0.1242163009404388,0.0,0.0,0.0,-0.148653256051824,0.0,-0.0002871655379227,-0.6795399633790914,0.0,-1.4848208899486834,0.0,-0.0527024713374252,0.0,0.0611541696435838,0.0,2.694568556985228,0.0,0.0031567610863581,0.0,0.0,0.0,1.7021309100845694,0.4770883708205079,-0.1012088590840907,0.6860159616469261,1.161013702657166,0.0,,,0.8671710186149308,0.1396308124749587,0.0,-5.295454844092874,1.6968030250945343,-1.0905747126436782,0.2247885854785232,-0.5644016227180527,0.9473754956650312,0.6859027205276175,-0.0404545454545454,,-0.7907608695652174,-7.426174668434869,0.986121829173052,,-1.4319840743198406,-1.5054545454545454,6.683119447186575,-0.9948717948717948,0.683308754924482,,,,,,,-0.3929423355945115,0.0397022332506203,0.0,0.0,-0.0036330608537693,0.0,1.001558990825688,,0.8110092028074278,-0.7806354009077155,1.4758751182592242,1.060006524017089,-0.5497076023391813,0.0,0.5670768653677782,1.494981057676502,0.0415945798459281,-1.9223744292237444,,,0.0,124889860.66,0.0,-1.847531605061132,0.9276285582421876,-0.944166181704582,-0.3762594125590616,-0.0108695652173913,0.0,4933149495.86,5.2082363146743385,0.0,4.3744,0.0721248466044593
2017-09-30,0.4284554523401181,-0.243389199255121,,-0.0908028133244757,0.4674548437345571,0.255362994667157,-0.1913492951286478,3.560987374901292,0.6634940084978755,,0.0201722794084133,0.339215621471435,-0.0695630072506886,-0.2923397542248069,0.829829580793631,,1.3446034337573287,,0.1181430870030604,7.295088459789868,0.277339815439899,0.6852792694325781,-1.5632299982712268,,0.1102983939120851,-1.0615007482841314,-0.3450245095813263,-0.2574579872021575,0.6699304925959504,0.7837062516816589,,,,,,-0.1034533145000243,,,,,,,-0.0657750599614852,,0.0741591527768985,,,,1.1518806043395613,,,,,0.4827801076453256,-0.0615018088767316,,,,,,0.8764954381699301,-0.0955368716933928,0.0,-0.1138807493353306,0.0,-0.0386206896551724,0.2247885854785232,-0.4599391480730223,1.168358088581222,0.9683979115141522,-0.4972727272727272,,-0.970108695652174,-0.0010879473093039,-0.0834282561477494,,,,-0.0809476801579466,0.103901895206243,0.0621189777204074,,,,,,,-0.5584918910265817,-0.5034463744141163,0.0,0.0,0.1053587647593097,21.50537634408602,0.92128376146789,,0.9024840448136628,-0.9803328290468988,1.3566698202459793,0.8923613406470058,-0.7426900584795322,,0.7709763993233358,1.1540130821853074,-0.1284939370530747,,,,0.0,0.0,0.0,0.8283453538120105,0.6572400520349722,-1.0296003956817248,0.3901497933434769,-0.0021739130434782,0.0,620000000.0,0.3369179854076395,,4.062,0.1557507987220446
2017-06-30,0.4751065596021587,-0.2441340782122905,,-0.1288602081252233,0.512807911201382,0.2823949917248988,-0.0954702455545377,3.042916850776274,0.6785402469382654,,-0.0348430280690776,0.166707556541245,-0.0519321532561982,-0.2889575802029304,1.0893145913670854,,1.077744165475394,,-0.1964275889176018,7.354565806690647,0.2861600609168283,0.7043579412264278,-1.7491041712450408,,0.1405718769385364,-1.018031897123504,-0.1268825632683068,-0.1917640922564148,0.6213357509821699,0.7326228188810434,,,,,,0.311334080171448,,1.0484935908717938,,,,,-0.0865324155652894,,0.0948091607655877,,,,1.174787193178821,,,,,0.5295606437165596,-0.0081914173946292,,,,,,0.8423058998015995,0.3307045558617443,0.0,-4.288048215357257,0.3396356136129254,0.2050574712643678,0.2247885854785232,0.890973630831643,0.6731635190536999,1.1942841439956031,1.055,,-0.3614130434782608,-0.0133811372449423,-0.0190958067217199,,,0.4436363636363636,0.0315893385982231,0.4043701226309922,-0.0931784665806111,,,,,,,0.984258707439521,1.38240970499035,0.0,0.0,0.2736905843172873,-23.005751437859463,1.0279351376146788,,0.7505468565142133,-0.302571860816944,1.621570482497635,1.3324299469934744,-0.087719298245614,,1.085887901765808,0.9708958272041692,-0.1001458509032409,,,,0.0,0.0,0.0,1.1716322005095516,0.5220992565245253,-0.8509652210022443,0.3593003286213914,0.0130434782608695,0.0,-504000000.0,0.4095832055405382,,3.4584,0.338885033541522
2017-03-31,0.6058866286682477,-0.1927374301675977,,-0.1748962824791949,0.6381217492363817,0.3853740281353439,-0.0398603968015538,4.762117304653891,0.7333265503624093,,-0.127635513347779,0.0302211903189676,-0.0188743020165288,-0.3480204676830652,0.6307998507277025,,1.9414176622077148,,0.52914357976737,7.433709050550554,0.2978966778820971,0.7227710779577013,-1.6886646934316605,,0.2618514816914079,-0.7292587409809962,0.3126034129733362,0.1948172554607096,0.7098216983983077,0.6203536728614929,,,,,,0.2982806487750231,,1.1057178507923917,,,,,-0.1911252456413341,,0.1988610842309304,,,,1.2380797712571852,,,,,0.6607035489423648,0.1881525927233154,,,,,,0.8376436900240999,-0.4041944571643542,0.0,-0.4949432567266292,2.6524578893090407,1.8758620689655168,0.2247885854785232,-0.2018255578093306,0.7573089589354123,0.6881011266831547,-1.1822727272727274,,-0.2907608695652174,-0.0133811372449423,-0.6909860851691337,,,0.4436363636363636,1.826258637709773,-0.0222965440356744,0.0310594888602037,,,,,,,-1.291571962638134,-1.333884753239592,0.0,0.0,0.0036330608537693,11.502875718929731,1.0061461467889907,,1.2126090019438684,-0.2239031770045385,1.1655629139072847,0.9342726364895266,-0.0116959064327485,,0.580670167631482,1.500841851754846,-0.3552786262517451,,,,0.0,0.0,0.0,0.8547520343272059,0.9330812327445872,-1.3687907772541668,0.4029209126858617,0.0108695652173913,0.0,378000000.0,0.0114241258422773,,3.2785,-0.0565502516394692
2016-12-31,0.6089067070791551,-0.1808193668528864,,1.8158069327534767,0.6449758928967262,0.331126142883413,-0.0283549108526606,-1.3006125172813283,0.7037339485128717,,-0.2281301416733292,-0.4005857263974388,-0.1356787097300274,-0.355617261312237,0.7079238711282498,,0.3539191286820193,,-0.2563802091275099,-0.1520509594157004,-0.7009249913682392,0.5159005960069474,0.43633470238553,-0.0095002343595938,0.2648399271537153,-0.6986647741259951,-0.0504328169457623,0.2246619257826911,0.4330009066183137,0.1216134205563609,,0.0,,,,0.2501582972090984,,-0.0003915893698946,,,0.2345322837641707,,-0.1999009101418621,,0.207591364980601,,,,0.005619869685785,,,,,0.6637320062573397,0.2099620577075796,0.7807706147772138,1.3163085291272325,,,,0.8430829347645161,1.374261154358804,0.0,-4.778611443263297,0.856651770367824,-0.0101149425287356,0.3373939822920935,-0.0197768762677484,0.7446737011895961,0.7738389667491069,-0.0604545454545454,,-4.486413043478261,-5.840353166737522,-0.8758949896539028,,-1.9681486396814865,-0.4290909090909091,-0.1411648568608094,-0.8072240802675585,0.4658923329030559,,,,,,,0.0066600395863476,0.0192996967190515,0.0,0.0,0.0133212231304874,11.502875718929731,1.001558990825688,,0.1069774687331586,-4.895612708018154,-0.8647114474929044,-0.7491644131850597,0.6257309941520468,,0.5987945706497538,0.7438877365696571,-0.4119747985514128,,,,0.0,100000000.0,0.0,0.4850585071144692,0.3125454913342752,-0.1966486403337836,-0.3699300563537881,0.0130434782608695,0.0,437000000.0,0.1585745408590052,,3.4894,-0.057655981279427
2016-09-30,0.6052838687359252,-0.211731843575419,,0.002108003404687,0.6399211209023162,0.351262222324384,-0.0762944356397156,6.598739829057221,-0.3256587033241689,,-0.2494027272312924,0.6613409875160754,-0.162124990721763,-0.3868368814143425,0.7002114690881951,,2.866001718640007,,-0.36870108193041,6.381343735225485,0.1418352377499765,0.4779650974401067,0.4548613764891292,,0.2864133204319107,-0.6614952225827129,,0.2915007569300444,0.3952855847688123,0.4284029959900955,,0.7141457680250783,,,,0.3577029857288977,,,,,,,-0.2141189411627452,,0.2217358668029265,,,,1.2389885844692292,,,,,0.6600991167131807,0.2481396511662107,,,,,,0.8461910746161825,,,-1.2483082138680472,,0.608735632183908,0.3374436538389896,0.3788032454361055,0.5210027555615296,0.7611981313547678,-0.0909090909090909,,0.0570652173913043,,-0.0675789214776264,,,-0.3272727272727272,0.3099703849950642,,-0.217416422021426,,,,,,,-0.1703067265651757,-0.0055141990625861,0.0,0.0,-0.0254314259763851,0.0,0.9144030275229358,,1.454818997531994,0.1633888048411497,1.1125827814569536,0.9971395802533078,0.3625730994152046,,0.5262969585766667,1.7665311833064263,-0.4119747985514128,,,,0.0,0.0,0.0,0.837147580650409,1.1485153331825226,-1.6284038358225634,0.6434312145955441,0.0021739130434782,0.0,0.0,-0.0009830327837473,,2.4668,0.3549537862818225
2016-06-30,0.6080653546736217,-0.1815642458100558,,0.0611547654392001,0.6374541378408936,0.427485098381758,-0.0628713686993402,7.778124930934689,0.7571705893526618,,-0.282411911717787,0.4581706551107438,-0.1643288474710743,-0.3941950018337088,0.4927229754944645,,3.458309111955641,,-0.3340296871102222,6.026398277914386,0.0891982889360434,0.3961042847432399,-1.957250848605696,,0.2931947928271467,-0.6816640327610548,,0.3147556833360896,0.5613780598368087,0.2983647460295071,,0.7141457680250783,,,,0.9758901173834688,,1.1306229347176884,,,,,-0.2198158504379499,,0.2274033142509172,,,,1.237742579076038,,,,,0.6628883196041035,0.2493161563575399,,,,,,0.8562925291340984,,,-3.499643027651122,,0.8717241379310345,0.3374436538389896,-0.0978701825557809,0.5500369648497883,0.5325638911788954,-0.2995454545454545,,-0.2690217391304347,,-0.0011015287595735,,,-1.0327272727272727,2.12142152023692,,0.1242379554408149,,,,,,,-0.0066600395863476,-0.2646815550041356,0.0,0.0,-1.0681198910081744,0.0,0.9488066972477064,,1.0085035069023611,-0.199697428139183,-0.5487228003784295,-0.6408935655918809,0.0116959064327485,,-1.4855117764515018,1.3950870786078444,-0.6529335308250002,,,,0.0,0.0,0.0,0.3178161971848978,0.7515392463705847,-1.2687143358442796,0.3736940149425145,0.0021739130434782,0.0,0.0,-0.9870291596389796,,2.4732,-0.1097363739285136
2016-03-31,0.5377559200679245,-0.1759776536312849,,-0.1638802646869595,0.5605834543032637,0.5095924908054432,-0.0724592736567512,5.483773779759832,0.8004597670582354,,-0.1593610073264655,0.4995266679530449,-0.1753481312176307,-0.5002008347741045,0.5260604552805075,,2.309066152594085,,-0.8447104399825718,5.424909624579092,0.0,0.2541234713936608,-1.804076761618016,,0.3194895762736029,-0.5907478254183186,,0.4110320963781851,0.3331520096705953,0.1807033867868729,,0.7141457680250783,,,,0.5556475573522965,,1.1758384539615183,,,,,-0.2442883181542014,,0.2517492214796258,,,,1.1989173079325288,,,,,0.5923838185373904,0.3069354981028854,,,,,,0.8959213122428452,,,-0.0270072577077557,,-1.423448275862069,0.3374436538389896,0.4553752535496957,0.2857718932723973,0.562242374278648,1.0431818181818182,,0.1059782608695652,0.0907790610797214,,,,-1.0254545454545454,-0.1066140177690029,,-0.1552974443010186,,,,,,,1.1146051964866108,1.3691756272401434,0.0,0.0,-0.4626097487132909,0.0,0.9809167889908256,,0.6759005005538034,0.2178517397881997,0.4427625354777673,0.3946647025170711,0.4152046783625731,,-0.3617987893186509,0.9697236683885004,-0.2985824539520775,,,,0.0,0.0,0.0,0.1901839080281196,0.4557049258188388,-0.8532570479047608,0.1791561398011158,0.008695652173913,0.0,0.0,-0.4136596673617714,,3.2947,-0.1054420736334113
2015-12-31,0.5428542644954854,-0.1525139664804469,,1.4796823898706386,0.5684485523624903,0.4711592432879735,-0.032190072835625,-0.5721607834644088,-0.3252588032991752,,-0.1380884217685023,-0.3571825762164251,-0.1246594259834709,-0.4639166855858845,0.1566115188456275,,-0.0120905125644417,,0.330866540639421,-0.1539695835092739,-0.6522002482093957,0.4504563148536257,0.4474709545789503,0.0008150560927053,0.2619575803468744,-0.623515234831351,0.7132641253757813,0.3576017403030264,-0.3732849803566032,-0.0142845289755008,,-0.524294670846395,,,,0.5061614144464468,,2.610595799297348e-05,,,0.0313887079248737,,-0.2508700665295974,,0.2582969320418788,,,,0.0036416755563886,,,,,0.5974963078092399,0.2542133592164475,0.78753880428652,1.3274010167322374,,,,0.9153471863157604,4.019897601252759,0.0,2.5066948740522714,-2.9054657958061187,-0.4781609195402299,-0.4745371232723615,-0.0040567951318458,0.2650715773909537,0.2921132179170101,0.1218181818181818,,0.4864130434782608,4.1376910412969,0.7940067605249337,,-1.0,0.0945454545454545,1.6544916090819348,0.4858862876254181,0.8075467103652969,,,,,,,0.0789690408095507,0.2343534601599117,0.0,0.0,0.0121102028458976,0.5431357839459865,1.0279351376146788,,0.6447678013690269,-5.6580937972768535,-0.5619678334910123,-0.3929183985236327,0.8830409356725146,,0.5285625089539506,1.2580747370430096,-0.1993641524276592,,,,0.0,1359000000.0,0.0,0.4454484863416759,0.7346466469317788,-0.7702419845469409,-0.4019419925458442,-0.0021739130434782,0.0,-431000000.0,-1.7053788262482954,,3.3965,-0.0775798616222582
2015-09-30,0.5772241381364557,-0.0936685288640595,,,0.5927432489544905,0.6232372131298272,,,0.8627441959510123,,0.0042178402399409,0.3579516097655134,-0.2855409686831955,-0.4632938067212704,0.254384873740515,,,,0.3099192396022242,,,0.4876153558474609,-1.9313337525919176,,0.2910020872808383,,,0.3542687038050046,0.357570262919311,0.4275413939959296,,,,,,0.6248112610199211,,,,,,,-0.2634881145199975,,0.2708497252192368,,,,1.2151603370015007,,,,,0.6319615372108462,0.2580664137180505,,,,,,0.9114620115011772,,,3.5804676994774627,,-1.4197701149425288,,-0.7540567951318459,0.6419786275959406,0.2709535586699643,-0.3318181818181818,,-0.6820652173913043,5.522592646686173,-0.1151269254879956,,,-0.4,-0.1085883514313919,,0.5901302883438708,,,,,,,0.061843224730371,-0.3121036669423766,0.0,0.0,-1.3224341507720254,0.0,0.9419259633027522,,-0.6093150194602115,-0.659606656580938,-0.8457899716177862,-1.0477823960630206,-0.4327485380116959,,-2.02018166549052,-0.3305911777933518,0.0982907521455957,,,,0.0,0.0,0.0,0.0053371444217512,-0.6874322463312393,0.4148871714877023,-0.490279843355737,0.017391304347826,0.0,0.0,-1.3476288184377172,,3.4445,-0.0521991580780955
2015-06-30,0.7023156603412515,-0.0087523277467411,,,0.7133774490173069,0.7104935573740345,,,0.9103822864283928,,0.133687197170303,0.8746124411572533,-0.2811332551845729,-0.3541561155644039,0.5922378405274288,,,,0.3326723424529724,,,0.6452362431675797,-2.170256981468934,,0.2818864444653385,,,0.3142977088554454,0.1598065880930795,0.6141005688303715,,,,,,0.9462763625736692,,1.290652457214616,,,,,-0.276857669691382,,0.2841501391237764,,,,1.2760893584577289,,,,,0.7574001132737258,0.2549339686461366,,,,,,0.9052457317978444,,,0.7345089330687796,,-0.0698850574712643,,-1.2393509127789046,1.2761610323274413,0.6562242374278648,-1.1245454545454543,,0.4646739130434782,1.336534049587505,-0.0149379979265909,,,,-0.244817374136229,,0.5280113106234633,,,,,,,-1.2839604888251654,-1.2726771436448856,0.0,0.0,-0.1719648804117469,0.0,0.9476599082568808,,-0.4933186692157741,0.6172465960665658,0.8571428571428571,0.8923613406470058,0.8011695906432749,,0.1728710997203668,-0.3285073398988296,-0.6104114016002494,,,,0.0,0.0,0.0,0.339821764280894,-0.5842590915309377,0.4152691426381217,-0.4040905046815631,0.0195652173913043,0.0,0.0,-0.053060008563034,,4.3445,-0.0729658188514213
2015-03-31,0.9624316861355736,-0.0225325884543761,,,0.961461843580685,0.9320823767929386,,,1.0294525188702823,,0.094993097577801,1.5557178911106204,-0.2635024011900825,-0.2976138500317261,1.1776340340838414,,,,-0.4781326718316278,,,0.6572158742939503,-2.2452748257900645,,0.4127679775379314,,,0.6280611141501393,0.1883348443638561,0.553235837617242,,,,,,1.137207150163168,,1.4150212410931415,,,,,-0.3793535523108088,,0.3861159595923055,,,,1.401389972971992,,,,,1.018237804842916,0.4708962028294949,,,,,,0.9013605569832616,,,1.4155946546128273,,-0.1186206896551724,,1.289553752535497,0.5696619396464816,1.304479252541907,0.8336363636363636,,0.3070652173913043,2.158241597860412,,,,,-0.1085883514313919,,-0.1242379554408149,,,,,,,0.795399013455234,1.1144196305486629,0.0,0.0,-0.1235240690281562,0.0,0.9258709174311928,,1.6988320451964585,0.4417549167927382,0.9933774834437086,0.9674524123648556,0.631578947368421,,0.2748208666981456,2.0412070657781336,-0.1426679801279916,,,,0.0,0.0,0.0,0.661103043882439,1.3655531614152816,-1.9010039135052204,0.6745431041633714,0.0130434782608695,0.0,0.0,-0.1539735602023973,,4.5792,-0.0832896575821104
2014-12-31,0.6024207590573936,-0.0575418994413407,,1.7246414521765825,0.616821766618428,0.6439249659801397,0.0831112731084022,-0.8673468218693247,0.8726917090727319,,0.0377771778012104,0.2795440727831838,-0.3075795361763084,-0.3827736155498507,0.5245677323050131,,0.1362253345973704,,0.360842850744375,-0.1525306154390938,0.4593290518066484,0.6237172761442841,0.4664025833077647,-0.1790200555823662,0.2297654799674033,0.7772601649163087,3.634570605221736,0.2229572429936265,-0.3317014203686914,0.7578289888083011,0.0,-0.3121081504702194,0.0,0.0,0.0,0.5837026934878964,0.0,-2.610595799297348e-05,-0.6795399633790914,0.0,-0.356896146267371,,-0.2459549671442878,,0.2534072513181337,,,,0.011849896651741,,,,,0.6572280636245558,0.1981381805347216,-0.0223878736604624,0.0,,,,0.902137591946178,0.3840278746419587,0.0,-0.4333408179703822,4.227530500543142,0.2133333333333333,0.7302311804994475,0.8250507099391481,0.1094159553733449,0.5823028304479253,0.5186363636363637,,-1.1494907276086956,-0.0146741392035233,1.9132055229450204,0.0,-2.2022621135235565,0.0509090909090909,1.3504442250740376,-1.4013909783464882,0.7764872215050931,,,,,,,0.7801760658292964,0.7162944582299421,0.0,0.0,-0.0121102028458976,4.7155337634408605,0.9316048623853213,,0.6591922179797342,-4.689863842662632,-1.403973509933775,-1.335922554980351,0.327485380116959,,0.5172347570675309,1.367866946110648,-0.1993641524276592,,,,0.0,127087872.19,0.0,0.7051141780744316,0.822530930088098,-0.7861574491477499,-0.3592188381602484,0.0021739130434782,0.0,927136286.61,0.6055862161202414,,4.3309,-0.0090512364635526
2014-09-30,0.4418040733413427,0.3156346368715084,,,0.4693114392343906,0.4250025680397205,,0.0869793115005276,0.754021376655836,,,1.1530218325404915,,-0.4746162309425263,0.1299912924493096,,-0.3432746095878254,,0.8939155461047625,-0.1002481088892157,,0.6115157999970545,-0.3392546435580381,,0.1522250459306108,,,0.176727263475263,,0.8348976662427207,,,,,,,,,,,,,-0.2396883669415627,,0.247173059125344,,,,0.0003532489516779,,,,,0.4961657630541336,0.1480925909585576,,,,,,0.9036916618720112,,,0.0426176804243371,,0.3770114942528735,,0.6582150101419878,-0.2623832246790779,0.1118439131629568,0.19,,-0.4157608695652174,0.4351912169115333,-0.2049398219520263,,,-0.3636363636363636,-0.1095755182625863,,-0.217416422021426,,,,,,,0.3106432749917869,0.3352633030052385,0.0,0.0,-0.6067211625794732,0.0,0.851329633027523,,0.4726364298145871,-0.3630862329803328,0.1967833491012299,0.0,-0.1461988304093567,,-0.3685954404505028,0.7645958756464715,-0.4686709708510804,,,,0.0,0.0,0.0,0.0713538457097399,0.2749113457490874,-0.6383346139354357,-0.0049520517794893,-0.0043478260869565,0.0,0.0,-0.2089054673608034,,4.7466,-0.0973117599966291
2014-06-30,0.2953082947898044,0.043389199255121,,,0.3311540295909532,0.277613822177271,,0.0301709486767455,0.6743412966758311,,-0.0042178402399409,1.3998130859990454,,-0.5401698654698078,-0.1620848364224406,,-0.3147313204010678,,1.0849693779785057,0.0,,0.5399707807701182,-1.5169639323403807,,0.1396700383670708,,,-0.0224661925782691,0.2040495618011484,0.9202209181175852,,,,,,-0.1617066874482489,,1.0441077899289744,,,,,-0.1751375364200682,,0.1829560561800801,,,,-0.0023892474549851,,,,,0.3492635466861616,0.0156916379893526,,,,,,0.8990294520945117,,,,,-0.0045977011494252,,0.2388438133874239,-0.4118556354593722,-0.2682055509755427,0.0654545454545454,,-0.0625,0.0684976543213769,0.1169179003057195,,,,-0.1954590325765054,,0.217416422021426,,,,,,,0.0109414936061425,0.1764543700027571,0.0,0.0,-0.1077808053284892,0.0,0.8375681651376147,,0.7971858035555001,0.0302571860816944,0.9385052034058656,0.798060925001334,0.2339181286549707,,0.3223974246211091,1.0628451742999612,-0.7521518323494185,,,,0.0,0.0,0.0,0.6038885694328489,0.5635823488172891,-0.9432749156869366,0.3918282290625657,0.017391304347826,0.0,0.0,-0.3930960648326402,,4.9697,-0.0855182405376581
2014-03-31,0.2031613701360081,-0.0109869646182495,,,0.2405623423251013,0.2383530645457889,,0.0801840527895489,0.6145562429392651,,-0.0192553576171218,0.9931171362129696,-0.3208026766721762,-0.5813671900013389,-0.3446946137579301,,-0.3398603405463472,,0.9509788834129884,-0.0882567083043813,,0.4174014067456768,-1.7818042572311747,,0.1062135956766235,,,-0.0841655323317261,0.0529465095194922,0.7546891464699684,,,,,,0.5137596804831718,,0.9816623384097818,,,,,-0.1520165695212323,,0.159954660420416,,,,-0.0053469045867611,,,,,0.2568609696496299,-0.0307656107532574,,,,,,0.8959213122428452,,,,,0.5462068965517242,,0.6394523326572008,-0.7737079104778547,-0.4209947787853806,0.1831818181818182,,-0.0570652173913043,,,,,,0.3968410661401776,,-0.1242379554408149,,,,,,,0.1103663702880468,0.3253377446925834,,,-0.0387526491068725,,0.8020177064220183,,0.6137553056560063,0.0363086232980332,1.1428571428571428,0.988408060286116,0.239766081871345,,0.4696581991445673,0.8565452227422635,-0.0292756355286563,,,,,,,0.6390974767864428,0.4004297744905943,-0.7407028822478393,0.2626418087693352,0.0,,,0.2502280468845913,,5.1242,-0.102025682057687
2013-12-31,0.1548652305586709,0.0087523277467411,,0.990466933060314,0.1835546873541841,0.3553078273262229,-0.222030590992363,-0.8159746660143254,0.6563957830542364,,0.418483105545448,0.2921525588992184,-0.3185988199228649,-0.5715350180169166,-0.6992163204378654,,0.1104134606437954,,1.1084448015546746,-0.1304664383629984,0.0179961460134122,0.3076990439310411,0.5999363709725039,0.0239259839882354,0.0567893053384627,-0.1031415132253979,-0.6988547491055636,-0.1469589222333888,-0.3573284980356603,0.4277009367506617,,-0.3581504702194357,,,,-0.6055233549266962,,-7.831787397892043e-05,,,-0.2130425541553072,,-0.1290410556251676,,0.1370979654466581,,,,0.0,,,,,0.2084308372862474,-0.0880172946263125,-0.0607409475465313,-0.0628574297616936,,,,0.8959213122428452,0.9333217465431451,0.0,2.670985375083768,-1.7119284977655551,-0.0055172413793103,0.412795390480448,-0.2317444219066937,-0.6737011895960751,-0.7908766144545205,-0.3177272727272727,,-1.078804347826087,4.252859791208927,9.61108145041086,,,2.8581818181818184,3.366238894373149,-1.446510590858417,0.3727138663224447,,,,,,,-0.254984372734453,-0.2911497105045492,0.0,0.0,-0.254314259763851,-0.0120030007501875,0.8857333027522936,,0.5602647607246336,-6.148260211800302,-0.9403973509933776,-0.8521963487979234,0.5146198830409356,,0.0799835342517239,1.2057183099431394,-0.4403228847012466,,,,0.0,0.0,0.0,0.8151420135544126,0.6681454010397709,-0.7059435075596724,-0.3970123978090447,-0.0130434782608695,0.0,1004000000.0,1.0679089079755466,,5.2801,-0.1149788829757012
2013-09-30,0.1590908288342232,0.0247672253258845,,,0.1856401781896136,0.3872129394998161,,0.0823585355770621,0.6746912091977005,,0.3253238515502299,0.4999741115028857,-0.3163949631735536,-0.6179482253773656,-0.5892523945764399,,-0.3409529066396202,,0.9993743720161672,-0.0920939564915283,,0.3232281953911513,-1.3977047952144803,,0.1029864282395164,,,-0.0908061623010673,0.2654578422484134,0.5810975024328492,,,,,,-0.5104476158004968,,,,,,,-0.1497741690618433,,0.1577238566376963,,,,-0.0080476533900441,,,,,0.2126681590595907,-0.0490602664784258,,,,,,0.902137591946178,,,3.114739234984166,,-1.266206896551724,,-1.0177484787018256,-0.1569997983735466,-0.688650728222039,-0.5940909090909091,,0.1657608695652173,4.751477721593386,-0.210222933508734,,,0.2472727272727272,-0.104639684106614,,-0.2484759108816298,,,,,,,-0.6441209714224801,-0.6153846153846154,0.0,0.0,-0.4480775052982137,0.0260065016254063,0.8650911009174312,,0.7565570301020079,0.2844175491679274,0.4370860927152318,0.408635134464578,0.47953216374269,,-0.268911223850008,1.0552912619323185,-0.5253671431507481,,,,0.0,0.0,0.0,-0.1222951447350269,0.5274450158406031,-0.9334709894928382,0.4332569083857944,-0.0043478260869565,0.0,0.0,-0.3526007465592752,,4.1216,0.1337829968944099
2013-06-30,0.1741598271422847,0.0951582867783985,,,0.1960104085328621,0.4576432447591026,,0.0195703450876187,0.7132815616095975,,0.3355933756126949,0.0631696498642786,-0.1863674149641872,-0.6459952381783995,-0.1076004478168926,,-0.3094050606963618,,0.7978468896238256,0.0187065849123416,,0.4760794147628076,-1.9816493647749165,,0.1535954868970535,,,0.0,0.3184043517679057,0.7170220029134925,,,,,,0.6012371535726463,,1.084780872482027,,,,,-0.1588286184843494,,0.1667314805603538,,,,-0.0043642302302753,,,,,0.2277789647891952,0.0318979969999117,,,,,,0.6185198304816174,,,0.5641871323513309,,-0.7126436781609196,,-0.2626774847870182,-0.0405941259493245,-0.1604836493542182,-0.0740909090909091,,0.3125,1.072322664895798,0.4659942133036233,,,,-0.7068114511352419,,0.3105948886020372,,,,,,,-0.1198807125542577,0.0055141990625861,0.0,0.0,-0.2942779291553133,0.6506626656664166,0.8742654128440367,,0.0284846016765601,0.4478063540090771,0.6792809839167455,0.679312253447525,0.6374269005847953,,-0.008372930462351,0.2498879156994882,-0.4970190570009142,,,,0.0,0.0,0.0,0.3662284447960895,-0.1201402677090625,-0.1476290093632918,-0.1373997945758756,0.0,0.0,0.0,-0.0858635573377852,,3.6681,0.2720492160278746
2013-03-31,0.2556893867381927,0.0810055865921787,,,0.2624409214858114,0.6908172057741817,,0.0,0.8380503694076481,,,0.2433817212780678,-0.1731442744683194,-0.648894244482865,0.0175394949620599,,-0.2995719658569047,,0.7631754948036377,0.0532418185966648,,0.5212248765075566,-0.2167558694304153,,0.2024450761847706,,,0.1261465263907794,0.3338773043215473,0.7471135918336868,,,,,,,,1.2151018147829509,,,,,-0.2070584099865607,,0.2147118494870658,,,,-0.0032884266047107,,,,,0.3095347199554097,0.1122091826230183,,,,,,0.3317939291653902,,,,,0.112183908045977,,-0.6100405679513184,0.2599637072383897,-0.0414949161857653,-0.7168181818181818,,0.154891304347826,,,,,,-0.069101678183613,,-0.3105948886020372,,,,,,,-0.760671664183564,-0.7631651502619244,,,-0.3463518013926733,,0.8295406422018349,,1.4037325220357393,0.2723146747352496,0.6376537369914853,0.5902507497821682,0.4678362573099415,,-0.0672772402717343,1.7455625644927968,-0.2135381955025761,,,,,,,0.3486239911192925,1.1030763789958613,-1.6076500699831084,0.7475933688065348,0.0021739130434782,,,-0.1950497214813784,,3.2136,0.4614542611415169
2012-12-31,0.2333307604986063,0.1111731843575419,,0.3706459319724982,0.2330723782881015,0.7880036713865392,,-1.1810159639681026,0.8914870102474381,,0.3473299745412263,-0.0334242771065049,0.6224480120330579,-0.74026533475373,0.2864784177136459,,0.2938279935520033,,-0.0425732744030184,0.0287793614036026,,0.393663989513794,-1.8233121063157407,0.0350974549439964,0.205097542571434,,,0.1716386581347717,-0.2872166817769719,0.4082343500529241,,-0.1600705329153605,,,,0.2733427499878233,,-0.0004438012858805,0.506240722883734,,-0.0313887079248737,,-0.2787849219781002,,0.2860674245370329,,,,0.0067374209147297,,,,,0.287114061954109,0.1544016000470602,0.6769917089678511,1.146223719183826,,,,0.3317939291653902,,,0.3415721675448624,,1.5144827586206897,,0.9031440162271804,-0.2247462867128167,0.2830447925254191,-0.1572727272727273,,0.6929347826086957,0.9977767611260868,0.5608471981927532,,,,5.263573543928924,,0.3105948886020372,,,,,,,-0.3073132551986131,-0.0953956437827405,0.0,0.0,0.036330608537693,0.0165041260315078,0.9006415596330275,,-0.2835636110017397,0.8714069591527988,1.1201513718070009,1.2084423634593504,1.046783625730994,,0.6373089270635814,0.7786617814344963,-0.3411045831768283,,,,0.0,0.0,0.0,0.7799331062008187,0.3431232346222402,0.2191906187561545,-0.1547928045687727,0.0152173913043478,0.0,0.0,0.2728210796727389,,3.4435,-0.086946420792798
2012-09-30,0.2531464932737073,0.1387337057728119,,,0.2540290179026613,0.7750393462670099,,-2.9195149525849,0.1131315991002249,,0.2400501249601189,0.323163811970776,0.8009604087272728,-0.734199542445993,-0.172036322925737,,1.1673345851237815,,0.0397712882949275,5.205227165864925,,0.2145241351703797,-0.2186794039001879,,0.5550109083000658,,,1.1625936621420483,0.3101843457237836,0.3544211478307045,,,,,,0.321659928888023,,,,,,,-0.0517449057358482,,0.0602015561363684,,,,-0.0466609751625465,,,,,0.306984771488539,0.7000794141004147,,,,,,0.3131450900553917,,,,,0.1480459770114942,,-0.5299188640973631,0.0333355736272599,-0.2297334432536411,-0.6363636363636364,,,,-0.51664340379778,,,2.130909090909091,-0.0868706811451135,,0.2484759108816298,,,,,,,-0.6208108328702634,-0.6754893851668046,0.0,0.0,-0.0811383590675143,0.6431607901975493,-0.0592208256880733,,1.0380735609543108,,0.8571428571428571,0.4924577261496196,-0.5380116959064327,,0.4220816412216039,1.320850353615491,-0.0434496786035732,,,,0.0,0.0,0.0,0.5642785486600556,0.7778403822056875,-1.192829400627622,0.4408630904870932,2.341304347826087,0.0,0.0,0.1741376131488775,,2.9195,0.1011452386789478
2012-06-30,0.2199193520044316,0.1651769087523277,,,0.230090380721588,0.6347304091577786,,,,,,0.0377639863119879,0.8869108219504133,-0.760086853763178,0.0585893767881577,,,,-0.3791747324490084,,,0.1886791902403391,2.110720838994416,,0.5545334643504664,,,1.139949368376862,0.2881837413115745,0.2940642035130224,,,,,,,,,,,,,-0.0469510171861813,,0.0554324594008784,,,,1.0319943328482888,,,,,0.273665444854761,0.7006235477514045,,,,,,0.2875029362791437,,,,,-0.3144827586206896,,0.0,0.0104845755763156,0.0340752954108271,0.0,,,,-0.1521087063849494,,,,-0.3405725567620928,,-0.0621189777204074,,,,,,,0.1018034622484569,0.1020126826578439,0.0,0.0,-0.2204056917953375,0.0,-0.0592208256880733,,0.1930431545103785,,0.6395458845789972,0.3125884148254678,-0.4678362573099415,,0.161543347833947,0.420241663576678,0.1124647952205126,,,,0.0,0.0,0.0,0.5862841157560519,0.0262266223651478,-0.3123858989108669,-0.2011822385362731,2.291304347826087,0.0,0.0,-0.3382380831476762,,2.2772,-0.0117029862792574
2012-03-31,0.1303592720601858,0.1703910614525139,,,0.1504475203417409,0.474837066016918,,,,,,0.1654004488023679,0.8825031084517907,-0.774820558495311,0.0421694240577186,,,,-0.3080261409950813,,,0.2032100391065851,1.9346668156820723,,0.5064972980879927,,,0.9797855152848984,0.5125415533393775,0.4019893061312541,,,,,,,,,,,,,-0.0087696039587458,,0.0174485031005157,,,,0.9917689113144929,,,,,0.1838568894684781,0.6070766787258449,,,,,,0.2828407265016441,,,,,1.5190804597701149,,0.3336713995943204,-0.1892600309160562,0.010717230008244,-0.5618181818181818,,,,,,,,1.4906219151036526,,0.0931784665806111,,,,,,,-0.6131993590572946,-0.5822994210090985,0.0,0.0,0.0520738722373599,0.0,-0.0592208256880733,,1.4557806253060412,,1.065279091769158,0.7159846373097307,-0.4327485380116959,,0.671292182722841,1.759107510807191,0.1975090536700141,,,,0.0,0.0,0.0,0.4014373521496834,1.149370654673095,-1.621273707681401,0.718581060582224,2.008695652173913,0.0,0.0,0.5318084150950536,,2.8824,-0.1201980947140352
2011-12-31,0.1043589712294847,0.1458100558659218,,-0.7590686113233156,0.12768515085748,0.4232556022434718,,0.6626967333742627,-0.3302075661084729,,0.1470742553231592,-0.6710295664423095,1.160189058865014,-0.8281028972599151,-0.0988928971265082,,,,-0.4998022935942451,,,0.0814171226551492,0.8690287194280585,0.0520431895498413,0.5213069020801966,,,1.0639764906433269,0.2545784224841342,-0.1747186369880793,,0.4960583855799373,,,,,,-0.0051428737246157,0.4589694139571167,,-0.0458009285663938,,-0.0289936318857224,,0.0375679415408824,,,,0.9802722636144297,,,,,0.1577844534158563,0.6474013941586517,,,,,,0.2828407265016441,,,3.636497028150445,,0.0790804597701149,,0.2641987829614604,-0.3521742052557295,-0.1934597416872767,-0.015,,,5.60645064183213,-0.4768034595486473,,,,-0.1125370187561698,,0.5901302883438708,,,,,,,0.1693552923385546,0.0722360077198786,0.0,0.0,-0.5255828035119589,1.2738184546136535,-0.0592208256880733,,1.0735335851222996,,0.162724692526017,-0.123987583534124,,,-0.1193848989492657,1.407069146501347,0.1691609675201802,,,,0.0,0.0,0.0,0.2385961556393113,0.8093803621705465,-1.2608202654022782,0.4199628868461432,1.8847826086956525,0.0,0.0,-0.5811994320059457,,2.0111,0.2511920656112913
2011-09-30,0.0556609916972658,0.3093109869646182,,,0.0883087949312152,0.2797285702464141,,,,,,-0.039370998102843,0.8075719789752067,-0.4594808566621842,-0.2934444582659535,,,,-0.3365578096491942,,,0.0448126942134609,1.719838387005365,,0.1871933944614562,,,0.0815194575546707,0.6430945905107284,0.1903770590320045,,,,,,,,,,,,,0.1727618040414723,,-0.163144106909764,,,,0.9603843476349628,,,,,0.1089513662330177,0.0680314126886084,,,,,,0.2828407265016441,,,3.300759058994608,,0.1489655172413793,,1.3970588235294117,-1.115666375428456,-0.3599890079692223,0.7436363636363637,,,5.027097186545366,-0.4619684822974121,,,,-0.0375123395853899,,-0.0931784665806111,,,,,,,0.9723657796067572,1.0046870692031982,0.0,0.0,-0.649106872540115,-0.7261815453863466,-0.0592208256880733,,-0.4794952699638464,,3.042573320719016,-0.2933790708976457,-9.923976608187134,,3.038792326984593,-0.2623454867477498,0.211683096744931,,,,0.0,0.0,0.0,-0.1178940313158276,-0.5719638451039587,0.5616914169655648,-1.280078393945338,5.586956521739131,0.0,0.0,-0.6851562489686737,,2.0516,0.1802495613179957
2011-06-30,-0.0815045654018642,0.509683426443203,,,-0.034035761944804,0.040394256160353,,,,,,0.1024001718154958,0.6180402985344353,-0.8567203972453619,-1.0079611892026372,,,,0.5547859655198006,,,0.0,1.4563141646465207,,0.3959690237557301,,,0.7779459844543107,0.428649138712602,0.2439580589834068,,,,,,,,,,,,,0.0347026622444913,,-0.0257989442871828,,,,0.8985914719241769,,,,,-0.0285947429207074,0.4283361275331627,,,,,,0.2828407265016441,,,,,-0.2124137931034482,,0.0390466531440162,-1.159217689360844,-1.140423193184941,0.0231818181818181,,,,-0.4284894043625554,,,,0.7423494570582428,,-0.1863569331612223,,,,,,,0.0551831851440234,0.1323407775020678,0.0,0.0,-0.056917953375719,0.7261815453863466,-0.0592208256880733,,0.4369359987030867,,0.8949858088930936,0.5308764140052638,-0.5263157894736842,,0.4673926487672834,0.6669159743407433,-0.0151015924537394,,,,0.0,0.0,0.0,0.5202674144680631,0.2431575354115852,-0.5535370185423252,0.1271060704551068,0.967391304347826,0.0,0.0,0.1985699821214762,,3.4447,-0.1014892443463872
2011-03-31,-0.0479383716706571,0.5588454376163874,,,-0.005010561750488,0.1122037449429937,,,,,,0.3796491639758095,0.6290595822809918,-0.8756745428825903,-1.0487622838661526,,,,0.3131696828666168,,,-0.0923984511876558,1.5353815552198045,,0.4341910643875493,,,0.8836363173763151,0.5091568449682684,,,,,,,,,,,,,,0.0087696039587458,,0.0,,,,0.9132513034188104,,,,,0.0050645768419866,0.4870143239507044,,,,,,0.1934817057662345,,,,,0.1149425287356321,,-0.5278904665314401,-0.902211170105518,-1.18494091783457,-0.6381818181818182,,,,,,,,1.094768015794669,,-0.1242379554408149,,,,,,,-0.6008307141112204,-0.6710780259167356,0.0,0.0,-0.1780199818346957,0.0,-0.0592208256880733,,0.6766217213843387,,0.7057710501419111,0.3475144946942351,-0.5555555555555556,,0.240837611038886,0.939638258786336,-0.1001458509032409,,,,0.0,0.0,0.0,0.4190418058264804,0.4563464169367682,-0.820152881535078,0.276926009399946,0.9521739130434784,0.0,0.0,0.1159758668531818,,3.7993,-0.0693285605243071
2010-12-31,0.0210148530873143,0.8743016759776536,,,0.0579674465572227,0.2112291219198234,,0.405667703493583,-0.3312573036740814,,0.1041623154907162,-0.7839797907691703,1.123029830214876,0.8880563874772242,-0.8136584152257743,,-0.3756418689022361,-1.999998070586374,-0.0548527267351683,,,-0.1006067169594283,0.7024911298082739,0.0688179853398907,-0.8931207523578734,,,1.0413067538514382,0.2835902085222122,-0.2009993350409702,,0.3757370689655172,,,,-0.7830110564512202,,-0.0062393239603206,0.3268091053880407,,-0.0623395060687166,,-0.0300481397379118,,-0.8553926404034741,,,,-0.0468558761097199,,,,,0.0742091053930353,0.5920468249066149,,,,,,0.1934817057662345,,,,,-0.2491954022988505,,-1.172920892494929,-0.30324618589959,-0.9222313822478704,-1.0640909090909092,,,,-0.2502636359970215,,,,-0.4649555774925962,,0.7764872215050931,,,,,,,-1.0422961952634078,-1.2037496553625586,0.0,0.0,-0.2034514078110808,0.5981495373843461,2.7309167889908257,0.0,0.8624562887189503,,3.282876064333018,0.2829012469370155,-8.736842105263158,,0.2612275644344418,1.143724132581104,-0.3269305401019113,,,,0.0,0.0,0.0,0.3662284447960895,0.6216372949898941,0.150563135397466,0.2602069541245219,4.01304347826087,0.0,0.0,-0.0365975096796166,,3.1053,0.1060123015489645
2010-09-30,0.0505061385260498,1.351015270018622,,,0.0825101130961185,0.2881875625229864,,0.3018619723729298,0.5605197520619845,,,-0.0099606718900885,1.4285174335206612,0.6877572285965433,-0.1799975121283741,,,,12.547838130040388,,,4.052553918536621,-0.098002925586034,,-0.5540825450647336,,,4.676479193964914,5.761015412511333,0.078747032279553,,,,,,,,,,,,,0.8640090180861718,,-0.8508165043304725,,,,0.9574555926901424,,,,,0.1037822114396821,-1.4762640077649345,,,,,,0.5042956909328764,,,,,0.7301149425287357,,1.054766734279919,-0.8852745480207003,-0.3099752679307502,0.5027272727272727,,5.600543478260869,,-0.234477698665579,,,,0.5863770977295163,,0.1552974443010186,,,,,,,0.2259656288225096,0.7080231596360629,0.0,0.0,-1.6433545261883136,0.0655163790947736,2.7309167889908257,,3.720654440130589,6.335854765506808,-0.9801324503311258,0.8469574368176083,6.32748538011696,,-2.541258252265833,4.395422927114588,2.848055108679475,,,,0.0,0.0,0.0,-2.635330907097797,3.163866595343856,-4.200852210180528,1.0029206935927624,-0.0652173913043478,0.0,0.0,1.032502126457443,,3.0343,-0.0149952213031012
2010-06-30,0.0614625560458695,1.0716945996275604,,,0.0958369081908143,0.2557307769400515,,0.2740065760545374,-0.3245744743814046,,,-0.9541823097924436,1.277753797157025,0.8125774960269643,-0.7895260604552805,,,,9.674446284317323,,,2.898294275008713,1.693415097710068,,-0.7713637499055747,,,5.028508911420103,0.4119673617407071,-0.221121872410838,,,,,,,,,,,,,0.8344456952729289,,-0.8214060695950488,,,,0.9641865908966598,,,,,0.1147690264389154,-1.5122944792493898,,,,,,0.5369311593753738,,,,,0.0045977011494252,,0.4158215010141988,-1.12857046844546,-0.9049189337730146,0.2854545454545454,,,,-0.2967655839191626,,,,-0.1273445212240868,,0.2484759108816298,,,,,,,0.3249147883911033,0.4427901847256686,0.0,0.0,-0.0423857099606418,-0.6766691672918229,-0.0592208256880733,,-0.1639611566046255,,0.9176915799432356,0.5221448940380718,-0.6257309941520468,,0.4945792532946911,0.0142839937500721,-0.2702343678022437,,,,0.0,0.0,0.0,0.5334707547256609,-0.2913114810098738,0.0844821263749069,-0.4894244065209166,0.932608695652174,0.0,0.0,-0.082218327444964,,2.6747,0.0568288032302688
2010-03-31,0.6323045039995638,1.634134450651769,,,0.6430437237869233,0.7015571837072453,,0.2837526079081715,-0.3228582534366408,,,-0.5831011992486991,1.4252623371019284,1.313339166273729,-0.5294312725463366,,,,,,,,,,,,,-2.1456686300202272,,-0.1205204460085271,,,,,,,,,,,,,,,,,,,,,,,,,,,,,,,0.1484136779170715,,,,,0.0983908045977011,,0.1186612576064908,-1.214328919954298,-1.1536136301181643,-0.0663636363636363,,,,,,,,-0.0296150049358341,,0.4348328440428521,,,,,,,-0.0233101385522167,0.0126826578439481,0.0,0.0,-0.1356342718740538,0.6766691672918229,-0.0592208256880733,,1.2817259982035074,,0.771996215704825,0.3806942705695641,-0.6491228070175439,,0.3201318742438251,1.5907073609561158,-0.3127564970269945,,,,0.0,0.0,0.0,0.375030671634488,0.9945574648794818,-1.4566441418506324,0.6418224017947133,0.9782608695652174,0.0,0.0,0.1829136229246413,,3.4497,-0.0499173841203583
2009-12-31,-0.1903843569269038,0.967411545623836,,,-0.1272279545511762,-0.2062957033835969,,0.4018843752536585,0.0639438960259935,,-0.1573437793856242,-0.966399888341834,1.4905560010137742,0.5963453892410774,-1.041796243313845,,,,-0.0967473288095619,,,-0.2151896702329559,-0.4532493705561398,0.0805869989386929,-0.794652404780479,,,4.139733102649891,0.0203082502266545,-0.4536234340570442,,0.3284469043887147,,,,,,0.406548083824576,0.4074292772246118,,-0.1185560356295014,,0.836457795144597,,-0.8234077638000838,,,,0.8515226547901477,,,,,-0.1377766104861541,-1.5272066825494868,,,,,,0.1484136779170715,,,,,-0.7485057471264368,,-1.697261663286004,-0.3373882653404126,-1.2412750755702116,-1.2381818181818185,,,,0.0425739544797289,,,,4.654491609081935,,1.6461529095907974,,,,,,,-1.3253478776831829,-1.4303832368348497,0.0,0.0,-0.1780199818346957,0.0,-0.0592208256880733,,0.7036675025294148,,0.6963103122043519,0.5553246699134009,0.1695906432748538,,0.2295098591524662,0.9689422291780546,-0.3552786262517451,,,,0.0,0.0,0.0,0.1285683201593301,0.4804023338591183,-0.8494373364005666,0.2308025909706499,7.1326086956521735,0.0,0.0,0.3073583568127384,,3.2471,-0.053031936189215
2009-09-30,-0.2340279432766271,0.9547486033519552,,,-0.1744757667404341,-0.1617940483633689,,0.2881929017602734,,,,-0.6324346116230553,1.5217207393057852,0.5394422032447914,-0.2297549446448563,,,,-1.3958411534784736,,,-0.2521268662059323,1.2336903594344195,,-0.7695600727626436,,,3.901535486661493,-0.0826835902085222,-0.1377383807003049,,,,,,,,,,,,,0.8365426427295468,,-0.8234921725918624,,,,0.8276590824272514,,,,,-0.1815412815805212,-1.4792052707432573,,,,,,0.0691561116995778,,,,,1.1788505747126437,,0.7804259634888439,-0.7739767457490423,-0.3448749656499038,0.0731818181818181,,,,0.061783348099918,,,,0.1411648568608094,,2.9195919528591503,,,,,,,0.2511786358279686,0.1378549765646539,0.0,0.0,-0.6830154405086285,0.0,-0.0592208256880733,,1.7436679401614066,,-0.0946073793755913,-0.4889651181627429,-0.8830409356725146,,-0.7174901985522347,2.1500875957669185,-0.3552786262517451,,,,0.0,0.0,0.0,-0.6152198476853425,1.405432525913222,-2.004263447835269,1.169769826267084,25.71086956521739,0.0,0.0,-0.375918953039283,,4.2856,-0.0661984319581854
2009-06-30,-0.2732073388775871,1.1808193668528864,,,-0.1886482029360814,-0.5306796680764987,,0.2817270771916029,0.0256034811297175,,-0.2383996657357942,-1.1656379339304934,1.4410485629972452,0.4997991652258954,-0.4193307625326533,,,,-0.8595180148536936,,,-0.171929891165506,-0.6809351085834319,,-0.7693920832248216,,,3.672955334766624,0.1061347839226352,-0.0695985709900066,,,,,,,,0.3665015442633547,,,,,0.8332032842075917,,-0.8201700837154339,,,,0.8205009741246143,,,,,-0.220829376477493,-1.4904114826906674,,,,,,0.0,,,,,1.0179310344827586,,-0.5446247464503042,-0.5080986625445258,-0.7911514152239626,-0.8304545454545454,,,,0.0224664318948994,,,,0.8953603158933859,,-0.4348328440428521,,,,,,,-0.5699091017460348,-0.898814447201544,0.0,0.0,-1.03905540417802,0.0,-0.0592208256880733,,1.1775095881911477,,-0.6584673604541155,-0.902839164607636,-0.5263157894736842,,-1.3926242109828588,1.5749483368787915,-0.1710160662778254,,,,0.0,0.0,0.0,-0.5624064866549516,0.9018619983386926,-1.442511209285114,0.629672350529971,15.19782608695652,0.0,0.0,-0.7003444135003756,,3.1205,-0.1152699887838486
2009-03-31,-0.2884081909208441,,,,-0.1865817867119516,-0.7831621984185362,,,,,,-1.3918042431837432,,0.4063033012579825,-0.5541734046523199,,,,-3.507906954608248,,,,0.5495195201332013,,-0.6023043839742737,,,3.413970765962319,4.806044122091266,-1.3240165184831347,,,,,,,,,,,,,0.8650696128980451,,-0.8518716142277047,,,,,,,,,-0.2360724017572315,-1.4983823053619223,,,,,,0.0,,,,,0.6409195402298851,,-1.8600405679513183,0.4551381141205726,-0.5193734542456719,-2.105,,,,,,,,0.4906219151036525,,-0.1552974443010186,,,,,,,-1.898111282109081,-2.4499586435070304,0.0,0.0,-1.1831668180442023,0.0,-0.0592208256880733,,-0.3547240662812288,,-0.8647114474929044,-1.0827084759317878,-0.4912280701754385,,-1.6395692021068118,-0.069720721372854,0.0274205367710112,,,,0.0,0.0,0.0,-1.0245233956708726,-0.4609858817021834,0.1666059237150815,-0.4346867951554377,-15.830434782608696,0.0,0.0,-0.7003444135003756,,1.9452,0.0390705325930494
2008-12-31,-0.2618051301578205,1.2713221601489757,,5.2291404457105815,-0.1669794444996677,-0.6769650671202648,,0.4979513939439007,-0.3322070662334416,,-0.0064184525390406,-1.3675016947143093,1.4250221167162536,0.5347502372178854,0.4282871003856201,,-0.3699059081113552,-0.0235294344636897,-2.991086475569823,,,-0.4486815546867559,-0.2516832058552334,0.0638558049335419,-0.8027335857051802,,,3.604691694123933,-0.4994862496222423,-0.7699753811068664,,0.3026400862068965,,,,,,-0.0072313503640536,0.2554633411703522,,-1.5584366546294932,,0.86173025437609,,-0.822684259870553,,,,0.8313103920459586,,,,,-0.2093955334754255,-1.440307067854937,0.7085765933446136,1.197988661340515,,,,0.0,,,,,1.8832183908045976,,0.4137931034482758,0.0201626453390684,0.2682055509755427,-0.4340909090909091,,,,3.972173462805135,,,,6.595261599210266,,2.174164220214261,,,,,,,0.3306233937508299,-0.4642955610697546,0.0,0.0,-2.177414471692401,0.0,-0.0592208256880733,,-0.4370634444340159,,-2.4276253547776725,-2.457049718767783,-0.2631578947368421,,-3.510913813743374,-0.0520080992694153,0.5376860874680198,,,,0.0,0.0,0.0,-0.2059162996998126,-0.5342227843324494,0.1486532796453689,-0.4327066195511013,-16.64782608695652,0.0,0.0,-0.7003444135003756,,3.0647,0.0595164290142591
2008-09-30,-0.2017551719001953,,,,-0.1084776116436104,-0.6446921726737771,,,,,,-0.3755106596160674,,-0.9115046308424,0.1314840154248041,,,,-4.503264914237806,,,,0.7019849365267548,,0.449124450144464,,,0.4855801646163827,3.5529767301299486,-1.139331911751284,,,,,,,,,,,,,0.1301743769384264,,-0.1207769226363277,,,,,,,,,-0.1491789726429515,0.3267007853172152,,,,,,-0.1554069925833209,,,,,0.0845977011494252,,-1.543103448275862,0.8153773775119295,0.0206100577081615,-1.595,,,,0.4818646804199732,,,-0.6036363636363636,0.4639684106614017,,-0.5901302883438708,,,,,,,-1.2901448112982026,-1.8235456299972428,0.0,0.0,-1.0451105056009689,0.0,-0.0592208256880733,,-0.6739844872648824,,-0.6471144749290445,-0.8102850529554025,-0.2514619883040935,,-1.379030908719155,-0.3098830387165375,0.651078432067355,,,,0.0,0.0,0.0,0.1549750006745256,-0.7449526165722365,0.519419942985816,-1.152972323490231,-20.39782608695652,0.0,0.0,-1.1533913970990413,,4.4477,-0.2425972974795962
2008-06-30,-0.207575572496684,,,,-0.1291163410698426,-0.4312865088267745,,,,,,0.7657900256487743,,-2.3309233160440788,0.9731309864410996,,,,-5.725070421286715,,,,0.936959857807922,,1.4453466172021148,,,3.811670716348417,,-1.2059742005378935,,,,,,,,,,,,,-0.6590899793487038,,0.6644057168868832,,,,,,,,,-0.1550155213560113,2.2989646754316304,,,,,,-0.0132095943695822,,,,,-0.8891954022988505,,1.383015243407708,0.0593303152093554,0.8334707337180544,1.209090909090909,,,,2.4633960488827693,,,0.4114570909090909,-1.0894129812438302,,-0.4040618978341597,,,,,,,1.356745207161679,1.5836728480838158,0.0,0.0,-0.2143505903723887,0.0,-0.0592208256880733,,0.2114342856890302,,4.211920529801325,0.2951253748910841,-11.567251461988304,,4.438902460146089,0.4395171641010084,-0.1001458509032409,,,,0.0,0.0,0.0,0.5114651876296646,0.0425846458723459,-0.0914792502516376,0.0,-4.180434782608696,0.0,0.0,-0.2472974299017099,,6.3766,-0.1052598563497788
2008-03-31,-0.2288040238631657,,,,-0.1567872438618827,-0.341915416513424,,,0.288037872531867,,,0.6053503646121599,,0.4829581506901148,0.4680930463988058,,,,-4.991914884984827,,,,-0.2399395217239902,,-0.6337891599839679,,,3.8004503415726334,2.9517074644907826,-1.1230266659238723,,,,,,,,0.6406141031895762,,,,,0.8657605146612082,,-0.852558942960759,,,,,,,,,-0.1763028689275916,-1.437954057472279,,,,,,-0.0132095943695822,,,,,0.7393103448275862,,1.1045074746450303,-0.5490677599301028,0.0606468645232206,0.505,,,,-0.3634807166572673,,,-0.0987298181818181,0.729097087857848,,-0.2795353997418335,,,,,,,0.6783726035808395,0.7185001378549766,0.0,0.0,-0.3669391462306993,0.0,-0.0592208256880733,,-0.5041369816738046,,0.3935666982024598,0.0471502078228359,-0.5964912280701754,,-0.1329782012129695,-0.319390549110295,-0.3269305401019113,,,,0.0,0.0,0.0,0.4982618473720669,-0.5938814582998777,0.4095395753818305,-0.5505154134734102,0.6630434782608695,0.0,0.0,-0.2747149798971116,,6.9055,0.0382159148504815
2007-12-31,-0.0931516453441368,1.0735567970204842,,,-0.0051377258258191,-0.5485171083118794,,-0.5762538613412076,-0.3318763779055236,,0.6481501310085018,0.0099606718900885,0.6099080671294766,0.689787650116717,-0.0175394949620599,,-0.0100339508243368,,-2.1123833130956884,1.070140686440474,,-0.377580225501537,-0.2880474417643163,-0.1624002980776567,-0.7978049764633163,,,-2.010330454030812,-1.0612422000604411,-0.7921031077648487,,0.2183542319749216,,,,-1.048522312600458,,-0.0068859466108019,0.301412830319512,,-5.968283491992386,,0.8377258353320495,,-0.8246692462596354,,,,-0.0308034967074378,,,,,-0.0402741365158809,-1.46666078414071,-0.0544890580936266,-0.0526111140861573,,,,0.0936673143983495,,,,,-0.7310447816091954,,-0.847320121703854,0.1185335788695476,-0.3146468810112668,0.4879925090909091,,,,-0.3127920084886665,,,-5.168888218181818,-1.3342417571569596,,1.179735050136227,,,,,,,0.3766475735264297,0.6719605403915081,0.0,0.0,3.0965788676960337,0.0,-0.0592208256880733,,0.4634509853575831,,5.822138126773888,1.0765843973832787,,,1.4381653984468703,5.122387197503455,0.4205200456404187,,,,0.0,0.0,0.0,0.7119003428777632,0.2667413362541767,-0.5270652820907057,0.2359753181886039,-18.33630956521739,0.0,0.0,1.0880976027465072,,8.2687,-0.1272146770350841
2007-09-30,-0.0636650074356295,,,,-0.0132721261142342,0.0010922774917248,,,,,,0.2595078098391515,,0.8095461122462642,1.046757805697226,,,,,,,,1.4130398710903953,,,,,,,-1.1456996352800473,,,,,,,,,31.672432473428174,,,,,,,,,,,,,,,-0.0107056908935678,,,,,,,0.0466220977749962,,,,,-0.1231620781609195,,-2.564559006085193,1.4552659829289605,0.1211638582028029,-2.595788327272728,,,,0.8848775472470795,,,-2.366914618181818,-0.8050005923000987,,-0.5341076670969441,,,,,,,-2.8208134129220275,-3.0386203694513374,0.0,0.0,7.025623251589464,0.0,-0.0592208256880733,,0.8793028004773998,,0.0,0.9033727652558712,,,1.2134509844669936,-0.3547987475231952,0.0009275493788225,,,,0.0,0.0,0.0,0.8386226578239877,0.6366214540762527,-0.9801789819904784,0.4493772917670716,11.930658347826087,0.0,0.0,0.8107450675648025,,8.9857,-0.0200592940649996
2007-06-30,0.0,,,,0.0487463104738572,0.0364851167708716,,,,,,0.0654286875900923,,0.8685726715681994,2.564716009453912,,,,,,,,1.4520099221828386,,,,,,,-1.1135411024096171,,,,,,,,,30.082023251026577,,,,,,,,,,,,,,,0.0531359487075836,,,,,,,2.847833139089356,,,,,0.6232639908045977,,-0.7975607454361054,1.8552363545937227,1.4875585710359989,-0.4322968318181818,,,,2.26163930164366,,,-0.7975354181818182,0.6381645705824285,,-0.2423124659122109,,,,,,,-0.6991193309536401,-0.419217794320375,0.0,0.0,9.4642846866485,0.0,-0.0592208256880733,,1.0872641872940316,,0.0,0.8987793570836905,,,1.207491771376601,-0.3557188765647109,-0.0992103640602963,,,,0.0,0.0,0.0,0.3567172866081264,0.8215930700736853,-1.200793855620274,0.3965412867861118,16.314038869565216,0.0,0.0,0.6742504815056507,,9.1053,-0.0980712002645212
2007-03-31,-0.0580395007869457,,,,0.005010561750488,-0.1810704146745126,,,,,,-0.4490642996390114,,0.8147617607679456,3.002624455778082,,,,,,,,1.212465699437601,,,,,,,-1.1480333925593336,,,,,,,,,29.74983477252782,,,,,,,,,,,,,,,-0.0050645768419866,,,,,,,0.1300238502023668,,,,,0.0626670068965517,,1.1702168103448276,1.2120029249277504,1.89640435009618,1.0073653772727271,,,,,,,-0.401359709090909,-0.0174360019743336,,-0.3722554282668681,,,,,,,0.9677940810617892,1.3295776509511994,0.0,0.0,6.941248634574629,0.0,-0.0592208256880733,,0.9711007962950688,,0.0,0.8089318070648073,,,1.0909289325992952,-0.3574648852645706,-0.2892290029269398,,,,0.0,0.0,0.0,0.937352747134616,0.7182713405847119,-1.0843003540075071,0.3398371931350099,11.896763,0.0,0.0,0.963932729579298,,8.9218,-0.0033420100591194
2006-12-31,-0.088800472082684,0.8664804469273742,,,-0.0260752908290792,-0.1820220733725634,,-0.0749294966766278,-0.3288797005748562,,0.4789514019310571,-1.1735371943571216,-0.1408489576639117,0.6844740166372691,1.154994402288842,,-0.3697693373496961,0.0235294344636897,-4.186527276140882,0.1854677791502772,,-0.4918304112437765,0.024870507498905,-0.1542408186036925,-0.7769074046537011,,,-2.526213594209167,,-0.7420165208537552,,0.1569108542319749,,,,,,-0.0037559189989608,0.1783644105442213,,-1.6237927493417157,,0.8671796096102011,,-0.8292379996322188,,,,0.8895258192824791,,,,,-0.0359108913614576,-1.397349922056531,0.0223878736604624,0.0733836458744629,,,,0.0505072725895793,,,,,,,,,1.2388974663369057,4.484637727272728,,,,2.402693097096198,,,,0.4666495557749259,,1.8890691719664507,,,,,,,,,0.0,0.0,3.475628216772631,0.0,-0.0592208256880733,,1.253187400526417,,6.41438032166509,0.9675226137853918,,,1.2966751619783845,5.566912929801483,-1.264334280631879,,,,0.0,0.0,0.0,0.1968509787023278,0.9691737597049894,-1.371533421787254,0.6278561295950289,-3.727261608695652,0.0,0.0,1.5420528135903182,,8.5376,-0.0168921286885821
2006-09-30,-0.1030270732013294,,,,-0.0660195017486572,0.1873672260022067,,,,,,,,0.7730518526280249,,,,,-0.5659976356824659,,,-0.8378293541544706,1.618141931522512,,,,,,,,,,,,,,,,,,,,0.8413910132468292,,,,,,0.8824373633235922,,,,,-0.0501769627552953,,,15.806833217138909,,,,0.0473991327379128,,,,,,,,,,,,,,,,,,,,-0.6522492660642782,,,,,,,,,0.0,0.0,8.041222403875265,0.0,-0.0592208256880733,,0.9451413287832576,,0.0,1.4033476665017253,,,1.8620885243261385,-0.353014166983908,0.1951439728425334,,,,0.0,0.0,0.0,1.4360793498831936,0.6951816472065537,-1.0134640830011663,0.4235138382548845,13.131367869565215,0.0,0.0,0.0893662166746826,,8.4337,0.0059407834184008
2006-06-30,-0.1912914565022302,,,,-0.1424431538403448,0.0,,,,,,,,0.6912181567442646,,,,,-1.1451055680552515,,,-1.0156896962648052,1.4118371953365818,,,,,,,,,,,,,,,,,,,,,,,,,,0.8438378754865355,,,,,-0.138686226718099,,,,,,,0.0466220977749962,,,,,,,,,,2.2355136363636365,,,0.9431888512168848,0.8944122956601632,,,,,,-0.6522492660642782,,,,,,,,,0.0,0.0,6.51047620950651,0.0,-0.0592208256880733,,0.7092045324137186,,0.0,1.0947468320670344,,,1.4617282551458122,-0.3570445842780362,-0.2434875232985833,,,,0.0,0.0,0.0,0.9394061306114776,0.4853272546879491,-0.7860517946543067,-0.2170433008907169,10.7676785,0.0,0.0,1.1673087475396675,,7.58,-0.0995910290237467
2006-03-31,0.0670560865940811,,,,0.1319547737015733,-0.1834607456785583,,,,,,,,,,,,,,,,,,,,,,,,,,,,,,,,,,,,,,,,,,,,,,,,,,,,,,,0.0251339729105004,,,,,,,,,,,,,,,,,,,,-0.6522492660642782,,,,,,,,,0.0,0.0,1.5209639721465336,0.0,-0.0592208256880733,,0.5464091156893727,,0.0,0.7115715874139924,,,0.9646196054768988,0.7569454320931621,0.219181165531562,,,,0.0,0.0,0.0,-2.831061272100772,0.3405285890826403,-0.6415506607799814,0.3259210689114134,-0.067391304347826,0.0,0.0,1.575159104780118,,8.0554,-0.0838195496188892
2005-12-31,-0.1114855932856117,0.9931098696461824,,-0.7933215133126686,-0.0714092836846045,0.1414424356381022,,-0.2186808517021792,0.0,,0.0910169285805472,-2.4354235410218976,-0.6139751284628099,0.6938620841410384,-0.2971762657046896,,-0.1896960518281224,,-1.8830464827746545,0.4391417238875277,,-0.4318213331014934,-0.0708831345830978,-0.1501358096504623,-0.8285155589835481,,,-2.343558156398285,,-0.7751516308090572,,-0.3459627742946708,,,,,,0.3397587241154743,0.0774510547471748,,-0.7519310047947424,,0.838613592886136,,-0.825552412734875,,,,-0.0238460212850728,,,,,-0.0586589501535664,-1.4831906820788847,0.1023489565707839,0.2044330675618905,,,,0.0251339729105004,,,,,,,,,,1.7081527272727273,,,,0.8205226974280495,,,,,,-0.6522492660642782,,,,,,,,,0.0,0.0,3.748107780805329,0.0,-0.0592208256880733,,0.8093334353893664,,0.0,0.9947973849481884,,,1.3320598191345203,1.0206995711168312,0.9022424753548826,,,,0.0,0.0,0.0,3.33572128431769,0.5743870810093924,-0.8993991807007466,0.0128909510959249,-5.095217391304348,0.0,0.0,0.1208672690125976,,7.2031,0.0239753586591559
2005-09-30,0.2310201807580369,,,,0.2763781041420963,0.1119279082383229,,,,,,,,,,,,,,,,,,,,,,,,,,,,,,,,,,,,,,,,,,,,,,,,,,,,,,,0.1348436613191851,,,,,,,,,,,,,,,,,,,,-0.6522492660642782,,,,,,,,,0.0,0.0,0.6260974871329095,-2.000500125031258,-0.0592208256880733,,1.0687531459400952,,0.0,0.9826058954157572,,,1.3162433096300843,1.302688792080854,-1.6734646322190174,,,,0.0,0.0,0.0,-3.514134055815417,0.8051283922532203,-1.1750744877436357,0.3889840963362095,-0.067391304347826,0.0,0.0,0.6732243255290622,,6.5125,0.133236084452975
2005-06-30,-0.3992831303793697,,,,-0.3251900693008829,-0.4017581895917617,,,,,-0.6258842128986917,,,0.4983801540315398,,,,,-0.5958290554731078,,,-0.8469914226273733,0.4187307173954839,,,,,,,,,,,,,,,,,,,,,,,,,,0.7515374272939279,,,,,-0.347254952593616,,,,,,,0.0130541873769989,,,,,,,,,,,,,,,,,,,,-0.6522492660642782,,,,,,,,,0.0,0.0,3.2214350590372387,2.000500125031258,-0.0592208256880733,,0.3125205972968666,,0.0,1.0168728153791613,,,1.3606991625303542,-0.1671841640172886,0.9022424753548826,,,,0.0,0.0,0.0,0.983643041921875,0.1324960409613218,-0.3715481371621622,0.1681260802887355,4.960434782608695,0.0,0.0,0.8211579985382118,,5.5217,0.3365811253780539
2005-03-31,0.2206037356775894,,,,,-0.0622169979771975,,,,,,,,,,,,,,,,,,,,,,,,,,,,,,,,,,,,,,,,,,,,,,,,,,,,,,,0.1733817095719964,,,,,,,,,,,,,,,,,,,,-0.6522492660642782,,,,,,,,,0.0,0.0,0.8380260369361187,0.5001250312578145,-0.0592208256880733,,0.303860658377685,,0.0,0.7438601195832303,,,1.0065088163547435,0.4917372873641979,-1.6734646322190174,,,,0.0,0.0,0.0,-2.9124362748209345,0.1247934432779716,-0.3822806912453656,0.1168826387037332,-0.067391304347826,0.0,0.0,0.8380094862223599,,5.6529,0.3055599780643565
2004-12-31,-0.5679569457832707,,,-0.7915026010415663,-0.4811573672163676,-0.6163729376609047,,-0.3843398326929567,-0.3295554641339665,,-0.9021065540949802,-3.771472878702608,,0.3163700715437499,-1.8944547829332008,,-0.1064609088708987,,-0.4384050319334959,0.7314754356748997,,-0.7986420750913827,0.310410700551449,0.0,-0.8582673902872889,,,-2.5038339842507664,-0.6762163795708673,-0.1586988138600694,,2.696819749216301,,,,,,-0.0044617536170043,0.156532715039492,,,,0.8658211200790294,,-0.8526192349548866,,,,-0.0460411838200571,,,,,-0.5163967365485574,,0.5280915397631134,0.9021889918737211,,,,0.1733817095719964,,,,,0.7784036781609195,,,,,5.141802727272728,,,0.0010879473093039,1.629271980751976,,0.8031167883211678,,,,9.649593058576954,,,,,,,,,0.0,0.0,1.9921283681501665,0.0,-0.0592208256880733,,1.0238538051786847,,13.822599413434247,0.1454999531684926,-41.77149116959065,,15.946185144897868,-0.1612262943506286,0.6215993990205736,,,,0.0,0.0,0.0,1.7784336446583409,-0.0182993776997544,1.1891116531389394,-1.0224722921781757,-11.241834326086956,0.0,0.0,0.482505404700164,,5.7579,-0.0510602823946231
2004-09-30,-0.1580619520372949,,,,-0.0930566658399551,-0.2261979652445752,,,,,,,,,,,,,,,,,,,,,,,,,,,,,,,,,,,,,,,,,,,,,,,,,,,,,,,0.0549504906034801,,,,,,,,,,,,,,,,,,,,-0.6522492660642782,,,,,,,,,0.0,0.0,0.3398074477747502,0.0,-0.0592208256880733,,0.4538195138982817,,0.0,0.4091970077744667,,,0.5723369069562373,0.6791762411051582,1.3222193716646704,,,,0.0,0.0,0.0,-2.069003334263721,0.2581746072689011,-0.5655227703138052,-0.5764861617451155,-0.067391304347826,0.0,0.0,0.2899471476868147,,4.5357,0.2046431642304383
2004-06-30,-0.5248934403978414,,,,-0.4420194605262604,-0.5517246634792203,,,,,,,,0.381921447523911,,,,,0.1977285651100812,,,-0.6032675466602723,0.8043488230370893,,-0.8909842597447991,,,,-1.570831690540949,,,,,,,,,,,,,,,,,,,,0.6925301102894427,,,,,-0.4732137557948281,,,,,,,-0.0168616586952903,,,,,,,,,,,,,,,,,,,,-0.6522492660642782,,,,,,,,,0.0,0.0,2.870004093248562,0.0,-0.0592208256880733,,0.2785962602290939,,0.0,0.7323894344871307,,,0.9916274354240348,-0.1612262943506286,0.6215993990205736,,,,0.0,0.0,0.0,0.8641064688663114,0.1023219805498066,-0.3563560902696069,-0.5764861617451155,4.683721456521739,0.0,0.0,0.1931875036027667,,4.9658,-0.1031253775826653
2004-03-31,-0.1809136924102646,,,,-0.1151597404592546,-0.2412061484001471,,,,,,,,,,,,,,,,,,,,,,,,,,,,,,,,,,,,,,,,,,,,,,,,,,,,,,,0.0497121086239428,,,,,,,,,,,,,,,,,,,,-0.6522492660642782,,,,,,,,,0.0,0.0,0.1234937935210414,0.0,-0.0592208256880733,,0.2783840181610492,,0.0,0.1929275439176463,,,0.2917618368213394,0.5052221878896616,1.4277876444866515,,,,0.0,0.0,0.0,-1.5239513598539338,0.1021332014744705,-0.3954636564668422,-0.5764861617451155,-0.067391304347826,0.0,0.0,0.0074391907976866,,5.1729,-0.0812116994335866
2003-12-31,-0.5963557288446717,,,-0.7891414785613939,-0.5081288675940868,-0.6422096423317396,,-0.5664527661471866,-0.3325794131467133,,-0.712360647464004,-4.411924441916057,,0.2875488261352986,-1.807934817763404,,-0.0149584985592834,,-0.1249178371009644,1.0528449713484622,,-0.7023613360386993,0.1833363846089813,-0.1094523714911711,-0.8532365457072507,,,-2.580515704708232,-0.5386521607736476,-0.3455393813391872,,2.12863460031348,,,,,,-0.0076202664838497,0.0847644018765507,,,,0.8666756564703102,,-0.8534693520720851,,,,-0.0454053357070368,,,,,-0.544874309179808,,0.2099866328257191,0.3808420744384971,,,,0.0497121086239428,,,,,1.128697011494253,,,,,6.217137727272728,,,,0.2967814332538327,,,,,,3.142940737252875,,,,,,,,,0.0,0.0,1.9703300030275508,0.0,-0.0592208256880733,,0.2722886635850294,,0.0,0.3226179625509823,,,0.4600144308535827,0.4889455515033249,0.6099715810436348,,,,0.0,0.0,0.0,1.203537236030487,0.0967116777807578,-0.3795514640855552,1.382440637485454,-5.059404282608695,0.0,0.0,0.5096219724108373,,5.9579,-0.0324275331912251
2003-09-30,-0.3069316001222964,,,,-0.225971908149371,-0.4841561300110334,,,,,,,,,,,,,,,,,,,,,,,,,,,,,,,,,,,,,,,,,,,,,,,,,,,,,,,0.0703634235569297,,,,,,,,,,,,,,,,,,,,-0.6522492660642782,,,,,,,,,0.0,0.0,0.2579727520435967,0.0,-0.0592208256880733,,0.2338890034135145,,0.0,0.3120610310194494,,,0.4463184991577879,0.4481270482977136,0.9535666853291568,,,,0.0,0.0,0.0,-1.8241969017125368,0.0625570334768119,-0.3396469125364953,-0.5764861617451155,-0.067391304347826,0.0,0.0,0.2208285901488146,,4.71,0.223927813163482
2003-06-30,-0.5551780120931196,,,,-0.46309377179942,-0.6904555912100037,,,,,,,,0.3538433220400156,,,,,0.095590402872391,,,-0.6346370504480779,0.6515961348695678,,-0.8652569805885708,,,,-0.8673408546388637,,,,,,,,,,,,,,,,,,,,0.6818860544324058,,,,,-0.5035823489910203,,,,,,,0.0105877074570098,,,,,,,,,,,,,,,,,,,,-0.6522492660642782,,,,,,,,,0.0,0.0,3.0232949924311234,0.0,-0.0592208256880733,,0.3113756928853638,,0.0,0.7599214187651209,,,1.0273457854952412,-0.1789677906328932,0.6099715810436348,,,,0.0,0.0,0.0,0.7876380914526766,0.1314777037478611,-0.3890698426532088,-0.5764861617451155,4.924621673913044,0.0,0.0,0.2320564614604065,,4.0261,0.2098556916122304
2003-03-31,-0.4409313804331281,,,,-0.3545970033329352,-0.5864005213313719,,,,,,,,,,,,,,,,,,,,,,,,,,,,,,,,,,,,,,,,,,,,,,,,,,,,,,,0.0911321741149671,,,,,,,,,,,,,,,,,,,,-0.6522492660642782,,,,,,,,,0.0,0.0,0.0527157129881925,0.0,-0.0592208256880733,,0.3570297311441937,,0.0,0.1872522654954508,,,0.2843990699612117,0.5908576937104618,0.8911867217564474,,,,0.0,0.0,0.0,-1.5096482693751463,0.1720847672167657,-0.4791817300875861,-0.5764861617451155,-0.067391304347826,0.0,0.0,0.0009830327837473,,2.9111,0.3320394352650201
2002-12-31,-0.5697966193267132,,,-0.7906275756282918,-0.481863127834455,-0.633107031077602,,-1.0070573409670471,-0.3329852086978255,,-0.6391211361112853,-5.433057610517003,,0.3158112269549373,-1.8161261350914293,,-0.3644430776449902,1.858825322631488,0.5197534103369025,1.830367385269126,,-0.5043646549222941,0.1537484609704846,-0.104390105169487,-0.8594167923881764,,,-2.5900647779459844,-0.7076458144454518,-0.5957037246002838,,1.4014514106583071,,,,,,-0.0080441196851087,-0.0774510547471748,,,,0.8662271763784324,,-0.8530231913155412,,,,-0.0448786736336261,,,,,-0.51824151408138,,0.3769353073886068,0.6544567686952814,,,,0.0911321741149671,,,,,0.6228652873563219,,,,,7.599868181818182,,,,3.18469926972007,,,,2.047613030602172,,4.623422333263346,,,,,,,,,0.0,0.0,1.6094459582198002,0.0,0.0,,0.3523182935629161,,0.0,0.1258668860397027,,,0.2047613493190764,-0.3634584380503769,0.8237953835141705,,,,0.0,0.0,0.0,1.4209478818366448,0.1678941708929954,0.4537666703504452,1.2476750722748575,-5.504398260869565,0.0,0.0,2.099274870311398,,4.947,0.0054578532443905
2002-09-30,-0.528123857035707,,,,-0.4406598310707239,-0.6186921726737771,,,,,,,,,,,,,,,,,,,,,,,,,,,,,,,,,,,,,,,,,,,,,,,,,,,,,,,-0.0233065055640699,,,,,,,,,,,,,,,,,,,,-0.6522492660642782,,,,,,,,,0.0,0.0,0.1859800181653042,0.0,-0.0592208256880733,,0.2857191850017314,,0.0,0.2497360003109119,,,0.3654617311686436,0.5089330134779004,1.105158076015393,,,,0.0,0.0,0.0,-1.6671225721376104,0.1086574783361559,-0.3990913943637842,-0.5764861617451155,-0.067391304347826,0.0,0.0,-0.7003444135003756,,3.636,0.3616336633663365
2002-06-30,-0.4959926739673778,,,,-0.4037808122706633,-0.681470436741449,,,,,-0.7149319749110099,,,0.4087165877880814,,,,,0.1856924409607037,,,-0.6069641790826937,0.1599069572542708,,,,,,,,,,,,,,,,,,,,,,,,,,-0.034162275024596,,,,,-0.4442328070921011,,,,,,,-0.0528189920100742,,,,,,,,,,,,,,,,,,,,-0.6522492660642782,,,,,,,,,0.0,0.0,2.824561332122313,0.0,0.0,,0.3569268177398151,,0.0,0.115881799213861,,,0.191807294749827,-0.1565454943184371,0.8237953835141705,,,,0.0,0.0,0.0,0.341369547848158,0.1719932307108446,-0.4842763696188041,-0.5764861617451155,5.369615652173913,0.0,0.0,-0.7003444135003756,,7.3764,-0.0546789607914575
2002-03-31,-0.5748840198942528,,,,-0.4835011092141832,-0.6839198299006988,,,,,,,,,,,,,,,,,,,,,,,,,,,,,,,,,,,,,,,,,,,,,,,,,,,,,,,-0.0460675970780744,,,,,,,,,,,,,,,,,,,,-0.6522492660642782,,,,,,,,,0.0,0.0,0.295123221313957,0.0,-0.0592208256880733,,0.4496690947685221,,0.0,0.5772261510035873,,,0.7903278697369521,0.6621476192546161,0.6851244835333055,,,,0.0,0.0,0.0,-2.4924778953143285,0.2544830097793383,-0.548875429890235,-0.5764861617451155,-0.067391304347826,0.0,0.0,-0.7003444135003756,,9.0192,-0.0702561894985485
2001-12-31,-0.4074595563038253,,,-0.7927109403265176,-0.3242178236465317,-0.5355527831923501,,-0.7279081131200411,-0.3331213536615846,,-0.7716629971028682,-5.70036722804941,,0.4518782417352124,-2.0360079611892026,,0.0661645338662381,,0.1683443774197907,1.337760649244128,,-0.6122922575700601,0.3346090962439808,-0.1506699315154692,-0.8371714409586929,,,-2.5902568219115345,-0.099365367180417,-0.5722990632493383,,-0.0062163009404388,,,,,,,-0.1684182584482702,,,,0.866439295340807,,-0.8532342132949876,,,,-0.0447052605118933,,,,,-0.3554540631901613,,,0.5250444133035591,,,,-0.0460675970780744,,,,,7.846734712643678,,,,,0.0472445454545454,,,,1.6769784781090464,,,,7.239625863770978,,4.711072210826841,,,,,,,,,0.0,0.0,0.2009579170451105,0.0,-0.0592208256880733,,0.1547455927637037,,0.0,0.3497454678980123,,,0.4952080341464024,0.3595650370050095,0.8187715356866969,,,,0.0,0.0,0.0,-1.9191709047866845,-0.0078372103178402,-0.2530678597202641,0.9519962759041836,-0.067391304347826,0.0,0.0,3.0503155253614977,,9.879,-0.1019840064783885
2001-09-30,-0.6429668969824465,,,,-0.5882751451153545,-0.1657902785950717,,,,,,,,,,,,,,,,,,,,,,,,,,,,,,,,,,,,,,,,,,,,,,,,,,,,,,,-0.0576671936533325,,,,,,,,,,,,,,,,,,,,-0.6522492660642782,,,,,,,,,0.0,0.0,0.4309439903118377,0.0,-0.0592208256880733,,0.4256322829894811,,0.0,0.6355733806237112,,,0.8660240764547039,0.6317522986759811,1.6649052110869365,,,,0.0,0.0,0.0,-2.6395271926984667,0.2331034258755452,-0.5191606794308502,-0.5764861617451155,-0.067391304347826,0.0,0.0,-0.7003444135003756,,9.2627,0.0075982570617182
2001-06-30,-0.3828158972988011,,,,-0.3017846005682946,-0.4990781233909525,,,,,-0.1871369157044712,,,0.5136476321871198,,,,,-0.2189937551646112,,,-0.7312546977693637,0.0693608929555772,,,,,,,,,,,,,,,,,,,,,,,,,,-0.0377606507374838,,,,,-0.3307420328296348,,,,,,,-0.0970825221496263,,,,,,,,,,,,,,,,,,,,-0.6522492660642782,,,,,,,,,0.0,0.0,3.7388856191341207,0.0,0.009863119266055,,0.3930785119168427,,0.0,1.3051331200112406,,,1.734670844648167,-0.1924996686788915,1.3066789508373315,,,,0.0,0.0,0.0,1.2719054082072196,0.2041484177642277,-0.4358607216172528,-0.5764861617451155,5.530469565217391,0.0,0.0,-0.7003444135003756,,10.1119,0.0170987368234216
2001-03-31,-0.8521198593213721,,,,-0.7403352886670697,-1.0296799439132034,,,,,,,,,,,,,,,,,,,,,,,,,,,,,,,,,,,,,,,,,,,,,,,,,,,,,,,-0.0989420647222911,,,,,,,,,,,,,,,,,,,,-0.6522492660642782,,,,,,,,,0.0,0.0,0.1785831062670299,0.0,-0.0592208256880733,,0.4049223090412558,,0.0,0.5315148976713446,,,0.7310248230611669,0.6170738565532536,0.8194660637973679,,,,0.0,0.0,0.0,-2.377274350453369,0.2146829036473217,-0.50481089675029,-0.5764861617451155,-0.067391304347826,0.0,0.0,-0.7003444135003756,,10.5274,0.0334581080456583
2000-12-31,-0.5320613360636092,,,-0.791630350581231,-0.43483149457326,-0.7606355342037514,,-2.4830378777043647,-0.3335084198950262,,-0.4872670243392745,-5.719600331166865,,0.3415530058271191,-2.0328503545217065,,0.9480272375356976,,-0.2560190487647996,0.7679292934527963,,-0.7426262073245565,-0.0694420630538067,-0.1904075082273595,-0.8441474275556176,,,-2.592919918073454,-0.2901178603807797,-0.7262534359179813,,0.4765253173981191,,,,,,,-0.140454185943205,,,,0.8670695916861488,,-0.8538612500339142,,,,-0.0446635129085132,,,,,-0.4804015380668286,,,0.140504842996727,,,,-0.0989420647222911,,,,,3.354135172413793,,,,,1.0604790909090909,,,,0.5968357541170459,,,,4.0789792694965445,,3.983969576609472,,,,,,,,,0.0,0.0,0.3835325461701483,0.0,-0.0592208256880733,,0.27304463283518,,0.0,0.3534461305426674,,,0.50000905257292,0.48746546656678,1.5785852887606926,,,,0.0,0.0,0.0,-1.928497480277846,0.097384075940749,-0.3781045191706513,0.9706619733678948,-0.067391304347826,0.0,0.0,2.71023018544293,,14.8768,-0.1338336835785049
2000-09-30,-0.6190413774625401,,,,-0.5213201884411287,-0.7836578769768298,,,,,,,,,,,,,,,,,,,,,,,,,,,,,,,,,,,,,,,,,,,,,,,,,,,,,,,-0.1230413456465215,,,,,,,,,,,,,,,,,,,,-0.6522492660642782,,,,,,,,,0.0,0.0,0.0308192552225249,0.0,-0.0592208256880733,,0.2737257730200931,,0.0,0.3552444045429505,,,0.502342025729432,0.4880693627886125,0.7960505446376052,,,,0.0,0.0,0.0,-1.9330295708324008,0.0979899172589512,-0.3786948937807396,-0.5764861617451155,-0.067391304347826,0.0,0.0,-0.7003444135003756,,13.2989,0.0699283343157633
2000-06-30,-0.5503538944897312,,,,-0.4500184254156466,-0.8088932760205958,,,,,,,,0.3583159684019955,,,,,-0.5050394077818345,,,-0.8191073670036078,0.5211877606801896,,,,,,,,,,,,,,,,,,,,,,,,,,-0.0403041022784804,,,,,-0.4987448473581102,,,,,,,-0.1007173013325843,,,,,,,,,,,,,,,,,,,,-0.6522492660642782,,,,,,,,,0.0,0.0,3.361149016046019,0.0,0.0795534862385321,,0.3415525244464596,,0.0,1.0507860389317345,,,1.404696150857209,-0.2026610353080028,0.8697895863305528,,,,0.0,0.0,0.0,1.12106516776832,0.1583185388903003,-0.3998271421007735,-0.5764861617451155,5.169019130434783,0.0,0.0,-0.7003444135003756,,12.7588,0.0441028936890616
2000-03-31,-0.6288043052013642,,,,-0.5372430826411346,-0.6963655820154468,,-1.1030063939660668,-0.3340241304673831,,-1.480789485360003,,,0.2581570935424343,,,0.2546321849558338,,0.6786639699294299,1.999685961526988,,-0.4555587503333762,0.4436812130409237,,-0.8528917250769845,,,,-0.5292233303112723,,,,,,,-0.4998158277726365,,,,,,,0.8676332220718871,,-0.8544219655793005,,,,-0.0445992858263899,,,,,-0.5774129108508897,,,-0.2033622727584207,,,,-0.0973744238808306,,,,,,,,,,,,,,,,,,,,-0.6522492660642782,,,,,,,,,0.0,0.0,0.1899872842870118,0.0,-0.0592208256880733,,-0.1714523956330356,,0.0,-0.0319647674088543,,,0.0,0.0345991887247111,0.5520585671459856,,,,0.0,0.0,0.0,-0.9571676996362266,-0.2979745765494792,0.0646218012421803,-0.5764861617451155,-0.067391304347826,0.0,0.0,-0.7003444135003756,,14.2901,-0.0636664543984997
1999-12-31,,,,,,,,,,,,,,,,,,,,,,,,,,,,,,,,,,,,,,,,,,,,,,,,,,,,,,,,,,,,,-0.0973744238808306,,,,,,,,,,,,,,,,,,,,,,,,,,,,,,,,,,,-0.1714523956330356,,,-0.0319647674088543,,,,,,,,,,,,,-0.2979745765494792,,,,,,,,16.9528,-0.0962023972441131
1999-09-30,,,,,,,,,,,,,,,,,,,,,,,,,,,,,,,,,,,,,,,,,,,,,,,,,,,,,,,,,,,,,-0.0185567526965432,,,,,,,,,,,,,,,,,,,,,,,,,,,,,,,,,,,0.6167112845235525,,,0.6320873387398498,,,0.8615014941695546,0.8390454438413713,,,,,,,,-2.6307415140465245,0.4030589750184135,-0.7218124022378223,,,,,,,15.3552,-0.0021686464520162
1999-06-30,,,,,,,,,,,,,,,,,,,,,,,,,,,,,,,,,,,,,,,,,,,,,,,,,,,,,,,,,,,,,-0.2639886601133744,,,,,,,,,,,,,,,,,,,,,,,,,,,,,,,,,,,-0.0507204853746086,,,0.1154675898770494,,,0.1912699243247383,0.1544160688232559,,,,,,,,-1.3287333196618614,-0.1905893696858162,-0.0525123044416022,,,,,,,13.0414,0.1748661953471253
1999-03-31,,,,,,,,,,,,,,,,,,,,,,,,,,,,,,,,,,,,,,,,,,,,,,,,,,,,,,,,,,,,,-0.2584763911812132,,,,,,,,,,,,,,,,,,,,,,,,,,,,,,,,,,,0.0225879097823807,,,0.0731425666776191,,,0.1363599701367383,0.2370019659275739,,,,,,,,-1.2220639034142564,-0.1253850905360378,-0.1332490519804382,,,,,,,15.7415,-0.0403328780611758
1998-12-31,-1.2469985340937466,,,,-1.89646110472506,-1.21677901618242,,,,,-1.5033955159861665,,,-0.2943249241193831,,,,,-0.7034609580057147,,,-0.8800482086534238,0.0057708482140063,,-0.8839427005537588,,,,-1.3782861698398308,,,,,,,,,,,,,,0.8678709497929568,,-0.8546584638805736,,,,-0.0420684206418823,,,,,-1.197322257509854,,,-0.3483983599668336,,,,-0.2584763911812132,,,,,,,,,,,,,,,,,,,,,,,,,,,,,,,,,,,-0.1879605712805512,,,-0.0096084352490168,,,0.0290037685017714,0.0150453200176397,,,,,,,,-1.013511127723456,-0.3126578019954745,0.0837378466756545,,,,,,,21.412,-0.0582850737903977
1998-09-30,,,,,,,,,,,,,,,,,,,,,,,,,,,,,,,,,,,,,,,,,,,,,,,,,,,,,,,,,,,,,-0.2431045921275955,,,,,,,,,,,,,,,,,,,,,,,,,,,,,,,,,,,-0.0898282095056578,,,0.0377420649103464,,,0.0904334759889613,0.1178398353796403,,,,,,,,-1.1328459757454508,-0.2253738027059726,-0.0167550355978844,,,,,,,13.6616,0.4759618199918019
1998-06-30,,,,,,,,,,,,,,,,,,,,,,,,,,,,,,,,,,,,,,,,,,,,,,,,,,,,,,,,,,,,,-0.2015306239836761,,,,,,,,,,,,,,,,,,,,,,,,,,,,,,,,,,,-0.0731303155166351,,,0.0283504769597147,,,0.0782493913709357,0.1366323485151737,,,,,,,,-1.1091768757992655,-0.2105218319522541,-0.0351267726842699,,,,,,,15.0697,0.1300556746318771
1998-03-31,,,,,,,,,,,,,,,,,,,,,,,,,,,,,,,,,,,,,,,,,,,,,,,,,,,,,,,,,,,,,-0.2464040302167824,,,,,,,,,,,,,,,,,,,,,,,,,,,,,,,,,,,0.0,,,0.0164925664161101,,,0.0628656472995681,0.2167530509336466,,,,,,,,-1.0792920393600112,-0.1454759460472833,-0.1134535227784604,,,,,,,10.4793,0.6250703768381474
1997-12-31,-1.2883586459066383,,,,-1.8949807333869213,-1.1850982194740711,,,,,-1.5263091608530188,,,-0.3325345869789211,,,,,-0.6193725158830454,,,-0.8542222818314863,0.0533033173043198,,-0.8841577151288151,,,,-1.384165562768208,,,,,,,,,,,,,,0.8678662699698639,,-0.8546538082594003,,,,-0.0413207257346533,,,,,-1.23879711879675,,,-0.3455432313047186,,,,-0.2464040302167824,,,,,,,,,,,,,,,,,,,,,,,,,,,,,,,,,,,-0.1441136410036037,,,0.0338280423363811,,,0.085355657148448,0.0593137472277408,,,,,,,,-1.122981681018958,-0.2736580738536101,0.0404606170647843,,,,,,,7.7421,1.199609924955761
1997-09-30,,,,,,,,,,,,,,,,,,,,,,,,,,,,,,,,,,,,,,,,,,,,,,,,,,,,,,,,,,,,,-0.305638581870849,,,,,,,,,,,,,,,,,,,,,,,,,,,,,,,,,,,-0.1348737242999145,,,-0.1570684487512647,,,-0.1623020353442918,0.0835622681491677,,,,,,,,-0.6418758072646015,-0.2654396139244596,0.0167550355978844,,,,,,,6.8836,-0.0211662502179093
1997-06-30,,,,,,,,,,,,,,,,,,,,,,,,,,,,,,,,,,,,,,,,,,,,,,,,,,,,,,,,,,,,,-0.2797904493355262,,,,,,,,,,,,,,,,,,,,,,,,,,,,,,,,,,,-0.1663946879106708,,,-0.0651697599138485,,,-0.0430781717158434,0.0425556282440468,,,,,,,,-0.8734829925936677,-0.2934759896484724,0.0568435113488198,,,,,,,5.9984,0.0089190450786875
1997-03-31,,,,,,,,,,,,,,,,,,,,,,,,,,,,,,,,,,,,,,,,,,,,,,,,,,,,,,,,,,,,,-0.3056386129522475,,,,,,,,,,,,,,,,,,,,,,,,,,,,,,,,,,,-0.15935917149659,,,-0.175928531880399,,,-0.1867699794189587,0.0584389975333345,,,,,,,,-0.5943437823372496,-0.2872182373781605,0.0413157805698529,,,,,,,5.8707,0.0308651438499667
1996-12-31,-1.5458214480852566,,,,-1.4121802572555475,-1.472691701912468,,-0.0696309399045014,,,-0.9871257541988904,,,-0.5695006290494403,,,-0.264585989228691,,0.4703305360731289,0.1761175660857765,,-0.5195438103667963,-0.5610177906060766,,-0.8865859482934954,,,,-1.4505635587790873,,,,,,,,,,,,,,0.8680120362359793,,-0.8547988206885949,,,,-0.0342427311342843,,,,,-1.4969742256479337,,,-0.4344742520086951,,,,-0.3056386129522475,,,,,,,,,,,,,,,,,,,,,,,,,,,,,,,,,,,-0.2222240438123451,,,-0.1141265192178964,,,-0.106591743767811,-0.0142839937500721,,,,,,,,-0.7500999784431264,-0.343133507033342,0.1124104588791641,,,,,,,5.3523,0.0355734917698933
1996-09-30,,,,,,,,,,,,,,,,,,,,,,,,,,,,,,,,,,,,,,,,,,,,,,,,,,,,,,,,,,,,,-0.2935217527495604,,,,,,,,,,,,,,,,,,,,,,,,,,,,,,,,,,,-0.2373799177812424,,,-0.1994465316512316,,,-0.2172808260149552,-0.0243421166306992,,,,,,,,-0.5350726675868676,-0.3566139254071253,0.122243374137105,,,,,,,4.2099,0.316587092329984
1996-06-30,,,,,,,,,,,,,,,,,,,,,,,,,,,,,,,,,,,,,,,,,,,,,,,,,,,,,,,,,,,,,-0.2935208070980105,,,,,,,,,,,,,,,,,,,,,,,,,,,,,,,,,,,-0.2380769055918718,,,-0.2000584365705324,,,-0.2180746748671555,-0.025051663433784,,,,,,,,-0.5335305174447802,-0.3572338624234921,0.1229370337462666,,,,,,,3.817,-0.0737752161383285
1996-03-31,,,,,,,,,,,,,,,,,,,,,,,,,,,,,,,,,,,,,,,,,,,,,,,,,,,,,,,,,,,,,-0.2935217403170009,,,,,,,,,,,,,,,,,,,,,,,,,,,,,,,,,,,-0.2482703523223264,,,-0.2090075460153067,,,-0.2296847143305849,-0.0354287854288993,,,,,,,,-0.5109765716167517,-0.3663004412878582,0.1330818055302559,,,,,,,3.8124,0.0068496844830375
1995-12-31,-1.635084461061807,,,,-1.4937979937825847,-1.599584316844428,,-0.1270568830209721,,,-1.1444455799196387,,,-0.6520391998044044,,,-0.2357323976143677,,-0.2784651364144151,0.2774555014257444,,-0.7495200324739404,-0.6138861051361792,,-0.8868233046017681,,,,-1.457053867633726,,,,,,,,,,,,,,0.8680794178243564,,-0.8548658538100018,,,,-0.04157931795594,,,,,-1.5864848898840709,,,-0.4755833068725122,,,,-0.2935217403170009,,,,,,,,,,,,,,,,,,,,,,,,,,,,,,,,,,,-0.2793941155810125,,,-0.1958018205865264,,,-0.2125523958225258,-0.0701361162235454,,,,,,,,-0.5442582314040784,-0.3939835264701901,0.1670120176168871,,,,,,,3.677,-0.0514304523136846
1995-09-30,,,,,,,,,,,,,,,,,,,,,,,,,,,,,,,,,,,,,,,,,,,,,,,,,,,,,,,,,,,,,-0.3492572071807187,,,,,,,,,,,,,,,,,,,,,,,,,,,,,,,,,,,-0.3206275632233017,,,-0.2369888054142968,,,-0.2659859270784558,-0.1117406157325982,,,,,,,,-0.4404569503539508,-0.4306586879522822,0.2076849665236368,,,,,,,3.0103,0.1527717590586354
1995-06-30,,,,,,,,,,,,,,,,,,,,,,,,,,,,,,,,,,,,,,,,,,,,,,,,,,,,,,,,,,,,,-0.3274495072618494,,,,,,,,,,,,,,,,,,,,,,,,,,,,,,,,,,,-0.3145503331671603,,,-0.2374283396516212,,,-0.266556152515116,-0.1051231863662671,,,,,,,,-0.4393492165130189,-0.4252532851441934,0.201215705513725,,,,,,,2.8746,-0.0465803937939192
1995-03-31,,,,,,,,,,,,,,,,,,,,,,,,,,,,,,,,,,,,,,,,,,,,,,,,,,,,,,,,,,,,,-0.3352544155209911,,,,,,,,,,,,,,,,,,,,,,,,,,,,,,,,,,,-0.24546907532293,,,-0.2682259019195173,,,-0.306511068198541,-0.0279770931243748,,,,,,,,-0.3617318228145802,-0.363808840604835,0.1257969612478533,,,,,,,2.2698,0.2074632126178517
1994-12-31,-1.6721862727694368,,,,-1.530965146234556,-1.607483704854726,,-0.2828135531674183,,,-1.1211594509793603,,,-0.6862338260712644,,,-0.1574726580660341,,1.0779933430979731,0.5523148857297372,,-0.3329134627175572,-0.6354391724002724,,-0.8870333296841953,,,,-1.462796827077667,,,,,,,,,,,,,,0.8681478949162661,,-0.8549339767694947,,,,-0.031358220299526,,,,,-1.623689636839974,,,-0.5173607210894896,,,,-0.3352544155209911,,,,,,,,,,,,,,,,,,,,,,,,,,,,,,,,,,,-0.2922486460017545,,,-0.2464692243564666,,,-0.2782852557130732,-0.0802851465323211,,,,,,,,-0.4165639745703579,-0.4054170108357726,0.1769338048291588,,,,,,,2.0198,0.3676830181146764
1994-09-30,,,,,,,,,,,,,,,,,,,,,,,,,,,,,,,,,,,,,,,,,,,,,,,,,,,,,,,,,,,,,-0.1477637495563538,,,,,,,,,,,,,,,,,,,,,,,,,,,,,,,,,,,-0.2765815983549722,,,-0.3033330211232843,,,-0.3520569453518336,-0.0590690589447301,,,,,,,,-0.2732532910024269,-0.3914819281480939,0.1561927586290128,,,,,,,1.8412,0.4885400825548555
1994-06-30,,,,,,,,,,,,,,,,,,,,,,,,,,,,,,,,,,,,,,,,,,,,,,,,,,,,,,,,,,,,,-0.3391901185881077,,,,,,,,,,,,,,,,,,,,,,,,,,,,,,,,,,,-0.3196009874700059,,,-0.2494383515267503,,,-0.2821372237587946,-0.1096998351385715,,,,,,,,-0.4090810474960656,-0.429745598368982,0.2056898802755094,,,,,,,1.6249,0.6866884115945596
1994-03-31,,,,,,,,,,,,,,,,,,,,,,,,,,,,,,,,,,,,,,,,,,,,,,,,,,,,,,,,,,,,,-0.3391901185881077,,,,,,,,,,,,,,,,,,,,,,,,,,,,,,,,,,,-0.3071354481052304,,,-0.2964524786108976,,,-0.343130540932312,-0.0926871572527199,,,,,,,,-0.290593941940877,-0.4186581027724306,0.1890581268213507,,,,,,,1.5526,0.7652325132036584
1993-12-31,-1.6974860133572964,,,,-1.5585738655902963,-1.5772564551305628,,-0.4255611538913569,,,-1.1311403346637636,,,-0.7092890345377598,,,-0.08574930879758,,0.7691728457761664,0.8042175336803116,,-0.4277609276439786,-0.596646786645595,,-0.887495316969469,,,,-1.475429481293442,,,,,,,,,,,,,,0.8682489781350804,,-0.8550345372318137,,,,-0.0357906986511643,,,,,-1.6490595690157588,,,-0.579030914507828,,,,-0.3391901185881077,,,,,,,,,,,,,,,,,,,,,,,,,,,,,,,,,,,-0.0716576519380851,,,-0.2838094035972832,,,-0.3267281714280619,0.1615089484669592,,,,,,,,-0.3224575849901048,-0.2092119687795049,-0.059446370101671,,,,,,,1.6888,-0.0599242065371862
1993-09-30,,,,,,,,,,,,,,,,,,,,,,,,,,,,,,,,,,,,,,,,,,,,,,,,,,,,,,,,,,,,,-0.3646608390256622,,,,,,,,,,,,,,,,,,,,,,,,,,,,,,,,,,,-0.3477116767747069,,,-0.3064183857799793,,,-0.3560597129617677,-0.1359080404556434,,,,,,,,-0.2654774170167259,-0.4547486996998895,0.2313112675864403,,,,,,,1.502,0.0776964047936085
1993-06-30,,,,,,,,,,,,,,,,,,,,,,,,,,,,,,,,,,,,,,,,,,,,,,,,,,,,,,,,,,,,,-0.311851148901129,,,,,,,,,,,,,,,,,,,,,,,,,,,,,,,,,,,-0.3614620803047484,,,-0.2855992202473261,,,-0.3290501725240967,-0.1523592343420898,,,,,,,,-0.3179468090278393,-0.4669790199555013,0.2473941090169176,,,,,,,1.342,0.2061847988077495
1993-03-31,,,,,,,,,,,,,,,,,,,,,,,,,,,,,,,,,,,,,,,,,,,,,,,,,,,,,,,,,,,,,-0.3211191223053171,,,,,,,,,,,,,,,,,,,,,,,,,,,,,,,,,,,-0.3065625499445988,,,-0.3144243635881053,,,-0.3664461898362863,-0.0907260764252059,,,,,,,,-0.2453003937163446,-0.4181485375103591,0.1871409558124283,,,,,,,1.46,0.1086986301369863
1992-12-31,-1.82573523836854,,,,-1.6815962836296188,-1.6773138562890768,,-0.2829510288618312,,,-1.1874263451854266,,,-0.8278152949768022,,,-0.1574035835793437,,0.7860728451032525,0.5525574851939371,,-0.4225704622851912,-0.6757440543661725,,-0.8879845580816191,,,,-1.488807368510124,,,,,,,,,,,,,,0.8683082998998496,,-0.8550935522113596,,,,-0.0339555338341013,,,,,-1.7776646086142092,,,-0.6152227250787845,,,,-0.3211191223053171,,,,,,,,,,,,,,,,,,,,,,,,,,,,,,,,,,,-0.3536834856214386,,,-0.3276017901606719,,,-0.3835417951004816,-0.1407986013034159,,,,,,,,-0.2120900539719761,-0.460060335430525,0.2360923257372183,,,,,,,1.2434,0.3018336818401158
1992-09-30,,,,,,,,,,,,,,,,,,,,,,,,,,,,,,,,,,,,,,,,,,,,,,,,,,,,,,,,,,,,,-0.3837212696703428,,,,,,,,,,,,,,,,,,,,,,,,,,,,,,,,,,,-0.3927886660066185,,,-0.3115900528324191,,,-0.3627691245452416,-0.1843630313614649,,,,,,,,-0.2524435504335612,-0.4948425059115084,0.2786813211298237,,,,,,,1.2509,0.2940282996242706
1992-06-30,,,,,,,,,,,,,,,,,,,,,,,,,,,,,,,,,,,,,,,,,,,,,,,,,,,,,,,,,,,,,-0.3843902796786448,,,,,,,,,,,,,,,,,,,,,,,,,,,,,,,,,,,-0.380990778674987,,,-0.2839149764052065,,,-0.3268651352761206,-0.1736440940502745,,,,,,,,-0.3221915156783471,-0.484348854573187,0.2682023874871335,,,,,,,1.0129,0.586649676534013
1992-03-31,,,,,,,,,,,,,,,,,,,,,,,,,,,,,,,,,,,,,,,,,,,,,,,,,,,,,,,,,,,,,-0.3355262899530611,,,,,,,,,,,,,,,,,,,,,,,,,,,,,,,,,,,-0.3351173565790415,,,-0.3444972778045801,,,-0.4054609904696032,-0.1194222216489815,,,,,,,,-0.1695092904434502,-0.4435466597700662,0.2151945765092313,,,,,,,0.98,0.6517346938775511
1991-12-31,-1.861780574572088,,,,-1.7162818769969874,-1.7023950957153364,,-0.2745566141937423,,,-1.583771584233521,,,-0.8606997618565283,,,-0.1616213464845706,,0.7123516455438369,0.5377440993845592,,-0.44521231718208,-0.4845550504654127,,-0.8886830199334478,,,,-1.5079062210939862,,,,,,,,,,,,,,0.8683862175158749,,-0.8551710668728653,,,,-0.034511868247832,,,,,-1.813809948980908,,,-0.6627597397023548,,,,-0.3355262899530611,,,,,,,,,,,,,,,,,,,,,,,,,,,,,,,,,,,-0.3843904315618709,,,-0.2539425881781139,,,-0.287980751050272,-0.1795629507550726,,,,,,,,-0.3977292688572653,-0.4873726817265986,0.2739887173115854,,,,,,,0.987,0.6400202634245188
1991-09-30,,,,,,,,,,,,,,,,,,,,,,,,,,,,,,,,,,,,,,,,,,,,,,,,,,,,,,,,,,,,,-0.4368921357470942,,,,,,,,,,,,,,,,,,,,,,,,,,,,,,,,,,,-0.3693213413742911,,,-0.3887178144495601,,,-0.4628300704557734,-0.1531840896638687,,,,,,,,-0.0580627164427694,-0.4739694533375447,0.2482004953153724,,,,,,,0.8284,0.93763466602825
1991-06-30,,,,,,,,,,,,,,,,,,,,,,,,,,,,,,,,,,,,,,,,,,,,,,,,,,,,,,,,,,,,,-0.4294871363019671,,,,,,,,,,,,,,,,,,,,,,,,,,,,,,,,,,,-0.4084299235177217,,,-0.3175513828339557,,,-0.3705029976193698,-0.2008656589255435,,,,,,,,-0.2374195399722555,-0.5087546495183011,0.2948144446059236,,,,,,,0.7977,-0.0514787773790373
1991-03-31,,,,,,,,,,,,,,,,,,,,,,,,,,,,,,,,,,,,,,,,,,,,,,,,,,,,,,,,,,,,,-0.4488296011108579,,,,,,,,,,,,,,,,,,,,,,,,,,,,,,,,,,,-0.3628312615558881,,,-0.3465282258563409,,,-0.4080958210272837,-0.1492986322085552,,,,,,,,-0.1643908043391483,-0.4681968405927526,0.2444020356673979,,,,,,,0.9129,-0.0545193687230989
1990-12-31,-1.893342174544024,,,,-1.8818469002964588,-1.7559440214233173,,,,,-1.6067106956862047,,,,,,,,0.1266589258395651,,,-0.6250950327776185,-0.5308525514039956,,,,,,,,,,,,,,,,,,,,,,,,,,-0.034687187337129,,,,,-1.8454591134403853,,,,,,,-0.4488296011108579,,,,,,,,,,,,,,,,,,,,,,,,,,,,,,,,,,,-0.43401960596408,,,-0.2184313672450492,,,-0.2419106164774745,-0.2359843536469538,,,,,,,,-0.487226235919075,-0.5315154369289834,0.3291468099253252,,,,,,,0.855,0.0380806413581702
1990-09-30,,,,,,,,,,,,,,,,,,,,,,,,,,,,,,,,,,,,,,,,,,,,,,,,,,,,,,,,,,,,,-0.4421415663867692,,,,,,,,,,,,,,,,,,,,,,,,,,,,,,,,,,,-0.4016869061448937,,,-0.3702700965602203,,,-0.4388971043849969,-0.1896278556163673,,,,,,,,-0.1045554800517652,-0.5027570610272678,0.2838282626974315,,,,,,,0.8516,-0.0381221320155312
1990-06-30,,,,,,,,,,,,,,,,,,,,,,,,,,,,,,,,,,,,,,,,,,,,,,,,,,,,,,,,,,,,,-0.4530454058562319,,,,,,,,,,,,,,,,,,,,,,,,,,,,,,,,,,,-0.4170350361909938,,,-0.3909416592404361,,,-0.4657151537081287,-0.2047157875141527,,,,,,,,-0.0524580833501828,-0.5164084819021878,0.2985783664224773,,,,,,,0.9398,-0.0804818249653555
1990-03-31,,,,,,,,,,,,,,,,,,,,,,,,,,,,,,,,,,,,,,,,,,,,,,,,,,,,,,,,,,,,,-0.4706423385473918,,,,,,,,,,,,,,,,,,,,,,,,,,,,,,,,,,,-0.3691995727331295,,,-0.405339530523809,,,-0.4843940909611476,-0.1518125014404203,,,,,,,,-0.0161719242671982,-0.4738611460085821,0.2468596178047254,,,,,,,0.7642,0.1586299529885829
1989-12-31,-1.9048764057717675,,,,-1.880218294641348,-1.7859116221037146,,,,,-1.5429180146226946,,,,,,,,0.2191674126241339,,,-0.5966830733002249,-0.5990662354336349,,,,,,,,,,,,,,,,,,,,,,,,,,-0.0338646233473789,,,,,-1.857025345233611,,,,,,,-0.4706423385473918,,,,,,,,,,,,,,,,,,,,,,,,,,,,,,,,,,,-0.4681020023031722,,,-0.4315941999551427,,,-0.5184553291299436,-0.25701471475404,,,,,,,,0.0499962677457926,-0.5618300834333636,0.3497062881762988,,,,,,,0.7936,-0.0813983158969125
1989-09-30,,,,,,,,,,,,,,,,,,,,,,,,,,,,,,,,,,,,,,,,,,,,,,,,,,,,,,,,,,,,,-0.6586165075243893,,,,,,,,,,,,,,,,,,,,,,,,,,,,,,,,,,,-0.3999673788933465,,,-0.390249998871451,,,-0.4648178349046475,-0.1862746493010355,,,,,,,,-0.0542012367432384,-0.5012276245326421,0.2805501367556063,,,,,,,0.6922,0.040161802947125
1989-06-30,,,,,,,,,,,,,,,,,,,,,,,,,,,,,,,,,,,,,,,,,,,,,,,,,,,,,,,,,,,,,-0.6586175231090858,,,,,,,,,,,,,,,,,,,,,,,,,,,,,,,,,,,-0.3921268827877797,,,-0.3854867696211246,,,-0.4586383061022654,-0.1781347535123412,,,,,,,,-0.0662057401121268,-0.4942538816803354,0.272592498292781,,,,,,,0.582,0.2371134020618557
1989-03-31,,,,,,,,,,,,,,,,,,,,,,,,,,,,,,,,,,,,,,,,,,,,,,,,,,,,,,,,,,,,,-0.6586175767244983,,,,,,,,,,,,,,,,,,,,,,,,,,,,,,,,,,,-0.3978261526201506,,,-0.3889440970284218,,,-0.4631236359425612,-0.1840520357473701,,,,,,,,-0.0574924289681364,-0.4993231071122114,0.2783772889008205,,,,,,,0.4593,0.5676028739386022
1988-12-31,-1.9218426860270783,,,,-1.88325031072179,-1.8283727728944463,,,,,-1.6057795883812644,,,,,,,,0.0469420377287704,,,-0.6495783323471195,-0.6111158190491287,,,,,,,,,,,,,,,,,,,,,,,,,,-0.0353960114008884,,,,,-1.8740386967285725,,,,,,,-0.6586175767244983,,,,,,,,,,,,,,,,,,,,,,,,,,,,,,,,,,,-0.4423661809233815,,,-0.4096386288450634,,,-0.4899714840498054,-0.2307675322910699,,,,,,,,-0.0053371444217512,-0.5389393124950134,0.3240467964419918,,,,,,,0.479,0.5031315240083507
1988-09-30,,,,,,,,,,,,,,,,,,,,,,,,,,,,,,,,,,,,,,,,,,,,,,,,,,,,,,,,,,,,,-0.612573151606053,,,,,,,,,,,,,,,,,,,,,,,,,,,,,,,,,,,-0.4641192959855488,,,-0.4274521537372341,,,-0.5130816860489165,-0.2530083871469318,,,,,,,,0.0395572976345879,-0.5582876583952792,0.3457896647343522,,,,,,,0.4435,0.6234498308906425
1988-06-30,,,,,,,,,,,,,,,,,,,,,,,,,,,,,,,,,,,,,,,,,,,,,,,,,,,,,,,,,,,,,-0.613919450153152,,,,,,,,,,,,,,,,,,,,,,,,,,,,,,,,,,,-0.467461876264043,,,-0.4296857271876577,,,-0.5159793906824236,-0.2564634758134033,,,,,,,,0.0451864493300329,-0.5612607222182253,0.3491673918181526,,,,,,,0.4297,-0.0963462881079824
1988-03-31,,,,,,,,,,,,,,,,,,,,,,,,,,,,,,,,,,,,,,,,,,,,,,,,,,,,,,,,,,,,,-0.5479584766937586,,,,,,,,,,,,,,,,,,,,,,,,,,,,,,,,,,,-0.4046223671212354,,,-0.4285318725407292,,,-0.5144824486605867,-0.1884632326097245,,,,,,,,0.0422784532483177,-0.5053680118811881,0.2826897163237514,,,,,,,0.3762,0.0321637426900584
1987-12-31,-1.941966634091088,,,,-1.8840767221221355,-1.8541885253769768,,,,,-1.47970108488976,,,,,,,,0.0,,,-0.6639955530810617,-0.7091433578881395,,,,,,,,,,,,,,,,,,,,,,,,,,-0.0358134091033402,,,,,-1.894218476664258,,,,,,,-0.5479584766937586,,,,,,,,,,,,,,,,,,,,,,,,,,,,,,,,,,,-0.4571036328576771,,,-0.42448527406019,,,-0.5092326337665306,-0.2456282215362178,,,,,,,,0.0320800347932662,-0.552047564664801,0.33857474561863,,,,,,,0.3272,-0.0501222493887529
1987-09-30,,,,,,,,,,,,,,,,,,,,,,,,,,,,,,,,,,,,,,,,,,,,,,,,,,,,,,,,,,,,,-0.639496247518669,,,,,,,,,,,,,,,,,,,,,,,,,,,,,,,,,,,-0.4599132950108562,,,-0.4318365293214001,,,-0.5187697127591483,-0.2481242178207015,,,,,,,,0.0506069970516347,-0.5545466235373916,0.3410148549949764,,,,,,,0.4341,-0.2289794978115641
1987-06-30,,,,,,,,,,,,,,,,,,,,,,,,,,,,,,,,,,,,,,,,,,,,,,,,,,,,,,,,,,,,,-0.6489182346917519,,,,,,,,,,,,,,,,,,,,,,,,,,,,,,,,,,,-0.4675827830463122,,,-0.4336499856886022,,,-0.5211223826106403,-0.2562988221436068,,,,,,,,0.0551773508862558,-0.5613682629653021,0.3490064248463594,,,,,,,0.4577,-0.0323355909984705
1987-03-31,,,,,,,,,,,,,,,,,,,,,,,,,,,,,,,,,,,,,,,,,,,,,,,,,,,,,,,,,,,,,-0.6435331928022089,,,,,,,,,,,,,,,,,,,,,,,,,,,,,,,,,,,-0.4252207230104715,,,-0.4336491038050855,,,-0.5211212385076998,-0.2103998049352688,,,,,,,,0.0551751283239791,-0.5236892552333579,0.3041351151607677,,,,,,,0.4263,0.0389397138165611
1986-12-31,-1.958016705316724,,,,-1.8934015172222824,-1.8307316499632216,,,,,-1.5004789869234814,,,,,,,,-0.529669463926871,,,-0.8266719503347388,-0.6718450674089924,,,,,,,,,,,,,,,,,,,,,,,,,,-0.0405231070201492,,,,,-1.91031307719966,,,,,,,-0.6435331928022089,,,,,,,,,,,,,,,,,,,,,,,,,,,,,,,,,,,-0.4509214099972992,,,-0.4360120766351187,,,-0.5241868181586132,-0.238070141232306,,,,,,,,0.0611303981226733,-0.546548775824983,0.3311858954302693,,,,,,,0.3898,0.1362237044638277
1986-09-30,,,,,,,,,,,,,,,,,,,,,,,,,,,,,,,,,,,,,,,,,,,,,,,,,,,,,,,,,,,,,-0.6179608649417986,,,,,,,,,,,,,,,,,,,,,,,,,,,,,,,,,,,-0.4278229570042428,,,-0.4224213243555612,,,-0.5065549888378202,-0.2140566837373746,,,,,,,,0.0268783764475682,-0.5260038167699942,0.3077101141736476,,,,,,,0.3947,-0.0831010894350139
1986-06-30,,,,,,,,,,,,,,,,,,,,,,,,,,,,,,,,,,,,,,,,,,,,,,,,,,,,,,,,,,,,,-0.6351905382740156,,,,,,,,,,,,,,,,,,,,,,,,,,,,,,,,,,,-0.4911395063662817,,,-0.4316270846056431,,,-0.5184979917090983,-0.2819732841625248,,,,,,,,0.0500791451125896,-0.5823208313569583,0.3741060197033175,,,,,,,0.417,-0.033093525179856
1986-03-31,,,,,,,,,,,,,,,,,,,,,,,,,,,,,,,,,,,,,,,,,,,,,,,,,,,,,,,,,,,,,-0.6351907325327564,,,,,,,,,,,,,,,,,,,,,,,,,,,,,,,,,,,-0.4863574920377835,,,-0.4279516316054374,,,-0.5137296787678273,-0.2770661116102565,,,,,,,,0.0408161040947472,-0.5780674604230305,0.3693087217944319,,,,,,,0.3763,0.0093010895562051
1985-12-31,-1.9690588166824283,,,,-1.896159131247309,-1.7991404238690696,,,,,-1.4606986286066563,,,,,,,,-0.6863081810961263,,,-0.8747801081858968,-0.6590218981630406,,,,,,,,,,,,,,,,,,,,,,,,,,-0.0419159021314142,,,,,-1.921385823793742,,,,,,,-0.6351907325327564,,,,,,,,,,,,,,,,,,,,,,,,,,,,,,,,,,,-0.4926020389558251,,,-0.4542396432189178,,,-0.5478341730899768,-0.2818714796948264,,,,,,,,0.107068326566251,-0.583621683503974,0.3740064947009252,,,,,,,0.4092,-0.0833333333333333
1985-09-30,,,,,,,,,,,,,,,,,,,,,,,,,,,,,,,,,,,,,,,,,,,,,,,,,,,,,,,,,,,,,-0.6145919948935002,,,,,,,,,,,,,,,,,,,,,,,,,,,,,,,,,,,-0.4473304237150616,,,-0.4309544816521384,,,-0.5176253968568844,-0.2345565222480127,,,,,,,,0.0483840210702776,-0.5433547668514047,0.3277509485588413,,,,,,,0.2898,0.2943409247757073
