,totalAssets,intangibleAssets,earningAssets,otherCurrentAssets,totalLiab,totalStockholderEquity,deferredLongTermLiab,otherCurrentLiab,commonStock,capitalStock,retainedEarnings,otherLiab,goodWill,otherAssets,cash,cashAndEquivalents,totalCurrentLiabilities,currentDeferredRevenue,netDebt,shortTermDebt,shortLongTermDebt,shortLongTermDebtTotal,otherStockholderEquity,propertyPlantEquipment,totalCurrentAssets,longTermInvestments,netTangibleAssets,shortTermInvestments,netReceivables,longTermDebt,inventory,accountsPayable,totalPermanentEquity,noncontrollingInterestInConsolidatedEntity,temporaryEquityRedeemableNoncontrollingInterests,accumulatedOtherComprehensiveIncome,additionalPaidInCapital,commonStockTotalEquity,preferredStockTotalEquity,retainedEarningsTotalEquity,treasuryStock,accumulatedAmortization,nonCurrrentAssetsOther,deferredLongTermAssetCharges,nonCurrentAssetsTotal,capitalLeaseObligations,longTermDebtTotal,nonCurrentLiabilitiesOther,nonCurrentLiabilitiesTotal,negativeGoodwill,warrants,preferredStockRedeemable,capitalSurpluse,liabilitiesAndStockholdersEquity,cashAndShortTermInvestments,propertyPlantAndEquipmentGross,propertyPlantAndEquipmentNet,accumulatedDepreciation,netWorkingCapital,netInvestedCapital,commonStockSharesOutstanding,investments,changeToLiabilities,totalCashflowsFromInvestingActivities,netBorrowings,totalCashFromFinancingActivities,changeToOperatingActivities,changeInCash,beginPeriodCashFlow,endPeriodCashFlow,totalCashFromOperatingActivities,issuanceOfCapitalStock,depreciation,otherCashflowsFromInvestingActivities,dividendsPaid,changeToInventory,changeToAccountReceivables,salePurchaseOfStock,otherCashflowsFromFinancingActivities,changeToNetincome,capitalExpenditures,changeReceivables,cashFlowsOtherOperating,exchangeRateChanges,cashAndCashEquivalentsChanges,changeInWorkingCapital,stockBasedCompensation,otherNonCashItems,freeCashFlow,researchDevelopment,effectOfAccountingCharges,incomeBeforeTax,minorityInterest,sellingGeneralAdministrative,sellingAndMarketingExpenses,grossProfit,reconciledDepreciation,ebit,ebitda,depreciationAndAmortization,nonOperatingIncomeNetOther,operatingIncome,otherOperatingExpenses,interestExpense,taxProvision,interestIncome,netInterestIncome,extraordinaryItems,nonRecurring,otherItems,incomeTaxExpense,totalRevenue,totalOperatingExpenses,costOfRevenue,totalOtherIncomeExpenseNet,discontinuedOperations,netIncomeFromContinuingOps,netIncomeApplicableToCommonShares,preferredStockAndOtherAdjustments,adjusted_close,10%DDret
2023-09-30,0.3019036741790202,-0.3164351199635883,,,0.3362278318171675,-0.0131092373323811,,-0.2510272336359292,-0.696969696969697,-1000.0,-1.072588781150794,,,0.4768080226429826,0.108322026232474,-0.0328217150811385,0.2510272336359292,,0.393416581741937,-0.8189045978639309,,0.5000784651599305,0.1206585335491099,5.159352170383827,-0.2028437439396343,-0.3434292231656317,,,-0.0650265957446808,0.2396802780508719,,2.325109361329834,,,,0.1331022530329289,,,,,,,0.6664776526929869,,-0.0109427883894276,0.5111851971197343,1.1755916967761708,,0.2724007910940292,,,,-0.0030239067163832,0.3019036741790202,-0.0531954362737132,,3.4786836537162924,,,0.2485597525164636,-0.0281538025646604,0.0187335626137972,,0.5479990580985564,,-0.0824298534129207,,0.5476308741173606,0.0204257664154876,0.3527136984128921,0.1279984769640817,,0.2849553248007727,5.4008370895041855,-0.8332968356509362,,,0.0373619945894567,-0.3378993309471125,,338.679012345679,,,,,0.0,-0.3605597136348845,0.1659551760939167,0.1573380867498514,,,-0.0860729228930065,158000.0,-0.3502092884193741,,-0.6143135616819827,0.2849553248007727,-1.2336160108548169,-1.1930004093327875,0.4710391822827938,,-0.0991709081596722,0.7765305368879699,2.275256222547584,0.0,1.152503090234858,0.2422895248680188,,,,-0.4909780841012933,-0.1136969326611329,0.1317701032241621,0.4214334569278952,0.0902506612923542,,0.9265052496250268,-0.2970106563393829,,8.25,-0.0852618757612668
2023-06-30,0.3138334273533519,-0.2946747870565032,,,0.3670302839365179,-0.0216359224482839,,-0.2490922121356903,-0.6666666666666666,0.0,-1.0796680866388593,,,0.4976593653272357,-0.0100471667635846,-0.3012564562804498,0.2490922121356903,,0.4401300612256301,0.4679595151082656,,0.5315506869547826,0.1208128449313249,4.176413745120018,-0.2658362863842315,-0.3434292231656317,-0.410531698935729,,-0.0559397163120567,0.2459979545227816,,2.310936132983377,,0.4933420650512988,,0.1223836821757099,,-0.625,0.0,-0.2099552185654808,,,0.666406772452857,,-0.0098276413008745,0.507665423178455,1.1826385779026931,0.9401484052553704,0.2787678903474451,,,,-0.0021386794119561,0.3138334273533519,-0.0756645213514566,,3.4992121730518164,,,0.2652295562224811,-0.0356028308311013,-0.1810169262930744,,-0.2763482959965198,-0.0280328111773983,-0.4576942527971886,,-0.9492086681275872,0.6061361158698022,0.0117111731911727,0.3568980835131362,,0.2839893745472108,-0.2665003219575016,-0.8333515821745319,,,0.002851502522483,-0.3297288024215004,0.195404476440499,189.5185185185185,,0.3736205990541251,,-0.770003463803256,0.3942506869583597,-0.0520663846404165,-0.3165243685521167,0.3716577540106952,,,-0.2461788062505336,115000.0,-0.2816424157863265,,-0.0722794640923295,0.2839893745472108,0.8297489823609226,0.881839268658753,0.4701873935264054,0.0043083263088882,-0.2274720701686994,0.8961671959234916,2.139458272327965,134000.0,1.0706118665018542,0.2570158377327035,,,,-0.0006195307054905,0.5343993481692723,0.2026252070855103,0.4780229669894524,0.0983751102153923,,0.6805228197985859,-0.5048725542308958,,8.84,-0.0588235294117646
2023-03-31,0.4407673883088419,-0.2728277595960033,,,0.5544802373357487,-0.0237946453932365,,-0.1398232202580028,-0.6666666666666666,0.0,-1.0816833453788417,,,0.5401898998912468,0.477805776313239,0.8050844353273013,0.1398232202580028,,0.523187777224917,0.5132543327404917,,0.7205347939135652,0.1213522864019253,3.9663870743303313,0.0,-0.0668431706322974,-0.4138058991733424,,-0.0308953900709219,0.2835067978229299,,1.510586176727909,,0.3385723641126391,,0.1117984268764164,,-0.625,0.0,-0.2107794229358825,,,0.6663389739622979,,-0.0087092335483197,0.5039225649732919,1.224476801354741,0.9367887060708208,-0.8261883996531337,,,,0.000955896711083,0.4407673883088419,0.0169407334954329,,3.519560617656327,,,0.4055764627360141,-0.0399882763664236,0.2296581023669836,,0.2527927776913037,-0.3500467890150354,-0.418564989645511,,0.3234477720964207,0.4091382842356211,0.608139265367865,-0.0400431526843508,,0.3409804395073654,0.2093931101094655,-0.8332968356509362,,,0.0353147620092125,-0.2767686577362693,0.3741373244201467,110.08641975308642,,-0.1203363110877561,,0.1352268791132663,-0.0179243288945254,0.1757240481614058,0.3765563856278904,0.0,,,-0.5368457006233456,-146000.0,-0.2473589794698026,,-0.0766112812896438,0.3409804395073654,0.5412822252374491,0.5957838722881703,0.520442930153322,0.2339608504261496,1.4931335830212236,1.0034709401078208,2.0092728160078086,-5000.0,0.930083436341162,0.0480689080300083,,,,-0.0436769147370866,0.4188351920693928,-0.2689775285671806,0.3605241369379747,-1.8086030986270312,,0.2807554562429214,-0.8322069506669704,,9.72,-0.1028806584362139
2022-12-31,0.5681406231215262,-0.2509807321355036,,,0.7368270783286732,-0.0191552846782069,,-0.1185140946010511,-0.6666666666666666,0.0,-1.0757239021526517,,,0.670636276177463,0.1372682044323835,0.0328217150811385,0.1185140946010511,,0.7286195895408211,0.5546485344182274,,0.893231995322861,0.1209528922361923,4.296579181322716,-0.1774915816011706,0.0248932242342456,-0.4092438468422677,-0.4895132631044548,-0.0509751773049645,0.3177855234129465,,1.3545056867891514,,0.0999781707050862,,0.1013198240234635,,-0.625,0.0,-0.2083421184574364,,,0.6664129359519987,,-0.0074669205637035,0.5004027910320126,1.2627120774844334,0.9336292538575354,-0.8267436844139909,,,,-0.0013352798415517,0.5681406231215262,-0.0429543412737591,,3.538468464412732,,,0.5394822383911261,0.0,0.2554454110189493,2.856704980842912,0.2366846665628978,0.009227889906767,-0.3532486517015692,,0.5458388117847577,0.0753776670300576,0.4075488270528101,0.251110547023734,,-0.5969572567012799,-6.046844816484224,-0.8333515821745319,,,0.019960517657381,-0.3190518697716613,1.0888522016834017,5.555555555555555,-4.7184277096711424,0.5445086705202312,,0.2934118462071354,0.3114774889029803,0.201757240481614,0.9637139807897546,0.2458110516934046,,,-0.9550849628554352,-91000.0,-0.274865457444688,,-0.9241622574955908,-0.5969572567012799,0.1188941655359565,0.1047891936144085,-0.3066439522998296,0.0953451344010489,1.0945292743045552,3.243408906284617,1.686920448999512,56000.0,0.7126081582200248,0.0,,,,-0.0247812282196236,0.5002461339987438,-0.2488424450957903,1.4329169516541271,-1.7249653608766846,,-0.3195690103768098,-1.3399650694813576,,7.95,0.0992462311557789
2022-09-30,0.6831240231936596,-0.2292203992284184,,-0.0442999062964791,0.8798093962903162,0.0,,-0.0407787864309603,-0.6666666666666666,0.0,-1.0573941742495814,,,0.7707363152170882,0.0522872649738321,-0.1598959668852339,0.0407787864309603,,0.8681373944649476,0.5895407285882706,,1.0383863870640184,0.1210190256857131,3.489868965250667,-0.2445302445302445,0.0213859785523706,-0.3879459538680778,-0.4895132631044548,-0.0892287234042553,0.346679907184377,,0.7851268591426072,,0.0,,0.0906279162778296,,-0.625,0.0,-0.2008455913136728,,,0.6663636279588648,,-0.0077799443078588,0.4940820702219688,1.294941535350268,0.9279555896717062,-0.828769353261333,,,,-0.000955896711083,0.6831240231936596,-0.0590855989967406,,3.4788637284473056,,,0.6653695105179348,-0.0068126281309152,-0.6848944635511498,0.0,-0.7254357291953527,0.1567198566084155,0.5164176790440648,-0.7068730860837019,0.3286876065254444,-0.1248427635283265,0.0676686225952447,-0.2825866226678512,,0.6848587297754166,0.7386107533805538,-0.3017080915361874,,,-0.0418220369964173,0.6809742991809118,-0.0156973125118406,3.320987654320988,,-0.5165528113504992,,0.1389539314166955,-0.3382794335235679,0.2004555808656036,0.0562966915688367,-0.2431372549019607,,,-0.2637691059687473,-82000.0,-0.2650986645405621,,-0.0847798508617222,0.6848587297754166,0.2766960651289009,0.3540046391049256,0.823679727427598,0.6629202959632856,1.243445692883895,0.8428476478842035,0.9799902391410444,0.0,0.0598733003708281,-0.7377049180327869,,,,7.063579338650972,0.4939994228582098,-0.2748396414765728,0.4497282119586738,-1.361569467187303,,0.6717071229606049,-0.5154023337636369,,8.15,0.1754601226993864
2022-06-30,0.5213787650393497,0.0342443485987992,,-0.0590729618719915,0.6507206710510771,-0.0006357141504559,,-0.1012661251791686,-0.6666666666666666,0.0,-1.0591529006652574,,,0.6758735116142885,-0.3693222200684887,-1.1160115755155866,0.1012661251791686,,0.7531497540065403,0.5362063162463745,,0.8250965429173654,0.1221770094194779,0.7279192918712072,-0.4739514465541863,-0.3434292231656317,-0.3981552220375504,-0.4895132631044548,-0.1410017730496454,0.3025134391508604,,1.2281714785651794,,0.0089500109146474,,0.079562724970004,,-0.625,0.0,-0.2015648786038764,,,0.5502710398747577,,0.0264439850531162,0.5729051767942791,1.2456772446898658,0.9314042875101514,-0.8271931413616802,,,,0.0056870275145755,0.5213787650393497,-0.1438628551804916,,4.481339755998739,,,0.4973989517284702,0.0131532541431511,-1.882149841526738,0.0,-2.2899499914191184,1.731201675878994,1.6042924063389403,0.4603606668935012,-0.4849671292914536,0.1753501132102596,-0.1362155831798275,0.1538900875745653,,0.8094663124849071,-0.0045476497102382,-0.3016533450125917,,,-0.0943920450391167,1.1552836569075855,0.0671195431540772,0.1234567901234567,,0.2127167630057803,,-0.4397921718046415,0.2418093426336926,0.3019850309144158,0.0361970828886517,0.1809269162210338,,,-0.2606950730082828,24000.0,-0.261510863065577,,-0.1962932021411553,0.8094663124849071,-0.207293080054274,-0.123891390367035,0.9335604770017036,-0.0207923574037651,0.7867089215403822,-0.2890480762129828,0.1022449975597852,0.0,-0.4844715698393078,-0.6965823839955543,,,,4.835127391001317,0.3080239683590501,-0.2694872775158234,0.3822671802440692,-0.9100012596044842,,0.6761149713795953,-0.5201609841293948,,8.19,0.1233211233211233
2022-03-31,-0.1012364403096187,-0.761871735408223,,-0.0712706227997633,-0.2178815684112419,0.0004138904894457,,0.0375298614429049,-0.6666666666666666,0.0,-1.0608548939707505,,,0.1816527704191182,0.3525715577954384,0.5210813582915125,-0.0375298614429049,,-0.0545655800735984,0.3774736118033727,,0.0285459328892102,0.1241726835138387,1.7464806153608288,-0.0949383826096154,-0.2224771977655009,-0.3683101073002192,-0.4895132631044548,-0.2161347517730496,0.1710661688272622,,0.2115485564304462,,,,0.0672710305292627,,-0.625,0.0,-0.2022609630782671,,,0.6387942962978942,,-0.0672185883933404,-0.4955692986478615,1.0990579468364805,-0.0276897061931938,-0.8308099625058283,,,,0.0171354713928382,-0.1012364403096187,-0.006831484928113,,0.9623193625354522,,,0.0,0.0366319881037485,-0.2026434688785487,0.0,-0.3005184449047522,-0.3327439879667991,-1.438945429443663,-0.6811840762164001,-3.8660822985147294,2.554993830340349,0.1694704353872616,-0.519355248127935,,2.4052161313692344,0.0,-0.3017080915361874,,,-0.1961687504569715,0.2146784562644111,-0.291970012720236,0.0987654320987654,,-0.4700998423541776,,-2.844752338067198,-0.3255125766222786,-0.0195248942401561,-0.129758093205265,-0.4493166963755199,,,-0.5303560754845872,,-0.2431732110823201,,-0.4926513815402704,2.4052161313692344,-0.4800203527815468,-0.2854413971892482,2.340715502555366,0.0402734850613468,0.529338327091136,-0.2362454767003914,0.0,280000.0,-0.8199938195302843,-1.6704640177827177,,,,0.0446062107953225,-0.3137274872264942,-0.2087421944692239,0.0677850174592318,-0.8557123063358105,,0.2894487128470415,-0.8681499481104614,,13.41,-0.110365398956003
2021-12-31,0.3545679857212876,-0.6847135828691563,,0.0761792809745166,0.4110877013350136,0.015273370610529,,-0.0145962732919254,-0.6666666666666666,0.0,-1.054019787522169,,,0.5739992610356655,-0.359145829295083,-1.0929338070991612,0.0145962732919254,,0.56355518422236,0.5159447425001241,,0.6077818976260443,0.128293705132993,0.1128058443817401,-0.3497822675904867,-0.221182530902465,-0.3539566371157102,-0.4895132631044548,0.4554521276595745,0.2857347383106612,,0.5933508311461068,,,,0.0551126516464471,,-0.625,0.0,-0.1994655281818374,,,0.635894369951709,,-0.0641503035678185,-0.494999194417936,1.2269618972351355,0.0024808374773331,-0.8294516313979916,,,,0.0407762476404786,0.3545679857212876,-0.1419311516325961,,0.971503173817134,,,0.4473756837494818,0.0952546512437352,-0.7595792029132106,3.2038314176245213,-0.8970852939650459,-0.4337433038931302,1.5245794527071177,0.0028921401837359,2.760886291697102,0.8589244426341451,2.5926585583057835,0.340144688412235,-1.0,0.992030910408114,0.3109707018673535,-0.3018723311069747,,,-0.1781823499305403,-0.403344973671126,-0.7264066686513844,1.4074074074074074,1.1076084841408835,-0.1106673673147661,,1.868957395219952,0.4684844641724794,0.0026033192320208,-0.527570259694059,0.3628045157456922,,,0.3057808897617624,,-0.2459637233406418,,0.083727838113803,0.992030910408114,0.1644843962008141,0.2628598717423932,1.094548551959114,0.0324061065842465,1.1375524184512948,0.4109740787238756,-0.0356271351878965,0.0,-0.5242583436341162,-0.5257015837732704,0.0,,,4.485092542399133,-0.006823852930692,0.535831103181683,0.8961085712228662,-0.8373220808666079,,1.4883834828124525,0.1517199483635811,,12.47,-0.0569366479550922
2021-09-30,-0.159902619921763,-0.7571902295238302,,1.0787922793190368,-0.3030165793722679,0.0019477199503331,,0.1395843287147635,-0.6666666666666666,0.0,-1.0720313166768212,,,0.0926337107163771,0.8434289591006009,1.634235686288875,-0.1395843287147635,,-0.1981012338254976,0.3601099117358734,,-0.0439374124959613,0.1319803207601975,0.9430172780333193,0.1475908393716613,-0.1721084917131045,-0.3667104266126995,-0.4956530016499555,0.9092198581560283,0.1566872102843487,,-0.5359580052493438,,,,0.0426609785361951,,-0.625,0.0,-0.2068319177934323,,,0.6666194131732467,,-0.0731236509002693,-0.4944290901880104,1.0830193269379094,0.0049727997864032,0.1623417329491161,,,,0.0619249974428833,-0.159902619921763,0.0863440823948218,,0.9518750281366768,,,-0.0531987986101568,0.0952546512437352,-1.6174050846314654,0.0,-1.9771189789149768,0.6222634515880862,1.8459119148606296,-0.3725757060224566,0.7150328707085464,0.4210942460436309,0.8655532919375892,-0.5005711384693489,1.0,1.965708765998551,-12.734747263361236,-0.3308332420891273,,,0.0255904072530525,-0.357962194586516,-0.0387561233050962,0.8271604938271605,,0.099947451392538,,0.4137582265327329,-0.1721411963644049,0.0156199153921249,0.3969228032728566,-0.4352346999405823,,,-1.1530185295875672,,-0.2722742674905322,,-0.1245088028713759,1.965708765998551,-1.000033921302578,-0.8394051030154182,1.953151618398637,-3.4337360681839466,0.0386055891673869,-0.2490953400782807,-0.0455100048804294,0.0,-0.7187886279357231,-1.2028341205890525,,,,,-0.2353041027991377,-0.2235249139798649,0.8914287771338061,-0.8322206827056304,,-0.6033854724662524,-1.5803275368921963,,16.17,-0.0871985157699444
2021-06-30,-0.7289541583050503,-0.7498211924835823,,0.8957662211800529,-1.1425589729452998,0.0281580791153023,,0.0796942188246536,-0.6666666666666666,0.0,-1.0478457451400691,,,-0.3041779370346616,0.5341959035988887,0.9329645774570496,-0.0796942188246536,,-0.8313780689313852,0.1709219453788699,,-0.8351862393648938,0.1324341777667123,0.1148158169378841,-0.016087516087516,-0.3434292231656317,-0.3367592901533885,-0.4956530016499555,4.11156914893617,1.9799853938000564e-05,,-0.0972878390201224,,,,0.0302359685375283,,-0.625,0.0,-0.1969404565305333,,,0.6666656394168097,,-0.0727454138760817,-0.4940820702219688,0.9082689068092442,0.0053287944019846,0.0022653377183398,,,,0.0645286071617864,-0.7289541583050503,0.0276448241076602,1.7736833523561064,0.9547562238328906,,,-0.6247227184389784,0.1167287568864145,-1.2587497471171354,0.0,-1.552042050311905,0.2872175658750763,1.0329830156849282,0.6129635930588636,-0.1527343559775992,0.5169575790974327,0.4197113683773925,0.2804924482802386,,5.3185220961120505,-0.0045476497102382,-0.4258732070513522,,,-0.2250493529282737,5.610268696989698,-1.198083845300279,0.7901234567901234,,0.2208092485549133,,-0.2034776584689989,0.3176495455506235,-0.765375854214123,-0.9302739238705088,0.2962566844919786,,,0.4324139697720092,,-0.3775164440900936,,-0.244314489928525,5.3185220961120505,0.5423677069199457,0.9484240687679084,4.909710391822828,-0.0043083263088882,1.4941579435961458,-0.2452551510228195,0.4630307467057101,0.0,-0.5791872682323856,-1.8588496804667964,,,,,-0.3667566328868972,-0.219107089758294,1.1684005903740236,-1.0947222572112356,,1.6699623496280878,0.4320753284228111,,16.06,0.0224159402241595
2021-03-31,-1.0970147873452138,-0.7425388499967489,,-0.1060262216997788,-1.2805431943186445,-0.2887575981366812,,0.1479694218824653,-0.6666666666666666,,-1.0726874474293735,,,-0.5466715233819469,0.2140434192672998,,-0.1479694218824653,,-0.8804650061332063,-0.7883205906100506,,-0.9529393664322968,-0.0058158533549109,0.962003788025202,-0.1897974295234569,-0.2095099788674747,-0.702322187539953,-0.4874032237593603,0.7662677304964539,-0.0230059072102691,,-0.5973753280839895,,,,0.0179176109852019,,-0.625,-0.7142857142857143,-0.2071002634024003,,,0.6670107953687467,,-0.0739029495966558,-0.5058063876460892,0.8825855054421358,-0.0026588347851238,-0.0215571255422897,,,,-0.7285606687557535,-1.0970147873452138,-0.0331271827483542,1.6732431110386434,0.8555350470445234,,,-0.9825576762968,0.1789893683288761,0.12558500236024,0.0,0.0862278842738378,0.0844150967142135,-0.0485867322266396,0.0,0.9005113221329437,-0.0349454314568782,0.5173288765813133,-0.0159918771417692,,1.3021009418014973,-0.0055537669027688,-0.4258184605277565,,,-0.6053959201579294,0.5332127623074038,-0.7075698936371756,0.5185185185185185,,-0.266106148187073,,0.5456875649463111,0.0130205030648911,-0.9632281158477058,-0.5901814300960512,0.019964349376114,,,0.3826317137733754,,-0.4409009368148295,,-0.0109533091989232,1.3021009418014973,0.1650949796472184,0.2853731750579888,1.3679727427597956,0.3231244731666198,1.1381286212746886,-0.2129827929990399,-0.1443387018057589,0.0,-0.6598423980222496,-0.765768268963601,,,,,-0.1107093751591383,-0.1819803746654772,0.8061845278807732,-0.7812067010958559,,1.5985796932872145,0.4722707368314476,,14.59,-0.0335846470185058
2020-12-31,-1.1024132318533657,-0.7352565075099157,,-0.0969860484170525,-1.2835328633875478,-0.2926097553717846,,-0.891662685140946,-0.6363636363636364,,-1.0985084125335771,,,-0.4655196452971194,-0.4584060218388576,,0.891662685140946,,-0.7774537481740075,-0.7883205906100506,-0.3696697571171281,-0.9619120882502268,0.0065018258019004,0.9741563913261954,-0.6217185874720121,-0.3143163439703802,-0.707024562738354,-0.4874032237593603,0.0187056737588652,-0.0322539620650029,,-0.2566929133858268,,,,0.0057592321023863,,-0.5972222222222222,-0.7142857142857143,-0.2176605710515617,,,0.6604620775306557,,-0.0735768831964941,-0.5056576648034999,0.8805998750996383,-0.0024808374773331,-0.0233723837963922,,,,-0.6578987009847224,-1.1024132318533657,-0.1543952388106838,1.6931354964943748,0.8665196056363391,,,-0.9925946625681152,0.1789893683288761,0.4022523433812124,0.550191570881226,0.4140175688565875,-0.7934889178035754,-1.3576377737664131,0.5767267778155836,-1.713737521305089,1.0209648628897967,-0.0446732460688275,0.1131488767610102,,1.166867906302825,-0.0035415325177076,-0.1425599474433373,,,-0.3016743437888425,-0.3472445546771187,-2.114157352025765,0.0493827160493827,-0.1914769410391126,2.658539148712559,,-1.3138067197783163,0.3550200803212851,-0.9645297754637162,-0.1095695482034863,0.1434343434343434,,,1.3213218341729998,,-0.3338648594777755,,-0.7578823602215415,1.166867906302825,0.931919945725916,1.0469368263064538,1.2487223168654171,0.197621054603353,-13.234482537853324,0.6128055535041725,-0.106515373352855,0.0,-0.7894004944375772,-1.3178660739094192,,,,-0.0560675288468984,-0.930250717183548,0.7680217492884754,0.8285035458439829,14.046920267036151,,2.9390553735957634,1.585389930898322,,11.97,-0.0075187969924811
2020-09-30,-0.7411151082463263,,,-0.0556904634884918,-0.716270231953688,-0.3374641227279982,,-2.79156712852365,0.0303030303030303,,-1.1514478043053031,-0.933168430213916,,-0.3656932322021137,1.039784842023648,,2.79156712852365,,-0.5743262120732366,-0.7287313618130287,-0.1826371024451901,-0.4416111512839054,0.0134069359724469,-0.0655560279850025,0.2924313746231554,-0.3434292231656317,-0.748457228030896,-0.4859476139103947,0.2252659574468085,-0.8196234829313837,,-0.5135608048993876,,,,-0.0066657778962804,,0.0138888888888888,-0.7142857142857143,-0.2393118246593473,,,0.6593125849407225,,-0.0889280893161083,,-0.005979995555776,-0.0716550412175015,0.0818889393127292,,,,-0.618286638832839,-0.7411151082463263,0.1311197441565967,-0.128485243763248,-0.1393778418043488,,,-0.6332031173318152,0.2767184665980476,0.7209589318227797,0.0,0.7913049725212227,1.3661296248556238,-0.3872098989652894,-0.2312010888057162,1.6631896761626492,0.0,1.0305588425457162,-0.2261073740322376,,0.7592368992996861,-0.4894961365099807,0.0541443118361984,,,,-0.4759143868178263,-0.9815691899645456,0.0493827160493827,,1.0831318970047294,,1.0881745756841013,-0.1018812090467131,1.4917019199479336,-0.4460156527926005,-0.1742127153891859,,,-0.0355221586542566,,0.7853298784133944,,-0.3306414183607166,0.7592368992996861,-0.0924355495251017,-0.1341929321872015,-0.637137989778535,-1.2630888826449378,-0.0540350203271551,-0.05479654382985,-0.228648121034651,0.0,-0.6684177997527813,-0.6046123923312031,,,,4.5501432664756445,-0.4614757855069512,0.0,0.7534108499226034,,,0.998989868070648,-0.0235401321284835,,6.27,-0.0382775119617223
2020-06-30,-0.6353009719512083,,,-0.0664689670142206,-0.529460218695441,-0.3676429612917711,,-5.40303392259914,0.0303030303030303,,-1.1651895502544356,-0.933168430213916,,-0.1724314018013998,0.0,,5.40303392259914,,-0.245615622247707,-0.6483986838547826,0.0024999968209602,-0.2595535178546702,0.0069077036391551,-0.0691430559313517,-0.2788120801819432,-0.0344970493240674,-0.7832448259840531,-0.4867487942632313,1.7263297872340426,-0.8196131260847084,,-0.4922134733158355,,,,-0.0219437408345553,,0.0138888888888888,-0.7142857142857143,-0.2449319501764927,,,0.660292581304258,,-0.0899649804686226,,-0.0059684432916341,-0.0671606091957859,0.1187207533944271,,,,-0.6555703300075318,-0.6353009719512083,-0.0668737371104781,-0.1663133865970976,-0.1602665106018997,,,-0.5223251350755257,0.2256375624808791,0.3338053813473599,0.0,0.3330379913552604,-0.9629361984585,-0.9103459986636988,-0.1978564137461721,-0.7262527392257122,0.4485881662333928,-0.0090883583618996,0.1293311333925625,,0.7041777348466554,0.6882646490663232,0.0541443118361984,,,-0.7693938729253491,-0.9697108912272948,3.986900863352188,0.0493827160493827,,-3.145664739884393,,-0.6114166955316938,-0.0853096596913971,-0.0572730231044581,3.8416933475631447,0.1585858585858585,,,-3.5842370420971736,,0.0657763603747259,,-0.0574275194158235,0.7041777348466554,-2.948405698778833,-3.006481102469641,-0.641396933560477,-0.7307296056944834,-2.714747591152085,2.980503655564582,-0.2879453391898487,0.0,-0.4671662546353523,0.2542372881355932,,,,4.383489506698676,-0.1617015497954541,3.4918652563612422,0.7215162532848555,,,-4.089503810952279,-4.231199534259751,,7.95,-0.1283018867924528
2020-03-31,-0.0966286887444166,,,-0.0340527460634585,0.1189501043594691,-0.2718476017345528,,-6.459030100334449,0.0303030303030303,,-1.0764219660736,-0.933168430213916,,0.0,-0.2420042643923241,,6.459030100334449,,0.2967247879986057,-0.6157753504172269,0.0776847096243943,0.3215256088742557,0.0059805386115606,-0.0689265973483823,0.2417182348689198,-0.3434292231656317,-0.6728200842560861,-0.1892848077167153,-0.3156028368794326,-0.8127599397170601,,-0.5167104111986002,,,,-0.0182109052126383,,0.0138888888888888,-0.7142857142857143,-0.2086276139737445,,,0.4291428729918549,,0.1546043836366837,,0.0016757578455163,-0.0672718575131551,0.2362780233605559,,,,-0.6608891327190054,-0.0966286887444166,0.1171501546895936,-0.1640306538398826,-0.1590059874848061,,,-0.4105626231961543,0.2222336244805086,-0.6288893384584261,0.0,-0.8064871466372922,-0.2268242133660281,0.5906673015943329,-1.4035386185777476,0.2693937180423666,0.2848346171816036,0.4477083917875398,-0.4696027414646528,,-0.2617725187152862,-2.5322762395363814,0.0541443118361984,,,,0.621093920370785,2.057213997672468,0.0493827160493827,,-2.15911718339464,,0.0967786629719432,-0.6845064468399915,-0.3397331597787179,-0.0064034151547491,-0.4021984551396316,,,-17.509264793783622,,0.1235798285828184,,-11.680683189455118,-0.2617725187152862,-13.68666892808684,-13.804270705416837,-0.6345826235093697,-70.98042521307484,-13.155286660904638,1.190754006351082,0.4254514397266959,0.0,0.0,0.3098082800777993,-45000.0,,,-0.0281886470998218,-12.914905535468758,1.4329042946348922,1.1993592281939596,,-45000.0,-24.05656738804371,-20.74695623560381,,8.28,-0.2391304347826086
2019-12-31,0.7477203998779282,,,-0.0670204879003227,0.6140570235891781,0.3079805119798303,,0.1083373148590539,0.0303030303030303,,-0.5778094606161216,-0.933168430213916,,0.9958224115334208,0.3589842992828067,,-0.1083373148590539,,0.5905838652770053,0.5587271867855783,-0.3545544830182057,0.7758388848716095,0.0053347649280053,-0.0684627575277337,-0.175649230443751,-0.2095305291351419,-0.0044435574653324,1.5696233659093797,0.5820035460992907,-0.8168831831463643,,-0.3070866141732283,,,,0.3203572856952406,,0.0138888888888888,-0.7142857142857143,-0.0047041187015704,,,6.379640729635028,,7.639465120677174,,-0.002923402372835,-0.0670271112149428,0.3281894790968281,,,,-0.664593697404759,0.7477203998779282,1.5909970349883638,-0.1591390836458503,-0.1563048665196056,,,,0.2287360797905774,0.0668217681569896,-3.111111111111111,0.0170140926016834,-0.1570771176342824,-0.1686914214627699,1.0617556992174209,0.5199902605308011,-0.0330406239143196,0.2809583643394776,0.3269450437872827,,0.4800772760202849,-12.606849645846747,0.010347092959597,,,0.0905900416758061,0.3573922929527011,0.2498579122574359,-0.0123456790123456,0.3339171044950379,1.223541776142932,,0.2750259785244198,0.2344536038892411,-0.2525219655060202,-0.0031127712557808,0.343612596553773,,,-0.1836734693877551,,0.1074347219453856,,-0.2058231999752467,0.4800772760202849,0.2506445047489823,0.2105334970664483,-0.6405451448040886,-0.8641004027348506,1.7423092928710906,1.1539768111660882,0.6395802830649097,0.0,0.0953337453646477,0.1650458460683523,-39000.0,,,0.0356230155657089,-0.3245234336541562,1.3905951318975405,1.323913747795097,-1.7932359239198892,-39000.0,0.7865560623220791,-0.2030526235856936,,34.2271,-0.0592717466568888
2019-09-30,0.789028326227886,,,-0.0650724329744677,0.6607857808582418,0.3177948563962312,,0.1576445293836598,0.0303030303030303,,-0.5655526421596075,-0.8738949200677935,,-0.7250704107526282,-0.1041545519157459,,-0.1576445293836598,,0.7063857188091203,0.5696514127961833,-0.3546528213129603,0.8215302244718987,0.0044581725382795,-0.0682153762900545,3.807205444191746,0.3790085865868403,0.0068695839271069,1.3758091128315777,4.418528368794326,-0.8157884035301617,,-0.668241469816273,,,,0.3026263164911345,,0.0138888888888888,-0.7142857142857143,0.000308698332121,,,-0.7869987149104289,,1.4413504366029095,,-0.0017022600985476,-0.066582117945466,0.3374332273187652,,,,-0.6696223836046976,0.789028326227886,1.3532503211840423,-0.1565302462090331,-0.1548642686714986,,,,0.2260232556407143,0.1776653853934857,0.0,0.1482177708066428,-0.009227889906767,-0.4062946433515321,-0.4253147329023477,0.1333333333333333,-0.1131144202316916,-0.0427335830090395,0.0665059017641832,,-0.412460758270949,-14.234063103670316,-0.0332311398226212,,,0.0905900416758061,-0.157455679971156,-0.193022815231806,-0.0123456790123456,,2.7501839201261165,,0.0,-0.1983512999365884,-0.2694435405141555,-0.0048025613660619,0.0997623291740938,,,0.3454017590299718,,-0.12397847319115,,0.0998793279495033,-0.412460758270949,0.7805630936227951,0.7434165643334698,-0.6405451448040886,-0.0668727170553526,0.2315695124683888,-0.1476995790561996,0.9522938018545632,0.0,0.4636897404202719,0.7777160322311754,-63000.0,,,-0.0226128707504065,0.0108977949788664,-0.1068773628987723,1.5398322473811152,0.0864088676155687,-63000.0,1.545195751323885,0.4217480446503151,,32.198,1.2423131871515863e-05
2019-06-30,0.8989485171039369,,,-0.0673451637212985,0.8236193701676315,0.3121843408726326,,0.0445293836598184,0.0303030303030303,,-0.5704908894025017,-0.8738949200677935,,-0.5447526560887873,-0.1708987529883052,,-0.0445293836598184,,0.8446715608145323,0.6048459745930268,-0.3547494641198744,0.9687339415665338,0.0036892090958131,-0.0679679950523752,3.5444456197880854,2.709408940051444,0.0004022588863353,1.2719571011549688,1.2356382978723404,0.3593542506097974,,0.1602799650043744,,,,0.316517797626983,,0.0138888888888888,-0.7142857142857143,-0.0017109554616906,,,-0.7065342336151079,,1.3562144995206824,,1.3090787884800823,-0.0664931192915707,0.3672137964607444,,,,-0.6740336423570107,0.8989485171039369,1.260295519980867,-0.1323984999184738,-0.1415387385765092,,,,0.2235155437040568,-2.35337514330029,0.0,-2.847731254764385,-0.0618345759656704,2.2798849747320937,0.2145287512759442,-0.0344387630874117,-0.09000515136631,-0.1242726263525795,0.2490163726361213,,-0.165177493359092,-16.522778493238892,-0.0769736121756268,,,0.0905900416758061,1.8183583925284728,0.0614901621153481,-0.0123456790123456,,0.0,,-0.1193349497748527,0.1196364404988374,-0.4516758867556134,-0.0004446816079686,0.2706476530005942,,,0.0365468363077448,,-0.0703607733705401,,-0.0230205142485844,-0.165177493359092,0.4725576662143826,0.4336198662846227,-0.641396933560477,-0.5527769972838812,0.0,-0.051842552248726,0.8142996583699366,0.0,0.2972805933250927,0.4934704084467908,-112000.0,,,-0.007434368465887,-0.123949686815705,0.0033983263242852,1.43846070772886,0.0047235168157198,-112000.0,1.1023294254492026,0.0506745640013162,,30.5343,0.0675755877759836
2019-03-31,0.1538545124984972,,,-0.0703913688815651,-0.2335879966920017,0.3118353743815313,,0.1376970855231724,0.0303030303030303,,-0.5683498311573307,-0.8738949200677935,,-1.1033730933325898,-0.0335013245461006,,-0.1376970855231724,,-0.0156536454660837,-0.193246387313802,-0.3548461069267884,0.0,0.0031549545624299,-0.0677206138146959,3.5710847834135504,-0.3417646514845855,0.0,1.2529826120066,-0.2648049645390071,-0.8184452393155038,,-0.5221347331583552,,,,0.3009198773496867,,0.0138888888888888,-0.7142857142857143,-0.0008353013692687,,,-0.6918157976646502,,1.3406415682489583,,-0.0046657556234043,-0.0654028857813525,0.1712306467386669,,,,-0.6770984629404052,0.1538545124984972,1.2717079018939894,-0.1297896624816566,-0.1400981407284023,,,,0.2181686266420857,-0.8265628161035808,0.0,-1.0393922341024198,0.508321543042849,0.4542538307917769,-1.1655324940455938,-0.6265984903822742,0.2972937356989685,-0.1007404877215668,-0.3644498032745272,,-0.5525235450374306,-0.0021329684481648,-0.1225227198072922,,,0.0905900416758061,0.3245880570715779,0.0055211237110611,-0.0123456790123456,,-0.8240672622175512,,-0.5405334257014202,-0.5662227858803636,-0.0989261308167914,-0.0071149057274991,-0.3037433155080214,,,-0.0345828708052258,,0.0,,-0.0034654537578514,-0.5525235450374306,0.2444708276797829,0.2054168372219948,-0.626916524701874,-0.0867284817832724,-0.053330772431896,0.0262166752824754,0.5475841874084919,0.0,0.0495982694684796,0.2100583495415393,-37000.0,,,-0.0306667699217842,-0.1024935920286534,0.093199099443524,1.2689801648727457,0.08307091573246,-37000.0,1.0003367106431174,-0.0261725770116688,,28.8572,0.1360866573752271
2018-12-31,0.0,,,-0.0678844557629193,-0.4388381312435185,0.3010038873244008,,-20.30250836120401,0.0303030303030303,,-0.5663074391907392,-0.8738949200677935,,0.4321651655001254,0.4051495767913678,,20.30250836120401,,-0.264105709336576,-0.193246387313802,-0.3549427497337024,-0.203757096481376,0.0022692850325739,-0.0678752270882455,-0.1504557394968353,-0.1169104727589076,-0.012485616906099,1.1661933621017897,1.145921985815603,-0.8190246135030435,,0.3854768153980752,,,,0.1902946273830155,,0.0138888888888888,-0.7142857142857143,0.0,,,5.687356506035607,,6.5756050162055,,-0.0053120028703978,-0.0653806361178787,0.1300088459601477,,,,-0.682179221334722,0.0,1.287879020166372,-0.1314201858796673,-0.1409985143834691,,,,0.2187631566576958,-0.8713466855485872,-0.1593869731800766,-1.093439816089752,1.4392788199018751,0.9486557621531432,0.8062266076896903,0.7986754321889457,-0.1919782444622812,0.2936454686299147,0.4589414900368067,,-0.0280125573532963,-0.0073647778493238,-0.1658819664951275,,,12.184543394019157,-0.3400858923176678,-0.0055211237110611,-0.0123456790123456,-0.8717649348122203,-1.353757225433526,,0.4732525112573605,0.3031917142253223,-0.5532053368044256,0.1429206688011383,0.4672014260249554,0.0,0.0,0.094526513534284,0.0,-0.0404624277456647,,-0.0868219932547418,-0.0280125573532963,0.4088534599728629,0.3696957292945831,-0.6396933560477002,-0.231713028004121,1.1718044751752617,1.3301824089801344,0.591020009760859,,,,-40000.0,0.0,0.0,-0.1387748780298923,-0.1939535910101678,1.593305297141158,1.3470967277439794,-1.0268295755132888,-40000.0,1.1854663442407174,0.1583010605715442,,26.69,0.2063844136380666
2018-09-30,-0.2808902000314427,,,-0.0710089255278657,-0.8589670381601229,0.3186578045408926,,-0.1046106067845198,0.0303030303030303,,-0.5708140214648489,-0.8738949200677935,,-1.109112266807953,-0.1563772048846675,,0.1046106067845198,,-0.5210192031887351,0.2279097826226897,-0.2712907706543269,-0.6078280536024739,0.0018374725092327,-0.0675969231958563,2.71868443786252,-0.0213859785523706,0.0078643171421533,0.903548990988704,1.6550088652482269,-0.1450412408111543,,1.252668416447944,,,,0.4218904146113851,,0.0138888888888888,-0.7142857142857143,-0.0018431106300169,,,-0.4204677479498661,,1.053540102906556,,,-0.0661148750125154,0.0482618404203729,,,,-0.6846563700101355,-0.2808902000314427,0.9782453386153672,-0.128485243763248,-0.1393778418043488,,,,0.2158615316603609,-1.1586485939712723,0.0,-1.4147798704486405,1.4930384847260765,0.7409901180153342,-0.3667914256549847,-0.6908595081568054,0.2348424041306769,-0.2045795566832981,-0.0540677750983627,,-0.0763100700313933,0.0870895041854475,-0.2525457133472024,,,,0.7371503173712415,-0.0184037457035373,-0.0123456790123456,,1.4965843405149764,,-0.586241773467267,-0.1692665398435848,-0.0026033192320208,-0.0419779437922447,-0.0131313131313131,0.0,0.0,-0.0268977884040645,0.0,-0.0332868247956946,,-0.1232092577121816,-0.0763100700313933,0.169776119402985,0.1311229362805294,-0.616695059625213,-0.3853142268427461,-0.0475687441979576,-0.0410604829776235,0.2946559297218155,,,,0.0,0.0,0.0,-0.1548826763726477,-0.2338782230822766,0.0158022174079265,0.1172468411389898,0.0328756770374102,364000.0,1.0113563316905936,0.0235401321284835,,28.3502,-0.0583847281327225
2018-06-30,-0.5519845930474508,,,-0.0676631136778097,-1.2291445148925555,0.3065981718484132,,0.10224558050645,0.0303030303030303,,-0.573988608978138,-0.8738949200677935,,-1.2493185493990686,0.362747948568844,,-0.10224558050645,,-0.8812898625150669,0.1519426752178095,-0.0024999968209602,-0.9255657953444004,0.0008545479065521,-0.0664837076262997,2.696426367659244,-0.3258039435963653,-0.0060370015809709,0.7672928036552862,-0.3223404255319149,-0.8196192183474585,,-0.2624671916010498,,,,0.3575523263564858,,0.0138888888888888,-0.7142857142857143,-0.0031414594974673,,,-0.3148099639127125,,0.9417482376111072,,-0.0059752387411293,-0.0520085883701009,-0.0160192183308712,,,,-0.6902950447727886,-0.5519845930474508,0.9714506480405474,-0.1167454752975705,-0.1604465853329131,,,,0.2126340646561988,-0.8327803628026165,0.0,-0.891194418834836,-1.981552339755236,0.7143305389133139,0.0598843143926505,0.5527343559775992,-0.1031710852611024,0.2300513583740988,0.063967508567077,,-0.9215165418980924,0.7821555054732775,-0.3392094601992773,,,0.0896395408349784,0.5599225399003835,-0.1482042815773092,-0.0123456790123456,,-0.0756699947451392,,0.2983165916175961,0.0427816529274994,-0.1301659616010413,0.0527392387050871,0.0973856209150326,0.0,0.0,0.0525147297412688,0.0,-0.0107634044249551,,-0.0351496024010643,-0.9215165418980924,0.0405359565807327,0.0,-0.631175468483816,0.5033249039992507,0.0119081916834725,0.0,0.1527574426549536,,,,0.0,0.0,0.0,-0.0418183226206148,-0.1372578975064079,0.0630389533154921,0.1572770798084884,0.0831968761808792,-450000.0,1.125225749181181,0.0352848862226947,,26.2316,0.0678749450927217
2018-03-31,-0.7886399156594194,,,-0.0388391157933997,-1.5463349479515351,0.2911570809088277,,0.0586000955566173,0.0303030303030303,,-0.5813565133310475,-0.6741789198845678,,-1.1673109366721508,0.0608322026232474,,-0.0586000955566173,,-1.090348382084119,0.0803896937516208,0.7559917480606798,-1.2248411465144544,0.0,-0.0667620115186888,1.9332081592355568,-0.2960608561926519,-0.0238361777298254,0.4988656555400431,-0.3308510638297872,-0.4868933343791717,,0.0572178477690288,,,,0.3025729902679642,,0.0138888888888888,-0.7142857142857143,-0.0061547990989236,,,-0.1211713113768949,,0.7368676757334863,,,-0.0417292438451868,-0.0765651777938387,,,,-0.6951972699292376,-0.7886399156594194,0.7066263564085031,-0.1121800097831403,-0.1563048665196056,,,,0.2001887494730915,-0.572466113696136,0.0,-0.5951739524339771,1.4122406558987652,-0.8248374843575234,0.7749234433480776,-2.7690674458242026,1.601787404310376,-0.1141473411977114,0.118542962304861,,-0.098526925863318,0.7211043142305216,-0.0711704806744771,,,-12.002412809826716,0.6792820402478491,0.4425559555062383,-0.0123456790123456,,0.4050446663163426,,-2.064454450987184,0.398139928133587,0.2707452001301659,-0.0287264318747776,0.1484848484848485,0.0,0.0,-0.7466484501750491,0.0,0.1528802072951963,,-0.5603514960240107,-0.098526925863318,-0.6093283582089553,-0.6539091281211625,-0.6362862010221465,-2.181698979113983,-0.5851659784244054,0.0012554464219776,-0.0638116154221571,,,,0.0,0.0,0.0,-0.0520405792612096,-0.7135170002206719,0.0644832420033133,0.158501025954858,0.0811185287819624,247000.0,-0.020692399522483,-1.8614928999924063,1.0975987606506583,24.2375,0.1583799461363164
2017-12-31,-0.5059463808458102,,,-0.0067763084481443,-1.543128683757991,0.6192856737082153,,0.171954132823698,0.0,,-0.546413850772187,0.0161238605652512,,0.0507654555087699,1.9990308199263425,,-0.171954132823698,,-1.5663463917854947,0.0370569550991431,0.3135118088608737,-1.406083357693432,0.1387298228142246,-0.0663600170074601,0.7193631988152536,0.2563851394164409,0.3543869605755108,0.3441466239370478,3.038962765957447,-0.8196137353109834,,-0.7730533683289589,,,,0.3063858152246367,,-0.0138888888888888,0.0,0.0081361178057399,,,5.314745247171724,,5.540305067723991,,-0.0059691228365837,1.2367141696981834,-0.1132320249903043,,,,0.1006443934054285,-0.5059463808458102,0.9549299834118792,-0.0877221588129789,-0.1451402331967766,,,,0.1917529477977216,-0.8223346146065142,0.7961685823754789,-1.0982530921107772,0.9855329583445824,-0.1008058413345293,0.2784960871044573,-1.973859264670076,2.543648844536557,1.342966586558989,0.4853407792867115,,0.3564356435643564,-0.3241307147456536,-0.1524690682141684,,-0.4159893846409023,0.0868611537617898,-0.3387890753345991,0.1353216595848331,869.6543209876543,0.1914769410391126,4.841093011035207,,-1.4988292344994805,-0.0417670682730923,-0.570126911812561,1.1736036997509782,-3.6936423054070113,0.0,0.0,-0.5917513448894202,0.0,0.2246362367948973,,-0.2097218354528296,0.3564356435643564,-0.6382971506105835,-0.683039978168918,-0.6362862010221465,-0.4149105553994567,-0.4148660328435609,2.049479358983827,0.0361151781356759,,,,0.0,0.0,0.0,0.1669635251297142,-0.3288010728047393,2.420797757104626,0.336693185499838,0.0278372591006423,-8029000.0,-0.5842847959839603,-1.8158301060571544,-1.7521301316808675,23.8044,-0.0663812374493236
2017-09-30,-0.465292741346305,,,0.0067763084481443,-1.6796394019349163,0.7793801381258065,,0.1837314859053989,0.0,,-0.5126132503878819,-0.0588154459255187,,-1.107648280862218,3.638463526523228,,-0.1837314859053989,,-1.8134973112342776,0.0433904901335089,0.0935595622759041,-1.3795929042878905,0.1974576227229345,-0.0659580224962313,3.3404911761076144,-0.1803628492261111,0.538924004253342,0.2546523987815712,0.1384308510638298,-0.819520523690906,,-0.8593175853018372,,,,0.3113718170910545,,-0.0138888888888888,0.2857142857142857,0.0219599519399067,,,0.0453048004413065,,0.5607266063661204,,-0.0058651524593071,0.1026265727730868,-0.1078727800281751,,,,0.4375440521465832,-0.465292741346305,1.1969448421982174,-0.0782651231045165,-0.1422590375005627,,,,0.200353019053987,-0.247697080045856,0.0,0.0014088610575637,-0.4931460690122747,-0.1138440071318619,0.5068050357264375,3.5142342342342343,0.3842559869658452,2.5811059739182416,9.73442061175276,,0.0714803187635836,1.7907678686413393,-0.1524690682141684,,,0.0916867734152226,-0.3866201053154958,14.943949768599962,1012.604938271605,,0.232264844981608,,2.404807758919293,0.2648911435214542,0.1770257077774162,0.0213447171824973,14.025430778371955,0.0,0.0,1.7619332251729145,1405000.0,0.392864261510863,,-0.528852996689254,0.0714803187635836,0.9290705563093624,0.8939828080229226,-0.6252129471890971,10.597546127189286,1.2936393610550914,0.2608374566132486,-0.1285993167398731,,,,0.0,0.0,0.0,1.3406644466816386,-0.678956391845326,0.3631111677498831,0.4116418877569387,0.3642776168283159,-1903000.0,3.57635679084147,0.6925861239780292,,26.3845,-0.0639969357464331
2017-06-30,-0.5008415562316777,,,0.0835031359343066,-1.6425261555021726,0.7109935265363317,,0.2284758719541328,0.0,,-0.5399388762404201,10.683706655673124,,-0.1431586542483477,0.7268689022420366,,-0.2284758719541328,,-1.6072938590772785,-0.0322050950048647,1.4234188410238542,-1.6957767281566842,0.1803173886883273,-0.0651540334737737,0.0824474180638564,0.6402572893511937,0.460093735675374,-0.034002570123112,3.521897163120568,-0.8193651709907771,,-1.1870516185476816,,-0.6914429163938005,,0.2851353152912945,,-0.0138888888888888,0.2857142857142857,0.0107842652626609,,,0.1362102492827228,,-0.088725928148008,,-0.0056918684971795,2.705948447529732,-0.171839467922656,,,,0.3392168713909785,-0.5008415562316777,0.4211083072451148,-0.0626120984836132,-0.1382973934182685,,,,0.196319102715624,0.0691550340548924,0.0,0.204604141971687,-0.2775146811952817,-0.6192168979353777,-0.6418849948962232,-1.0687314341368397,1.0434751356726126,0.3821990167494175,-2.467762406396751,,0.0019319005071238,0.9242997424339988,-0.1523595751669769,,,0.0877385391533231,-0.9804983150102204,-3.899861971907224,-0.0123456790123456,,-0.5949553336836574,,-0.8550190509179079,-0.3059818220249419,-0.0325414904002603,-3.219050160085379,-2.273083778966132,0.0,0.0,0.338826744086756,-95000.0,0.2100857085907913,,0.2916550635848881,0.0019319005071238,-0.0378222523744911,-0.0779096738982125,-0.6201022146507666,3.437482438887328,0.2266397772015749,0.0796100731112916,-0.0683260126891166,,,,0.0,0.0,0.0,-0.0498722217919925,0.2213169017670723,0.1546238477549806,0.2348896648547463,0.0815593903514296,-4184000.0,1.5357678533166,-0.3381172956691219,,25.6041,-0.0708011607515983
2017-03-31,-0.3123306483682132,,,,-1.378463881122094,0.7136391794688676,,0.2373148590539895,0.0,,-0.542151467537561,8.180752141450231,,-0.0961106773374975,1.6157201007947275,,-0.2373148590539895,,-2.8915446899205213,0.0471432328690531,,-3.011603612474422,0.1792060873895182,-0.0641645085230567,0.5662453059713334,0.2547822185383964,0.4631434193252653,-0.02553068282777,0.381427304964539,-0.147559782232068,,-1.2517935258092738,,-0.6810740013097577,,0.3579789361418478,,-0.0138888888888888,0.2857142857142857,0.009879355445953,,,0.0755614177280725,,-0.0898378145725595,,,2.108834228882288,-0.4380424842643379,,,,0.3328417470221214,-0.3123306483682132,0.5963812753536091,0.0,-0.0684283977850808,,,,0.1917476819237445,0.0316407040258952,,0.023184345278719,0.6690646459766522,-0.4648261147225698,,0.8160701241782323,0.543505085476741,1.0534810242396886,3.7879172483817753,,-1.3204539966191742,0.2334996780424983,-0.1533997591152961,,,0.0851794984280178,-0.4376728241242851,5.985764161411676,-0.0123456790123456,,0.2879663688912244,,0.4856252164877035,0.1580215599239061,0.0377481288643019,0.4848808253290644,3.5841354723707664,0.0,0.0,0.1791478097515156,-101000.0,-0.1379310344827586,,0.2199325474179275,-1.3204539966191742,0.0081750339213025,-0.0576477009141765,-0.944633730834753,2.5746932658986608,0.1069176350075226,0.1874307658223174,-0.0796730112249878,,,,0.0,177000.0,0.0,0.4222101757918376,0.1426219212031708,0.2786627585913937,0.3400050397782497,0.1775412520468572,0.0,1.3068046159968163,-0.3142227959602096,,24.4762,-0.0279822848317957
2016-12-31,-0.1788769385848908,-1.00236242658055,,0.8641430407938966,-1.182615944026569,0.7080773569440274,,0.1880315336837076,0.0,,-0.5449437232213553,12.131189592780908,,-0.5476022001617356,0.9415907475608968,,-0.1880315336837076,,-1.3177320174656686,0.0576348745376662,1.629810575859729,-1.3200147699124576,0.1782037117722727,-0.0631440609176297,1.47030200454858,0.4261372004370357,0.4560680285260798,0.0,0.4988918439716312,-0.819600941559208,,-0.8908136482939633,,-0.6700502073783017,,0.3539528062924943,,-0.0138888888888888,0.2857142857142857,1.0522123884877717,,,0.0,,0.6086616278538962,,-0.0059548523926437,3.0661037501807784,-0.0958196146249057,,,,0.327091488985801,-0.1788769385848908,0.488153751337628,0.0688080873960541,-0.0774321343357493,,,,0.1790481919942789,0.374597073302313,0.2727969348659004,1.6333010053600578,-1.283610447449136,-0.6832117003879703,-0.4931949642735624,0.0318480642804967,0.5258466809627065,0.5443621680309371,6.560477217921056,,-21.19971021492393,4.11216194462331,0.4740501478156137,,-0.0391441366727483,0.0845945748336623,-0.6306136037846121,3.172697501962164,0.3333333333333333,,,,,-0.204861551469034,-2.83501464367068,12.24048381358947,6.181758764111705,0.0,0.0,-0.3360088805396635,-1209000.0,0.0922862268287821,,2.5309570221850923,-21.19971021492393,-2.7485413839891453,-2.7833265111202072,-0.3645655877342419,,-0.5626300457761132,5.242965807547448,-0.1904587603709126,,,,0.0,0.0,0.0,0.4020754278633934,0.3351835820135458,6.093878764708381,-2.761906476115051,1.151089557878826,-19260000.0,-1.3877376105788362,-5.949274812058623,,20.4862,0.1599118534661382
2016-09-30,0.0614174211387828,1.2233468432345738,,0.7655687711998483,-0.8922931516559682,0.7498802963780524,,-0.0139034878165312,0.0,,-0.5176378306245328,-0.7405982318721085,,0.2059305373525557,0.917781223751373,,0.0139034878165312,,-1.9223570670235723,0.2124132578272568,,-2.023758019600905,0.1789233993111747,0.0072049785474082,0.2207119056434125,1.966324961382622,0.4241991462133094,0.4431756885391547,1.7925531914893618,-0.8183453262064013,,0.5882764654418198,,-0.6683038637851998,,0.4560191974403413,,-0.0138888888888888,0.2857142857142857,0.019904989513336,,,-0.3500528520051403,,0.0,,-0.004554310251683,,-0.2381928842623459,,,,0.3312200701114903,0.0614174211387828,0.8262417327687445,0.8250448393934453,0.3871606716787467,,,,0.1752317177203851,0.0,,0.6982722494282738,0.5999346374714039,-0.3402400174235964,,0.9651034818602386,-0.0657817497873563,0.5263806375269906,-2.164487879172484,,-0.6153103115189568,3.82598197037991,0.4762400087594438,,,0.0,0.0974997019647068,6.938212130233565,292.7283950617284,,-4.871466106148187,,0.5916314513335642,-1.6902134855210316,1.310771233322486,1.9773212379935965,-0.5802139037433155,0.0,0.0,-3.578942874220818,-63000.0,2.162248355590991,,-1.6079086605402395,-0.6153103115189568,-2.9512550881953867,-2.9838313548915267,-0.3228279386712095,-3.0029034372951204,-2.212362751688594,3.294365261059006,-0.0960224499755978,,,,0.0,25297000.0,0.0,3.762719739797104,-1.8628439510447965,3.852852470158447,-0.2772957989848447,-0.4071671495150523,0.0,-4.081912516452906,-5.809248993849192,-0.0387296669248644,31.7329,-0.3309908643710471
2016-06-30,0.5986401006168329,1.2961702681029064,,0.9420346657168932,-0.3196484595492196,0.90626327222362,,-3.446679407548973,0.0,,-0.3583287905734237,-0.6557647382162979,,0.671408354479797,0.1200652581249596,,3.446679407548973,,-0.161278048443017,-0.7129655753353357,,-0.1391510377402034,0.1781881509606207,0.0081945034981253,-0.1927592954990215,3.1805375265012827,0.6018447779624496,0.5168485848457927,0.1125443262411347,-0.8177811826757371,,0.5350831146106737,,-0.6614276358873609,,0.2904679376083189,,-0.0138888888888888,0.2857142857142857,0.9758902567341128,,,-0.3655232348508895,,0.0397507548437163,,-0.0039250516284275,,0.1430792034029244,,,,0.3270022223668672,0.5986401006168329,0.7317722306883304,0.8661340290233165,-0.0525818214559042,,,,0.170183414243701,0.333380538134736,,0.2846019069513125,0.8803520645018543,-0.3367036179802655,,-0.1183345507669832,0.0089250416302277,-0.0760738291876593,-2.43584211194314,,2.3375996136198984,-0.2490341274951706,0.4797985327931676,,,0.0383856108795788,0.1425103003904989,-0.1010040867141194,0.0493827160493827,,-4.079033105622701,,-0.1790093522687911,0.9571760727119002,0.8538887081028311,-0.2501778726431874,-2.24349376114082,0.0,0.0,-0.6433267867816582,-60000.0,1.8554913294797688,,0.6873975061109564,2.3375996136198984,-0.1136702849389416,-0.1219811706917724,-0.2180579216354344,3.594455371358996,-0.5097474310957457,1.641976220367772,0.4549780380673499,,,,0.0,0.0,0.0,-1.1225896383489506,0.6555991241024597,1.9519136825113632,-0.2772957989848447,0.7019145988159717,0.0,0.1274602834491414,-0.7431088161591617,0.0464756003098373,30.8445,-0.0515164778161422
2016-03-31,0.6828766426530292,1.1908363857040682,,0.911504744027356,-0.2368500505388624,0.9364123539548184,,-3.5539417104634494,0.0,,-0.322347665432516,-0.687096330905593,,0.730441844901146,0.2207953737804484,,3.5539417104634494,,-0.1065448362660082,-0.7083991620517593,,-0.0566672307952674,0.1770898170048549,0.0078234316416064,-0.1217097723947039,1.0831018574016926,0.64038679218807,0.694968428734611,-0.1613918439716312,-0.8179895380617923,,0.2346456692913386,,-0.6548788474132285,,0.2212771630449273,,-0.0138888888888888,0.2857142857142857,0.961174627418263,,,-0.4962418063983284,,0.0218268848268261,,-0.0041574560011633,,0.1597663819898492,,,,0.3207014868471216,0.6828766426530292,0.8885928306202608,0.8781999021685961,-0.043758159636249,,,,0.1970541416612573,0.0173443927439476,,0.1440430720355049,-0.3094489451665222,-0.2914096501622388,,-0.1400925249573898,0.0970134055323278,0.0,-1.778588653382409,,-0.3535377928036706,0.9290888602704443,0.4916785284134457,,,-0.6814359874241427,0.0614272546733387,-1.007334433949498,0.2716049382716049,,-2.815344193378876,,-0.1944856252164877,0.6943140984992602,0.6560364464692483,-0.2080220562077552,-1.629174093879976,0.0,0.0,0.530099906071215,-90000.0,1.609726928443293,,0.7527460626875832,-0.3535377928036706,0.4279850746268657,0.432050757265657,-0.1013628620102214,2.6080359651587526,0.3700502576907071,0.7395317923343918,0.1054172767203514,,,,0.0,0.0,0.0,0.1942228761713002,0.7274363022186009,0.9135550741259928,-0.2771518053205659,0.5360876684720998,0.0,1.8100339771648963,0.3917786721340522,-1.2610379550735864,26.09,0.1213300114986585
2015-12-31,1.455427575300787,1.252996380502395,,1.2055632070756097,0.7313596923036533,1.0179947682078,,-4.432919254658385,0.0303030303030303,,-0.2721955960306556,-0.5772525308048189,,1.346345960793062,0.3395683918071978,,4.432919254658385,,0.6542122222429175,-0.6813501339871144,2.3650046223237253,0.8457221102512423,0.1911632744097265,0.0057206911213327,-0.186244953368241,0.9735346802892108,0.7321922485648089,0.3296738164741719,0.7766400709219858,-0.8172590757580488,,0.2393700787401574,,0.3237284435712727,,0.1938674843354219,,0.0138888888888888,0.2857142857142857,0.940663338239552,,,-0.2048747114711964,,-0.0170304480804471,,-0.0033426816066888,,0.3423274524195039,,,,0.4014357047878523,1.455427575300787,0.6287388428789128,0.9267894994293168,-0.0046819430063476,,,,0.2190164323523994,0.4960752579405219,4.364750957854406,-0.7807125723887179,0.7317152386036777,-0.1442097919135317,-1.4115345355563116,-0.5029072315558802,0.4082397901117727,0.0897002671611384,1.65674577992131,,8.26853417049022,0.2159127495170637,0.8987736778714551,,0.4372201028362912,-0.6768297141185933,0.6477804366725886,5.70342905085388,0.037037037037037,,,,,0.5685056013527795,1.073869183208591,0.9268943436499466,1.5884729649435532,0.0,0.0,-0.2214157629579028,1971000.0,2.5471397249352203,,6.916921934465794,8.26853417049022,-1.2460990502035278,-1.0874607722745258,1.945485519591141,,-0.1934120810525305,3.109076139133004,0.3433382137628111,,,,0.0,0.0,0.0,-0.4212808797336018,1.1211828011746532,3.634934794613653,-7.031246625148493,-2.1170172565814336,6104000.0,1.3565153509443204,-0.4232667628521527,,28.4939,-0.0916933097961318
2015-09-30,1.5146370673152507,1.2164112789613992,,1.1684486640751708,0.7283864319563135,1.0842010155195407,,-3.724844720496894,0.0303030303030303,,-0.2417940489434075,-0.2543172552791901,,1.257572641588355,0.7592072106997481,,3.724844720496894,,0.5467786697461305,-0.7021200679039706,,0.8014216040740342,0.2026419664716378,-0.0057206911213327,0.3921739743657552,1.2538129309134252,0.8098250953415926,0.4348267546642975,1.4004432624113474,-0.8151115531386195,,-0.0069991251093613,,0.546605544640908,,0.2817757632315691,,0.0138888888888888,0.2857142857142857,0.9282296554180088,,,-0.3056756581846646,,0.0186053487932282,,-0.0009472856596308,,0.3333650816772837,,,,0.4672847140213682,1.5146370673152507,0.7896865427719026,0.8726561226153595,0.0320533021203799,,,,0.278958646449478,,,,,0.0157993628574698,,-0.7813781348916484,0.8907311346183796,0.4066216925085089,-1.1699454245462622,,3.411736295580777,0.3155183515775918,0.9403262892806308,,,-1.037435110038751,0.380851305103818,,2.802469135802469,,,,,-1.353709575142676,-1.2808330621542467,0.6578619708288865,-1.044385026737968,0.0,0.0,0.3715310391939202,1829000.0,1.5587004185768387,,0.8184040347783038,3.411736295580777,0.5141451831750339,0.5178059762586983,-0.1124361158432708,1.867378477100309,0.2511604084637792,0.7353223543312901,0.2438994631527574,,,,0.0,0.0,0.0,-0.5984666615039108,0.8015141484612381,0.9061637143706724,-0.2749919003563843,0.4115757652097241,0.0,1.582662462885304,0.0986660591793859,0.0387296669248644,24.1714,0.0778854348527598
2015-06-30,1.4873142333977605,1.0919179002579162,,1.1247219848637475,0.5603906588429882,1.1666571985835748,,-3.462183468705208,3.121212121212121,,-0.2075346503637085,-0.2978333562365444,,1.1578438275563985,1.4097693351424694,,3.462183468705208,,0.2974458721259742,-0.7103840473488575,,0.6370140160315092,0.222767282874808,-0.0100807854354296,0.7920523262989017,1.1361078478047175,0.909351427707218,0.5095031095316664,0.4052304964539007,-0.8154009356192519,,0.0346456692913385,,1.5171359965073128,,0.3076389814691374,,2.8472222222222223,0.2857142857142857,0.9142181811211804,,,-0.3874652917954581,,0.0187390360172945,,-0.0012700695106528,,0.3001040225151785,,,,0.5827362078424444,1.4873142333977605,0.970907931329472,0.9750529920104354,0.1139873047314635,,,,0.2747244984640344,,,-0.2688290488790973,,-0.933129565849751,,-1.4061845629413197,1.7574904460124832,0.8979420052944262,1.4831831450691713,,3.7749335909200674,,0.9412022336581628,,,6.668494552899028,-0.3641787746533341,,0.8148148148148148,,,,,-4.550412175015853,0.0416531077123332,9.20908929206688,1.4222222222222225,0.0,0.0,-2.422679532063872,2180000.0,1.663145305959737,,1.1333890281258705,3.7749335909200674,-1.778527815468114,-1.7881702824396235,-0.1183986371379897,,-1.8438490348602707,3.581567092533786,0.1093216203025866,,,,0.0,0.0,0.0,0.861767211337412,1.1465091409074706,4.18130070940062,-0.2756398718456388,0.7467565184532057,0.0,0.0,-1.5395246412028247,,31.8982,-0.1162855584327642
2015-03-31,1.854875477421324,-0.2207243329937796,,1.1312295644544177,0.8981280930440148,1.3216821807971044,,-3.1828236980410893,3.121212121212121,,-0.0781905591171341,-0.1266089505748706,,1.3301514876885754,2.5784551269625897,,3.1828236980410893,,0.3633971310962873,-0.7214311331980894,,0.9359108881948398,0.2238539462218349,-0.0088129565923234,1.4576435535339645,2.2256076885401432,1.1352650075306605,0.6310366163218682,1.3558510638297872,-0.8142622917112481,,0.615923009623797,,1.381903514516481,,0.4151446473803493,,2.8472222222222223,0.2857142857142857,0.8613187875217274,,,-0.4720007642738936,,-0.0314425829675955,,0.0,,0.3605734124427363,,,,0.5889699933979896,1.854875477421324,1.2867046670570956,1.1061470732105003,0.1789942826272903,,,,0.2843051782035972,,,,,1.1510278814457156,,2.6806330654979305,0.1107783355096857,1.7805618923304014,0.0,,-0.3593334943250422,,1.217617431293113,,,0.0902244644293339,1.6628973682756696,,2.098765432098765,,,,,5.527457197209892,0.3071916693784575,-6.7349697616506585,0.0273321449792038,0.0,0.0,0.959952181709504,2477000.0,1.918676499900339,,1.5483771156285775,-0.3593334943250422,0.541146540027137,0.5406603902305908,-0.166098807495741,,0.6923397035756587,-0.0909090909090909,-0.0006100536847242,,,,0.0,0.0,0.0,0.5300085185472005,1.6017721647909555,-0.0434985769508517,-0.2757118686777782,0.0996347146995843,0.0,0.0,0.364340496620852,,35.9951,-0.1161102483393573
2014-12-31,1.3830791710208723,-0.176770194412536,,1.0958356198724837,0.217294136179262,1.333576798327125,-0.8326229697039511,-2.5817725752508363,3.090909090909091,,-0.0484870759508345,-0.1617882827172369,,1.3185476562282146,0.3581281902177424,,2.5817725752508363,,0.1764181542907166,-0.7371424787892052,2.534851812243372,0.296721387140945,0.2130767874185651,-0.0124309071933825,-0.176116429541087,1.2958930290067028,1.199121267021943,0.5979185175783729,1.894991134751773,-0.814496234600854,-0.4779755057852358,-0.0496937882764654,,,,0.4329289428076256,,2.8194444444444446,0.2857142857142857,0.8491706002164924,,,-0.4324403450326819,,-0.0708053187951194,,-0.0002609452606156,,-0.8372343332816644,,1.0,,0.5271454209014069,1.3830791710208723,0.8396348773674867,1.1195173650741888,0.2074460901274028,,,,0.269278428848153,0.0085440690538809,-4.2651340996168585,-3.444737125683976,-0.0744442662650186,0.8795520068513125,3.318645797890439,-1.6207061115169223,1.1094725240496928,0.1037170775743232,-4.408490925244321,,-1.9917894228447235,-10.298776561493884,1.276907916347312,,,2.305768808949331,1.394997077800296,-15.128095482963005,6.197530864197531,,,,,3.781695201860072,1.7051740969736413,-9.590803984347207,-4.120083184789067,0.0,0.0,0.2181709503885236,-493000.0,2.081921467012158,,1.139762987716204,-1.9917894228447235,-0.0745251017639077,-0.0775003411106562,-0.1541737649063032,,0.2350907519446845,0.6813381581862492,-0.1440946803318692,,,,0.0,0.0,0.0,-0.5207155579648416,1.1518731646042335,0.8468629200118941,1.2640843802872674,-0.0141705504471595,2583000.0,7.295601334598549,0.1116257878350672,,38.5901,-0.1031793128289379
2014-09-30,1.0668990964830347,-0.1318624157437309,,0.9727296768069263,-0.2046167578991585,1.3251664353749226,,-0.7618490205446727,3.090909090909091,,0.0,-0.1293573358984929,,0.8764186720950337,1.7047069845577307,,0.7618490205446727,,-0.3804317457952281,-0.7946923814025517,,-0.0907211102050863,0.1862188265073239,,0.8072407045009785,1.3352330914110155,1.171954759907574,0.6189316537631679,1.5380762411347515,-0.8142805684994985,,0.3079615048118985,,,,0.3781895747233702,,2.8194444444444446,0.1428571428571428,0.8293402632409895,,,-0.4132287182079009,,-0.0532922924424329,,-2.0386348485600105e-05,,0.1528769913526226,,-1.0,,0.3730712366216304,1.0668990964830347,1.111489956674649,0.2889287461275069,0.0911178138927654,,,,0.2727817762743351,,,,,0.0983547252276695,,-1.1469783296810323,1.8168150180297824,1.1206860795627829,-2.125142784617337,,0.1120502294131852,,1.0424285557867077,,,,0.7387786077535698,,0.3580246913580246,,,,,-2.084125977594589,0.0520663846404165,-0.2695659907506225,-1.9540701128936424,0.0,0.0,0.4712663308001025,1458000.0,1.9571457046043448,,1.098177542621987,0.1120502294131852,0.0305630936227951,0.0270159639787146,-0.1686541737649063,,1.011171932520247,0.409792482091426,-0.4048316251830161,,,,0.0,0.0,0.0,-0.1155424765739952,1.1062450136646806,0.5344717726519689,0.8347672702401094,-0.5909434437586598,0.0,0.0,0.1543523932467664,,35.8866,-0.0356177514726944
2014-06-30,0.9891429998242904,-0.0870413316283404,,0.940095782424399,-0.2428261069323566,1.2978496630715002,-0.00875475175671,0.0574056378404204,3.0303030303030303,,0.0471945477014457,-0.0354541706747286,,0.7137070912690667,2.658444789041804,,-0.0574056378404204,,-0.567136657415858,0.3433597751738522,,-0.124950382325338,0.1667094588987095,,1.3060330389097512,0.8237095288166129,1.100561603297899,0.5534292105597157,1.3097960992907802,-0.8136561115676078,,0.0659667541557305,,-0.4956341410172451,,0.0,,2.763888888888889,0.1428571428571428,0.810038546938792,,,-0.3612057037021057,,-0.0430407648213482,,0.0006761472247724,,-0.8350082141058515,,,,0.2611532131333513,0.9891429998242904,1.2418922109420274,0.2661014185553563,0.0785125827218295,,,,0.2397617924110279,,,,,1.1654909430521565,,1.086691015339664,1.1504079163322272,1.8409720273748675,-0.9530397258535348,,0.777589954117363,,0.9895434139932114,,,,1.2504107071723285,,1.148148148148148,,,,,-1.7886281969985205,1.6557110315652457,-0.4987548914976876,-0.8604278074866311,0.0,0.0,0.7412688924942362,0.0,2.341040462427746,,1.2479346514434233,0.777589954117363,0.3334803256445047,0.3451357620412061,0.0,,0.5569320400781075,0.4326859168451369,-0.5242801366520253,,,,0.0,0.0,0.0,-0.1802834352977619,1.27056067627438,0.5608088016651799,0.935994816228086,0.0550447159591888,0.0,0.0,0.898423064267092,,39.8472,-0.1012442530466382
2014-03-31,0.4878136184143601,-0.0426537202800234,,0.8978011009017244,-0.4893113587734152,0.9135374652047946,-0.00875475175671,-0.0277114190157668,2.9696969696969697,,0.0755660361069246,0.0,,0.4452155545021053,1.759901789752536,,0.0277114190157668,,-0.6259888298480933,0.2861637383232575,,-0.3641768081603766,-0.0273896219760156,0.5463414634146342,0.769485728389838,0.490185534666589,0.6580581186133606,0.4306661695646656,-0.1739804964539007,-0.8134203409991768,,0.689413823272091,,-0.5319799170486793,,-0.1033728836155179,,2.708333333333333,-0.7142857142857143,0.7984351213961235,,,-0.2737302421330638,,-0.0493012397044534,,0.0009391311202366,,-0.8350082141058515,,,,-0.8523213970225864,0.4878136184143601,0.9764240181273514,0.2524050220120659,0.0709494440192679,,,,0.2239745737917195,,,,,0.0723448395515638,,-1.8587387387387388,2.2954967474512715,1.1623705366401131,0.5984261962177941,,-0.1758029461482733,,0.9487025073907808,,,,0.3879285529441525,,3.7777777777777777,,,,,0.7738744451490172,1.1819069313374553,-0.923692636072572,0.5795603089720737,0.0,0.0,0.7600546494748527,0.0,1.9748853896751049,,0.8929112905721093,-0.1758029461482733,0.1914857530529172,0.2075317232910356,0.0647359454855195,,0.6222350267294088,0.1527213647441104,-0.6429965836993655,,,,0.0,0.0,0.0,-0.0371718423294354,0.8810239174347745,0.2387324242810415,0.5351164548759855,0.0046605365915102,0.0,0.0,0.9428708836408738,,38.0537,-0.0533062488010364
2013-12-31,0.0474277047709764,0.00407464401049,,0.7405100345311996,-1.0938447603670305,0.8964245813078399,0.00875475175671,-0.0071428571428571,2.9393939393939394,,0.1026326629781922,0.0315148183775365,,-0.0097808203898385,3.30387025909414,,0.0071428571428571,,-1.3653342131801407,0.152063327993467,,-0.9250611566687692,-0.0498555437984978,1.6333655444319894,1.4314451437739109,0.4318981254730842,0.6370034519425363,0.3366107691331387,0.0601507092198581,-0.8132107671605715,2.927667636511266,0.5387576552930884,,,,-0.1026263164911345,,2.680555555555556,-0.8571428571428571,0.7873653606171546,,,-0.2427894764415654,,-0.0640035736877457,,0.0011728945828715,,-0.8349609028482,,,,-0.9812000781082916,0.0474277047709764,1.1967915323928289,0.1604435023642589,0.0201683698734975,,,,0.2000865144563653,,,3.51817350942101,,-1.0845155169677037,,2.297891404918432,0.8841781174751117,2.3284130140412085,-0.517134154080467,,-0.1960879014730741,,0.936494032628928,,11.17531929009786,1.6244059369744828,0.8265027521015123,,4.654320987654321,,,,,-0.1474529697738321,2.404165310771233,0.4830131625755959,-0.4691622103386809,0.0,0.0,-1.081974212279054,0.0,1.928044648196133,,-0.155079055663851,-0.1960879014730741,-0.1012550881953867,-0.0883476599808978,0.0459965928449744,,-0.5017446141041647,0.7438889299165498,1.4692532942898977,,,,0.0,0.0,0.0,-1.6721133741191048,-0.2688462256624399,0.9188224799286352,1.1259944562439252,-0.248268043834236,0.0,0.0,1.144860404485281,,39.0817,-0.0782079592238822
2013-09-30,0.3286485161791497,-0.00407464401049,,0.878233726847358,-0.7258069809265021,0.9220966123198696,,-0.0114190157668418,2.909090909090909,,0.1679620726825141,0.1801108515413861,,0.3668347926717046,1.400933643470957,,0.0114190157668418,,-0.7788160916175966,,,-0.6092927365878426,-0.0675611539897921,,0.570829146171612,,,0.3796325675847188,-0.2812056737588652,0.0469216938622737,,0.5700787401574803,,,,-0.1916811091854419,,2.6527777777777777,-0.8571428571428571,,,,-0.2730491754779023,,-0.0536542261466125,,,,-0.8327335386392909,,,,,0.3286485161791497,0.8688311967056789,0.1323984999184738,0.0046819430063476,,,,0.2176071046657955,,,1.370526467031454,,-1.1734718361591303,,-0.4631701972242513,1.1709654618858794,0.891269076403206,0.6571265389008758,,-0.1110842791596232,0.0125160978750804,0.8716741486915581,,,,-0.1148817017960624,,1.567901234567901,,,,,0.8783766645529486,2.401561991539213,-1.6954820348630382,0.6527629233511586,0.0,0.0,1.3887797796943044,-209000.0,0.7743671516842735,,1.3444722918407128,-0.1110842791596232,0.8313093622795116,0.8555737481238914,0.1226575809199318,,0.9676366080860462,-0.185658370873643,-0.3837237676915568,,,,0.0,0.0,0.0,0.1815224967087431,1.4712702211811035,-0.2691474448833949,-0.1768602181504013,0.1286056178359995,0.0,0.0,1.6521122838990558,,37.849,-0.0481862136384052
2013-06-30,0.6278541240879287,0.036498406987581,,0.9296768069264176,-0.2815047454022762,0.9059467677316908,,0.026110845676063,2.909090909090909,,0.1761661737463832,0.2256424350693967,,0.5497946933995148,1.787620339859146,,-0.026110845676063,,-0.4793639559047743,,,-0.1893348923796483,-0.0760845885721399,,0.7834311806914547,,,0.4364449803274527,-0.1421099290780141,0.1300688958763758,,0.295188101487314,,,,-0.2642847620317291,,2.6527777777777777,-0.8571428571428571,,,,-0.2854347270032142,,-0.0526108136660949,,,,-0.8323064922873312,,,,,0.6278541240879287,0.9861530583773076,-0.1682700146747106,-0.16134695898798,,,,0.1770515267053019,,,0.4058517622736542,,0.2659756291136483,,1.965463842220599,-0.0359038251889832,1.1833042587193343,0.8695900494986674,,-0.0173871045641149,,0.7573086609000328,,,,0.8238742261986107,,-0.0123456790123456,,,,,-0.6933840625660537,1.818418483566548,1.4736748488082534,0.8516934046345811,0.0,0.0,0.1455042267953206,209000.0,0.7968905720550129,,0.2979052569695845,-0.0173871045641149,-0.2131275440976933,-0.1882248601446309,0.2035775127768313,,-0.0295143890649508,-0.1781995421313049,-0.4603465104929233,,,,0.0,0.0,0.0,0.495934329745218,0.2894875320398567,-0.2186822989677583,-0.2123546563951186,0.1925305454087416,0.0,0.0,0.073860328549371,,38.0546,-0.0363039482450015
2013-03-31,0.5494391166433928,0.0767246797719933,,0.9581510598586652,0.0,0.5827145264741129,,0.035212613473483,2.333333333333333,,0.2228945232815417,0.3475791305941093,,0.6284734809402973,0.1603508431866641,,-0.035212613473483,,0.0306394233455642,,,0.0904626367370801,-0.2534026308145566,,0.0844660707674406,,,0.4652954055083132,-0.2436170212765957,0.1854658410635263,,0.2285214348206474,,,,-0.3087854952672977,,2.125,-1.0,,,,-0.3252416862100952,,-0.0518576002817213,,,,-0.8323064922873312,,,,,0.5494391166433928,0.6995649067723073,-0.1672917006359041,-0.1608067347949399,,,,-0.0044377189672413,,,0.0289794338214458,,-0.5677951398502014,,-0.3400243486729973,0.1751464545421873,-0.0456491771680919,0.8605152938190126,,0.1738710456411494,,0.6321033614365488,,,-1.4432258536228706,-0.3479540240579904,,-0.0123456790123456,,,,,1.1850348763474952,3.68499837292548,-0.7600498043400925,0.8431966726084373,0.0,0.0,0.4965417129194774,0.0,1.2563284831572652,,0.875645904885671,0.1738710456411494,0.1002374491180461,0.1363760403875017,0.3219761499148211,,0.23208169275585,-0.1550845580090096,-0.456564177647633,,,,0.0,0.0,0.0,0.5036784635638504,0.960262090271766,-0.2382226753323988,-0.1732603765434321,0.1941050510139816,0.0,0.0,0.5793909940010631,,39.4449,-0.08407521836976
2012-12-31,0.8030342263693785,0.122846182188604,,1.0194059533072146,0.5056872628939734,0.4620316342181933,,-0.1356426182513139,2.242424242424242,,0.2479384914419336,0.4072190921167147,,0.8659023730515044,0.4449182658137882,,0.1356426182513139,,0.3449975121267192,,,0.5082049940766497,-0.3175365160380098,,-0.128753019163978,,,0.4228883741591572,0.8379432624113475,0.2681744001596173,,1.4799650043744532,,,,-0.4501799760031996,,2.0416666666666665,-1.1428571428571428,,,,-0.2582290417916059,,-0.05953646400553,,,,-0.8323064922873312,,,,,0.8030342263693785,0.7207983148186192,-0.1666394912766998,-0.1604465853329131,,,,-0.051184551929352,,5.655172413793103,0.5054299021779476,,-0.2345097952358276,,-0.5316386656927198,0.5040432235573179,0.1692630500286679,-1.5098362736387867,,0.8635595266843757,,0.5459870798204314,,,2.7885501206404912,0.3330726130280677,,-0.0123456790123456,,,,,-2.437708729655464,5.0465343312723725,-0.9776769832799715,-1.3761734997029114,0.0,0.0,1.2040816326530612,0.0,0.5525214271476978,,6.557628639499985,0.8635595266843757,1.049898236092266,1.1440851412198116,0.9804088586030664,,-0.4919491661064695,0.4954582379440219,0.295876037091264,,,,0.0,0.0,0.0,2.319522961356772,1.0469691568637436,0.2337198929527207,-6.691925555275568,1.8676785489356345,0.0,0.0,0.8441542005214265,,32.4232,0.1109082385452391
2012-09-30,0.4737429831781232,0.4619952751468389,,-0.0814321811214156,0.1231179196366452,0.3920922570016474,,-0.1027711419015766,2.090909090909091,,0.2649164913284674,0.5453712610507994,,0.5042560162851009,0.8883827615170898,,0.1027711419015766,,0.0,,,0.1937166330753727,-0.3524264492302585,,0.4045327127518908,,,-0.3933081609341287,0.7545656028368795,0.1515721464793194,,1.2391951006124236,,,,-0.6054926009865351,,1.9027777777777777,-1.2857142857142858,,,,-0.4053702568021917,,-0.0446091442061261,,,,-0.8348108763601209,,,,,0.4737429831781232,0.1739974305276617,,,,,,-0.1688456253816153,,,0.3114301336622006,,0.0991520762503829,,1.5777160944728512,-0.4643537431265199,0.5041782050187257,2.041439268942759,,0.2221685583192465,,-0.5168071827438958,,,2.1305841924398625,-0.4907318292970147,,-0.0123456790123456,,,,,0.4782075671105474,-0.5766352098926131,1.3604589114194237,1.948900772430184,0.0,0.0,1.1838442489966698,0.0,1.1377317121785928,,1.434264674030756,0.2221685583192465,0.4314450474898236,0.4770091417655888,0.4165247018739352,,0.8602067927910625,-0.3068458754892548,-0.8100292825768668,,,,0.0,0.0,0.0,1.1904282506001704,1.545483865492013,-0.3781487617348456,-0.2026350840563015,-0.1674644161733215,0.0,0.0,1.250259447692814,,33.042,-0.1051712193781875
2012-06-30,0.3144114192707129,0.5290101649363879,,-0.0826147103827475,0.2638128618123105,0.0896870933796457,,0.007190635451505,1.6666666666666667,,0.2692208077314896,0.3048875452338417,,0.4876624327263601,-0.417345092718227,,-0.007190635451505,,0.3651825460389598,,,0.3672907980368324,-0.4939987136395701,,-0.1255002556372419,,,-0.3205316347252189,-0.2141843971631205,0.1796660069253796,,0.4337707786526684,,,,-0.7212638314891348,,1.5138888888888888,,,,,-0.3199379951986342,,-0.0422190774929406,,,,-0.8350891412570974,,,,,0.3144114192707129,-0.0175968994624958,,,,,,-0.230681756007142,,,0.060485238887758,,-0.4308796332185295,,-0.1072120769418066,-0.3964874869718352,-0.4819391750942383,0.4991750222109404,,0.7003139338324076,,1.4526442570896747,,,-1.146596475835344,0.0,,-0.0123456790123456,,,,,0.0645106742760515,,-0.1671113482746353,0.5048722519310754,0.0,0.0,0.6724447101016139,0.0,0.9693043651584612,,0.9270088802252544,0.7003139338324076,0.0962347354138399,0.1477691363078182,0.514480408858603,,0.4767758250904318,-0.2777490584151835,-0.7285261102977062,,,,0.0,0.0,0.0,0.0768218074808332,0.9731629067576514,-0.3249649547597808,-0.219338349112639,-0.3097367426628039,0.0,0.0,1.0754043587212392,,28.566,0.0470648250704923
2012-03-31,0.4335239936004735,0.6117167688939943,,-0.0858975436837253,0.4753639454442825,0.0546741221058098,,0.0,1.6363636363636365,,0.2712631996980812,0.2805185286977234,,0.5676553219374808,-0.3258383407637139,,0.0,,0.5153569632513177,,,0.5583888487160946,-0.5137739117805719,,-0.0843514747624336,,,-0.3239108706688666,0.1339982269503546,0.2388724440102015,,0.4864391951006124,,,,-0.6818024263431542,,1.4861111111111112,,,,,-0.3228379215448194,,-0.0391084040353977,,,,-0.8340196578275542,,,,,0.4335239936004735,-0.0028392975957956,,,,,,-0.2552475718541347,,,-0.2670490147950367,,0.0,,-0.1050499147796445,-0.3299510021204461,-0.4128310541275786,-0.901002665312857,,-0.0347742091282299,,0.7542976021022665,,,-1.370183519777729,-0.2015416420726973,,-0.0123456790123456,,,,,-1.3260621433100823,,-0.4238705087157595,-0.8061200237670826,0.0,0.0,0.7276065237810605,0.0,0.7223440302969902,,1.0168012624152976,-0.0347742091282299,0.0551899592944369,0.1062900805021148,0.5119250425894378,,0.3507154518390473,0.0728158924747064,-0.7886774036115178,,,,0.0,0.0,0.0,0.7679083094555874,1.0169577837755257,0.1468076972091245,0.5599553619640736,0.2478271822647688,0.0,0.0,0.87857847976308,,28.4637,0.0413812755635713
2011-12-31,0.3900613133825936,0.6968508203472117,,-0.0856395150651721,0.5221977185313538,-0.0347857372796303,,0.0664118490205446,1.4848484848484849,,0.2774742419346483,0.2719069213503733,,0.5326399152282424,-0.2361245719454674,,-0.0664118490205446,,0.5194094028305878,,,0.5801652383956183,-0.5462195008091622,,-0.081618800796883,,,-0.342266626475441,-0.2479166666666666,0.2486669748336241,-0.0990594762839163,0.0,,,,-0.9634182109052126,,1.3472222222222223,,,,,-0.2388479187404273,,-0.0359064319858095,,,,-0.8340196578275542,,,,,0.3900613133825936,0.0,,,,,,-0.2552475718541347,,13.077394636015326,,,2.3118233129196706,,0.2801071341611882,-0.5002935080804571,-0.3450770375611481,0.1559842619621779,,0.710939386621589,,4.007336034161831,,,-1.3100826204577027,0.0578450158322163,,261.87654320987656,,,,,0.5647854576199535,,0.2511561721807186,1.4439691027926322,0.0,0.0,2.6557083084279736,0.0,0.481762009168826,,0.7922893653887806,0.710939386621589,-0.9955563093622796,-0.9235229908582344,0.8466780238500852,,-2.6117353308364546,0.6978805110405435,-0.6888726207906296,,,,0.0,0.0,0.0,7.442732130411214,0.7706200879292492,0.8658935474278918,0.7870333705316966,4.584141579544023,0.0,0.0,-0.5459791935606348,,28.9273,-0.0793044664166381
2011-09-30,0.0909296884392368,0.8198703916426451,,,0.0858635581984536,-0.0251174718595044,1.409515032830319,-3.090946010511228,1.393939393939394,,0.3257393187586795,0.5474783564655765,,0.3335430551295279,-0.4658040964011113,,3.090946010511228,,0.2133105211761919,-0.7232254753921675,,0.1824299583057679,-0.5686218826507324,1.422101967453906,-0.2647344017207031,0.0467861093890747,-0.4546024341340052,-0.359599092524432,-0.3447251773049645,-0.8097796047796847,,0.3697287839020122,,,,-0.9291294494067458,,1.2638888888888888,,0.3648309876631637,,,-0.1620661281822916,,-0.0175619363127107,,0.0050000917385681,2.7877827097865144,-0.8311760022360795,,,,-3.9571706201240433,0.0909296884392368,-0.0569975194473488,,,,,,-0.3366875238088143,,,,,0.1890017239024426,,-0.3475042610177745,-0.2846429384351826,-0.5185365913166531,-0.7171595380124381,,0.8374788698382033,,0.4512208474761852,,,-1.2669445053739856,0.0392708748280845,,-0.0123456790123456,,,,,-1.0506024096385542,,-0.5774635361081466,-0.6339869281045751,0.0,0.0,0.6539151225343693,0.0,0.450069762806458,,0.6811473127262601,0.8374788698382033,-0.1491519674355495,-0.0654250238777459,0.9335604770017036,0.3692048328182074,0.5117321297096578,-0.3051473303301085,-0.9433870180575892,,,,0.0,0.0,0.0,0.3571594517153256,0.6910424199215767,-0.3410220466420288,-0.2324417725620072,-0.2512910945962968,0.0,1.8297468548164928,0.925456248259802,,24.12,0.1195688225538971
2011-06-30,-0.3664006362535026,0.8585361624655931,,,-0.5636789666443508,-0.024803672534173,1.3187420804054832,-0.2054467271858576,1.303030303030303,,0.3361313445500448,0.5765196280518529,,-0.0365003067399124,-0.175033921302578,,0.2054467271858576,,-0.3841169912432182,0.2649119289914274,,-0.453063987568657,-0.5841878812398855,0.9059100923814308,-0.1369334109060136,-0.0466285573369593,-0.455631468494398,-0.3673649892118289,-0.413209219858156,-0.8095864800505048,,1.9912510936132983,,,,-0.7182242367684308,,1.1805555555555556,,0.369081138229262,,,-0.0444696463076017,,-0.017516287016688,,0.005215507487566,,-0.8314212737560096,,,,-4.04646699459751,-0.3664006362535026,-0.0078065352903841,,,,,,-0.3717486118000273,,,,,0.1578164394585396,,-0.2812758704650596,-0.1097241024043702,-0.298939894843424,-0.169247366417058,,-0.3979715044675199,,1.1923245373918756,,,-1.1955107114133217,-0.1461390618139736,,-0.0123456790123456,,,,,-0.3035299091101247,,0.0274813233724653,-0.1209744503862151,0.0,0.0,0.1549824950900862,0.0,0.555909906318517,,0.7881431974999227,-0.3979715044675199,-0.5573609226594302,-0.5509619320507573,-0.0034071550255536,-1.6242390184508757,0.013828867761452,-0.2893434753710951,-0.9571742313323572,,,,0.0,0.0,0.0,0.3206071400913808,0.833222997402862,-0.3538507285162057,-0.2061629288311314,-0.4816097745307973,0.0,1.1287765159631455,0.3458121345584327,,29.1503,-0.0901946120623115
2011-03-31,-0.4468501752471493,0.7962894731138517,,,-0.6576024888748868,-0.0415134866080727,,0.1198279980888676,1.181818181818182,,0.3591896538540282,0.1618798955613577,,-0.1202490170380078,0.0608160496220197,,-0.1198279980888676,,-0.4482482445193615,,,-0.4822991830392172,-0.6165362151956513,,-0.0137515206008356,,,-0.3716286965350933,-0.3933510638297872,0.0720650714584344,,-0.3912510936132983,,,,-0.4669244100786562,,1.0694444444444444,,,,,0.0742948186544465,,-0.0198574437698492,,,,-0.8314212737560096,,,,,-0.4468501752471493,0.0336668332633218,,,,,,-0.4853120646823997,,,,,0.6087258256828241,,0.6266764061358656,-0.4932133743845315,-0.1208202700889317,0.3550577484452342,,-0.6220719632938904,,0.2293331873426037,,,-0.9736053228047088,-0.0792395883914526,,261.87654320987656,,,,,1.471570492496301,-0.3891962251871135,-1.433208822483102,-0.8904931669637552,0.0,0.0,0.3899752369567074,0.0,0.3147299182778553,,0.520065596088988,-0.6220719632938904,-0.2815807327001356,-0.3079547005048437,-0.4318568994889267,,-0.2194052306411857,-0.2894911749501514,-0.972913616398243,,,,0.0,0.0,0.0,0.5182374351428792,0.5515099047716047,-0.3695679877660252,-0.1929875085496238,0.5596422723264894,0.0,0.0,0.7430075682790391,,29.2462,-0.0742421237630872
2010-12-31,-0.4547940961593593,,,-0.0862729692092982,-0.4100244161776867,-0.254888912333666,,0.176134734830387,0.8181818181818182,,0.3701613440320468,0.2794191745682745,,-0.2026940827082345,-0.4562576726755831,,-0.176134734830387,,-0.151403719304034,,,-0.2375186547071403,-0.7165157267936428,0.482300645510417,0.5577211262142769,,,-0.4253593412869653,4.499689716312057,0.1205290216359096,0.0990594762839163,-0.8036745406824147,,,,-0.6325556592454339,,0.7361111111111112,,,,,0.2963564474823646,,-0.0882009612437476,,,,-0.8314212737560096,,,,,-0.4547940961593593,-0.1603651226325133,,,,,,-0.4853120646823997,,0.2183908045977011,,,-0.0191881047040018,,-0.1693693693693693,-0.3871191882405089,-0.5113269003208374,-0.9685239243558827,,0.8413426708524511,,1.9333187342603744,,,-0.909775535570666,-0.2423070548588475,,1048.4814814814815,,,,,-1.6645952229972525,1.903026358607224,1.20099608680185,-5.915567439096851,0.0,0.0,-0.1909316027666296,0.0,0.6621486944389077,,0.915808038615056,0.8413426708524511,-1.6424355495251015,-1.5648110246964115,0.9616695059625212,,-1.1765421428342775,0.7401225906506167,-0.6583699365544168,,,,0.0,0.0,0.0,8.885619143498799,0.9061465600651832,0.9144896138651714,1.5369523740955398,2.3041315027081497,0.0,0.0,-0.0414610069101678,,31.5706,-0.0736254616636996
2010-09-30,-0.4472917610720132,,,,-0.3383511203875083,-0.3051914852176171,,0.0035117056856187,0.7272727272727273,,0.4291859785351511,0.5295222390179103,,-0.409274699534313,-0.3132066938037087,,-0.0035117056856187,,-0.1149530497069099,,,-0.1681154514823761,-0.7478500145234243,,0.6287265739320533,,,-0.4483040360451834,-0.394813829787234,0.134270120268882,,0.4607174103237095,,,,-1.122010398613518,,0.6527777777777778,,,,,0.3081657118379246,,0.282605009684172,,,,0.1372194551361661,,,,,-0.4472917610720132,-0.0966066407675302,,,,,,-0.5689959211310789,,,,,-0.0600597274979051,,0.0,-0.3851904208546476,-0.4032913276322691,-0.1335829419977154,,0.6162762617725187,,1.1842767984233,,,-2.248958104847554,-0.1015413513065576,,-0.0123456790123456,,,,,0.2054533925174381,,-0.9812344361437212,-0.0875816993464052,0.0,0.0,0.815131073349842,0.0,0.6149093083516045,,0.796311767072001,0.6162762617725187,-0.0140094979647218,0.0569654796015827,0.7649063032367973,,0.3233138064598739,-0.2338822834354922,-0.5878477306002928,,,,0.0,0.0,0.0,1.2179973669945017,0.9209485495068832,-0.3885986151820229,-0.1226466035494438,-0.4369567955661922,0.0,0.0,0.8352443870706457,,26.2766,0.1130130991071905
2010-06-30,-0.4543987496878843,,,,-0.2568194646818677,-0.3807143262917847,,0.0145246058289536,0.6060606060606061,,0.428270848801328,0.4948009710961477,,-0.3716642034522183,-0.3106060606060606,,-0.0145246058289536,,-0.0446273910856972,,,-0.0862932135329322,-1.005092275613096,,0.596965850390508,,,-0.4758812983881203,-0.3919326241134752,0.1504700561478165,,0.3800524934383202,,,,-1.2614851353152914,,0.5416666666666666,,,,,0.3730396220542326,,0.2139647717861265,,,,0.153772792665261,,,,,-0.4543987496878843,-0.1174322447315085,,,,,,-0.6530657276114946,,,,,0.2787406283569031,,0.2145799853907962,-0.5152324703796437,-0.4013272662949996,0.1351694377459068,,0.1294373339773001,,0.4848899594875725,,,0.0952694304306499,-0.0303559849848365,,-0.0123456790123456,,,,,0.3506235468188544,,-0.6510138740661686,0.1640522875816993,0.0,0.0,0.5054222525830416,0.0,0.6268686466015547,,0.319502459853337,0.1294373339773001,-0.1077679782903663,-0.1036976395142584,-0.0638841567291311,,0.2790742341304139,-0.2668931393545528,-0.7293801854563201,,,,0.0,0.0,0.0,0.3085262913343142,0.3578618594150498,-0.3766195148889172,-0.1649807408474027,0.5356468069026326,0.0,0.0,0.7652821019059913,,22.6139,0.2932842189980499
2010-03-31,-0.7994044371283512,,,,-0.5425281245487602,-0.5488837130034653,,0.1792403248924988,0.2727272727272727,,0.4268229211631767,0.2771288534652558,,-0.4598101001087532,-0.4859468889319636,,-0.1792403248924988,,-0.2154844168664504,,,-0.317279259042725,-0.8511024835055396,,-0.1831861215422859,,,-0.312864894022084,-0.4016843971631205,0.1047372673612353,,-0.826421697287839,,,,-1.3749366751099854,,0.2361111111111111,,,,,0.4043132166993846,,0.1808755534977142,,,,0.1070423429530815,,,,,-0.7994044371283512,-0.1660007910785958,,,,,,-0.7234216570241236,,,,,0.0082540596610519,,-0.4710007304601899,-0.2236291974650485,-0.5337489173264367,-0.201865718999873,,-0.8085003622313451,,0.4198510894558195,,,0.0859106529209622,-0.1818393284465237,,-0.0123456790123456,,,,,-0.1662227858803635,-0.0455580865603644,-0.3668623265741729,-0.1515151515151515,0.0,0.0,-0.6031935786867048,0.0,-0.1050428542953956,,0.0358303165320709,-0.8085003622313451,-1.017876526458616,-1.0532814845135765,-0.4931856899488926,,-0.479656839207401,-0.3377150875120006,-0.8504148365056124,,,,0.0,0.0,0.0,-0.0096027259351041,-0.0037683963945612,-0.3950554351981649,-0.218402390294827,-0.4501826426502078,0.0,0.0,-0.4452375528387374,,25.8458,-0.0695238684815328
2009-12-31,-0.7761945936948018,,,,-0.474084065162315,-0.578145500090623,,0.1059245102723363,0.1515151515151515,,0.4481521039350578,0.2313224314048829,,-0.1529569030423022,-0.0927666860502681,,-0.1059245102723363,,-0.229243553481293,,,-0.2582919211655922,-0.8758273164861613,,-0.0249907441688263,,,-0.3397639294326691,-0.3845301418439716,0.1164161350532806,,-0.289413823272091,,,,-1.3854152779629385,,0.125,,,,,5.660267927307691,,5.434496520871511,,,,0.118975985179126,,,,,-0.7761945936948018,-0.0913665116193501,,,,,,-0.7234216570241236,,,-0.1637671268413973,,0.2877698904011487,,0.7075529583637692,-0.6568591041414589,-0.2368096812365047,-0.1806066759741084,,-0.8065684617242213,,1.2152633307784957,,-0.2474705589650025,-2.2904145645975,-0.142341656029472,,-0.0123456790123456,,,,,-0.1345170154301416,0.6260982753010088,2.217271433653504,-0.1316102198455139,0.0,0.0,-0.9947058321236444,0.0,0.237193541957345,,0.9226151799251214,-0.8065684617242213,-0.1802917232021709,-0.2108746077227452,-0.4914821124361158,,-0.6998943628157112,0.4727125027693671,-0.6476329917032699,,,,0.0,0.0,0.0,-1.8235886316115544,0.9136154538201694,0.6068561233592455,1.201303142661723,-2.233656631817609,0.0,0.0,0.6364947983901587,,18.1493,0.3250593686808857
2009-09-30,-0.8364652788695403,,,,-0.3645099043043358,-0.738989295655773,,0.088246536072623,-0.1818181818181818,,0.4409469989418041,0.4961751637579589,,-0.4304414963330638,-0.6769076694449829,,-0.088246536072623,,-0.0494195405816035,,,-0.1616136129359816,-0.941200879704552,,-0.365913859064544,,,-0.3516348838685112,-0.363209219858156,0.1355245171691387,,-0.1599300087489064,,,,-1.548380215971204,,-0.1805555555555555,,,,,0.4417626374845527,,0.1412519645500609,,,,0.1385348326021876,,,,,-0.8364652788695403,-0.2022493614646605,,,,,,-0.8708436520916694,,,-0.1336981205873314,,-0.0459067468447417,,0.1058875091307523,-0.7200531908521318,-0.6779671355202322,0.5451199390785633,,-0.8394107703453272,,0.8041169385744005,,,1.20801345324267,-0.4043568398372872,,-0.0123456790123456,,,,,0.9604734728387232,,-0.4656705798648168,0.5478906714200832,0.0,0.0,0.2526684313892921,0.0,0.5549132947976878,,-0.1722206751446517,-0.8394107703453272,-0.2452849389416553,-0.2785509619320507,-0.520442930153322,,0.1616569032299369,-0.360977771213352,-0.6959492435334309,,,,0.0,0.0,0.0,-0.0402694958568884,-0.2374768718914973,-0.415020602353341,-0.2241621368659778,0.3530671369190074,0.0,0.0,0.5795934897613081,,19.0721,-0.1121323818562193
2009-06-30,-0.823881238844756,,,,-0.33525971724491,-0.7483762237497397,,0.184448160535117,-0.1515151515151515,,0.4310335046015485,0.1454811964637442,,-0.2770018264967513,-0.7621147509207211,,-0.184448160535117,,0.0091718708008823,,,-0.1100881579149807,-0.9428503257396572,,-0.6087692389062253,,,-0.4403636248254854,-0.3563386524822695,0.1437125183053457,,-0.8645669291338582,,,,-1.499853352886282,,-0.1527777777777778,,,,,0.6114037061120339,,-0.0382378067469659,,,,0.1489588721992202,,,,,-0.823881238844756,-0.2184235459331508,,,,,,-0.8709196861744607,,,-0.1265540376042178,,-0.1563693950099115,,0.0008960311663014,-0.7186754998622309,-0.7423175923779781,-0.1385962685620002,,-0.1758029461482733,,0.3917661228511989,,,-0.4633326021788403,-0.4177669742003204,,-0.0123456790123456,,,,,-0.2649756922426548,,1.2853077196727145,-0.0922756981580511,0.0,0.0,-1.166253949278456,0.0,-0.064381104245565,,-1.3950307868436524,-0.1758029461482733,-1.1347014925373131,-1.1260744985673352,0.0647359454855195,,-0.9046384327283205,-0.332841001403146,-0.2634211810639336,,,,0.0,0.0,0.0,-0.0284984124525671,-1.5553971244759044,-0.4123868994520199,-0.1989632456171928,-0.8381408237813327,0.0,0.0,-0.5875920722909864,,10.6681,-0.1093821767699965
2009-03-31,-0.5351858359612699,,,,0.0626977250948424,-0.7386213929984878,,0.1270186335403726,-0.1515151515151515,,0.4623748479922646,1.1491915166506343,,-0.066975614176961,-0.7602571557795439,,-0.1270186335403726,,0.2959877389090077,,,0.2219487053248611,-0.9432354558280428,,-0.5892702879004249,,,-0.4346681050894783,-0.3277039007092198,0.2017193888546622,,-0.4439195100612423,,,,-1.7345687241701109,,-0.1527777777777778,,,,,0.6047779445346713,,-0.0312273791434887,,,,0.2161327653492349,,,,,-0.5351858359612699,-0.2180709333807571,,,,,,-0.8698726763046717,,,-0.2818161136986793,,-0.1094068963480584,,-0.0731239347455563,-0.6717741065973428,-0.7409146914227855,0.2608199010026653,,-0.8027046607099735,,-0.5650936165553487,,,-0.8413394750310741,-0.338387818061811,,-0.0123456790123456,,,,,0.2440921581061086,-0.8734136023429873,0.7081999288509427,0.2816993464052287,0.0,0.0,-1.7737170181880284,0.0,-0.1255730516244767,,-0.0388007054673721,-0.8027046607099735,-1.5347014925373137,-1.572588347659981,-0.4880749574105621,,-0.4374019654918531,-0.34473081751717,-0.1256710590531966,,,,0.0,0.0,0.0,-0.0560675288468984,-0.0758092716131113,-0.4154453931438766,-0.2079628496346161,-1.324914976697317,0.0,0.0,-0.5875920722909864,,9.3324,0.0131906047747632
2008-12-31,-0.4505608833566071,,,,0.1276959529529135,-0.6931827096571742,,0.1824892498805542,-0.1515151515151515,,0.5109334569950692,1.9556593834455591,,0.0925169404088006,-0.6970181559733799,,-0.1824892498805542,,0.3047072691133858,,,0.2440789574903457,-0.939904145400224,-0.0607939391596768,-0.4794961301810617,,,-0.4065474679527859,-0.2233599290780142,0.2054551643730566,,-0.8502187226596676,,,,-1.8800959872017065,,-0.1527777777777778,,,,,6.403422591073404,,6.061871099430688,,,,0.2206099043627827,,,,,-0.4505608833566071,-0.206066775618835,,,,,,-0.8698726763046717,,,0.2166971986414269,,-0.2714463430750433,,0.0513075237399561,-0.7014004528410385,-0.6931550632525344,0.3209163599441553,,-0.7978749094421638,,-0.0239789773349392,,-0.1479515674241167,,-0.2533736141358866,,-0.0123456790123456,,,,,0.2958359754808708,-0.2850634559062805,1.577730345072928,0.3379679144385026,0.0,0.0,-1.3848518486892665,0.0,-0.5044847518437313,,-0.0848417339645409,-0.7978749094421638,-0.889179104477612,-0.923113658070678,-0.4838160136286201,,-1.0657191331348634,0.5448637471383206,0.4851146900927282,,,,0.0,0.0,0.0,-0.1582900952528459,0.0058732664527847,0.4425470455800518,-0.0677850174592318,-1.981861695427636,0.0,0.0,-0.5965018857417673,,10.8369,-0.1618913157821886
2008-09-30,-0.2958578787234239,,,,0.1740276191601359,-0.5503607339658013,,0.1842092689918777,-0.1818181818181818,,0.5533846233538148,0.2421327470111309,,0.0091725690861939,-0.7369645280093041,,-0.1842092689918777,,0.3980863331940834,,,0.3444558979645214,-0.9399028486659198,,-0.2901747148322491,,,-0.3123294517070694,0.0055851063829787,0.1986336577717092,,-0.862817147856518,,,,-0.9312624983335556,,-0.1805555555555555,,,,,0.5249760393970865,,0.0532075151783909,,,,0.2409170166765958,,,,,-0.2958578787234239,-0.2136494785933518,,,,,,-0.8635912592656906,,,-0.0258424230813747,,0.0294503076815173,,-0.0386462137813489,-0.6757035208989733,-0.7233235333585449,-0.4360324914329229,,-0.0212509055783627,,0.0039964962224898,,,,0.058566115858676,,-0.0123456790123456,,,,,-0.8129359543436906,,0.9668267520455354,-0.3707664884135472,0.0,0.0,-0.7275211339766032,0.0,-0.5658760215268088,,0.0455459636746186,-0.0212509055783627,-0.3817842605156038,-0.3580297448492291,0.2010221465076661,,-0.5728736515253369,-0.3576545306845875,0.4583943387018057,,,,0.0,0.0,0.0,-0.0523503446139549,0.0037683963945612,-0.4140860626141625,-0.2217142445732387,-0.5585716085149263,0.0,0.0,-0.5786822588402055,,14.7334,-0.162535463640436
2008-06-30,-0.293370201511102,,,,0.1406489977552869,-0.519935725241639,,0.1851887243191591,-0.1818181818181818,,0.5776565278843236,0.2373688791168521,,0.0035048520677058,-0.7023163403760418,,-0.1851887243191591,,0.3653980730290589,,,0.3132544578980568,-0.940077907797004,,-0.2595423211861568,,,-0.3089462495240512,-0.23302304964539,0.1875963053472551,,-0.8699912510936133,,,,-0.8901479802692974,,-0.1805555555555555,,,,,0.5223473070131375,,0.0559888615717704,,,,0.2346046988794079,,,,,-0.293370201511102,-0.2070724879421838,,,,,,-0.8671577971795978,,,-0.0014088610575637,,-0.0456778775697036,,0.1035889943998052,-0.7374839768547914,-0.6971563807595184,0.5689808351313619,,0.3033083796184496,,0.0036680170809153,,1.997014430253773,,-0.3350381921324498,,-0.0123456790123456,,,,,0.5575988163179032,,1.379135538954109,0.5702317290552584,0.0,0.0,-1.1693279822389206,0.0,-0.5814231612517441,,0.0241344100993223,0.3033083796184496,-0.7151628222523745,-0.6703506617546732,0.4872231686541737,,-0.9041262524408592,-0.3714644413263422,0.490117130307467,,,,0.0,0.0,0.0,0.0006195307054905,-0.0271256641374276,-0.4207127989465188,-0.2295618992764318,-0.888399042700592,0.0,0.0,-1.535575973878047,,17.5293,-0.0596201787863747
2008-03-31,-0.2570306936827795,,,,0.1824846742540595,-0.5119013804465148,,-1.543573817486861,-0.1515151515151515,,0.6163731755988426,1.3020017406440385,,0.0332011098407741,-0.7856173677069199,,1.543573817486861,,0.3813071578908156,-0.7659976200504314,,0.3157838054064034,-0.94096357732686,,-0.2861462245023889,,,-0.3022155413123493,-0.2077127659574468,0.1862645367100715,,-0.7910761154855643,,,,-1.2112784962005063,,-0.1527777777777778,,,,,0.5171175779913773,,0.061522208382515,,,,0.1903481299291638,,,,,-0.2570306936827795,-0.2228848612699571,,,,,,-0.8654198018952522,,,0.0099258851279349,,-0.3350129384969195,,0.0629169710250791,-0.7742503564026691,-0.7600673392458492,0.3075263358294199,,-0.1497222893021009,,0.0,,-0.0537402554320782,,-0.5321311122677141,,-0.0123456790123456,,,,,0.2032551257662228,-0.8825252196550603,-0.081732479544646,0.3254307783719548,0.0,0.0,0.0697634702416531,0.0,-0.579031293601754,,-0.103839846529905,-0.1497222893021009,0.5558683853459973,0.5757947878291718,0.0877342419080068,,0.0249047664778001,-0.3611254707924082,1.0054904831625182,,,,0.0,0.0,0.0,-0.0331448927437466,-0.1588497903617321,-0.4196933010492332,-0.2203463047625904,0.0,0.0,0.0,0.3603918292960741,,17.4764,0.1347531528232357
2007-12-31,-0.1358627800948831,,,,0.2944610719489623,-0.462429293708053,,0.1244386048733874,-0.1818181818181818,,0.6190124985508391,0.7143969584535752,,-2.812296087671844,-0.8351909284745106,,-0.2934543717152413,,0.4903265633024056,,,0.4324138037140175,-0.9410686128055106,,-0.8332892579467922,,,0.0254711892372128,-0.0721631205673758,0.1822405971635947,,-0.4132983377077865,,,,-0.7500066657778963,,-0.1805555555555555,,,,,6.0042497326582245,,5.758410882792171,,,,0.0870477339463876,,,,,-0.1358627800948831,-0.2322950171247052,,,,,,-0.8654198018952522,,0.8022988505747126,,,0.0709716239013352,,-0.1742975407840272,-0.6651252500808644,-0.7975064960413795,-0.8027033887549181,,0.5853658536585366,,-0.0059673710719369,,,,-0.2367476062677549,,-0.0123456790123456,,,,,-1.3526949904882688,,0.6587513340448239,-0.7140819964349376,0.0,0.0,0.0268977884040645,0.0,-0.614311341439107,,0.0364491475602586,0.5853658536585366,0.6439959294436907,0.7163323782234957,0.7359454855195912,,-0.328755722014149,0.5448637471383206,1.879209370424597,,,,0.0,0.0,0.0,1.6182142027414237,-0.0586987150107789,0.6898602438299137,0.3987544548039886,-2.260045345761431,0.0,0.0,-0.2301870554585263,,20.4254,-0.0086020347214741
2007-09-30,0.451580461098832,,,,1.4476528964675304,-0.725663644995577,,-0.2398232202580028,-0.1818181818181818,,0.6358745655600422,-0.1530850625257661,,-0.4041385488413597,-0.6880532402920463,,0.2398232202580028,,1.1224885118792622,-0.8125990189605101,,1.1914949920765574,-0.9401621955267854,,2.2238059977786007,,,0.7855097410838939,0.0,0.3982368991601054,,0.7433070866141732,,,,-3.5454472736968405,,-0.1805555555555555,,,0.0,,-0.3232693664847407,,0.9506987602955466,,,,0.4069446701066931,,,,,0.451580461098832,-0.2043650367790223,,,,,,-0.8662362692336047,,5.560919540229885,,,0.2645433504247002,,0.2448502556610664,-0.813784097852,-0.6863845412513877,4.517134154080467,,-0.2878531755614585,,-0.0037227636045111,,,,-0.0321412890826037,,-0.0123456790123456,,,,,5.783470725005285,,2.2396833866951265,4.266904337492573,0.0,0.0,-1.920416702245752,0.0,-0.5509268487143711,,0.0926390049197066,-0.2878531755614585,-0.2710651289009498,-0.265520534861509,-0.0340715502555366,,-1.4672684785044336,-0.2408241636511336,2.362005856515373,,,,0.0,0.0,0.0,2.5753891427243865,0.0553716623381032,-0.2795972983305722,-0.2217862414053781,-1.542763572238317,0.0,0.0,-1.5834662211759942,,24.8103,-0.0288081985895255
2007-06-30,0.5893483025533371,,,,1.2615418947478965,-0.411052769684821,,0.1002388915432393,-0.1818181818181818,,0.6954985977055157,,,-0.5975938345277599,-0.8884958325256833,,-0.1002388915432393,,1.107758173395455,,,1.136277058941182,-0.93903403668202,,2.907714955660161,,,1.148250095189745,0.1198581560283688,0.392526012058111,,-0.247769028871391,,,,-1.1122250366617783,,-0.1805555555555555,,,,,-0.6098874853231677,,1.2539568157659626,,,,0.4011091999853086,,,,,0.5893483025533371,-0.2424134642803484,,,,,,-0.8647699159849073,,0.4467432950191571,,,3.83370801448521,,-0.226481616751887,-0.6725647814263295,-0.8377636538860357,-3.449295595887803,,-0.1593817918377203,,-0.0338333515821745,,,,2.769064808864878,,-0.0123456790123456,,,,,-4.7928979074191504,,0.0761294912842404,-3.192097445038621,0.0,0.0,0.1076765434207155,0.0,-0.5800279051225832,,0.0034654537578514,-0.1593817918377203,1.065909090909091,1.088006549324601,0.0792163543441226,,0.053330772431896,-0.3800310169116018,1.8685944363103952,,,,0.0,0.0,0.0,8.613954929141176,-0.058155522737689,-0.4201180918397689,-0.2384175096295763,-0.060335054792795,0.0,0.0,0.4082820765940213,,29.7572,-0.1137021539536164
2007-03-31,-0.0069335910406628,,,,0.3993292114624765,-0.3980165718505774,,0.0762064022933588,-0.1818181818181818,,0.6966406598800712,-0.6215931473592597,,-0.9468991383397004,-0.6980842540544033,,-0.0762064022933588,,0.0334332917357373,,,-0.0698339923381079,-0.940417652184738,,2.706114137620987,,,1.0109468206625207,-0.019281914893617,0.1537288074928739,,-0.0717410323709536,,,,-0.967630982535662,,-0.1805555555555555,,,,,-0.5032034786789156,,1.1410791493579753,,,,0.1571026336807598,,,,,-0.0069335910406628,-0.2062691445619479,,,,,,-0.8659092713032216,,1.1977011494252874,,,0.7483360834560737,,0.1816216216216216,-0.782336803517305,-0.6939602064094275,-1.253458560731057,,-0.1226756822023665,,-0.1479798532793167,,,-0.9984645755648168,0.2990529746829922,,-0.0123456790123456,,,,,-1.7658000422743605,-0.3553530751708428,0.007470651013874,-1.1361259655377305,0.0,0.0,0.0737767910511485,0.0,-0.5387681881602552,,0.014047464339862,-0.1226756822023665,0.8060719131614654,0.8293082275890299,0.1115843270868824,,0.1968692979928935,-0.3535927922605421,1.4497315763787213,,,,0.0,0.0,0.0,7.438705180825525,-0.0362920337458199,-0.4025317531115925,-0.227545987976529,-0.08307091573246,0.0,0.0,0.3680866681853849,,32.2576,-0.0834896152567751
2006-12-31,-0.7585196008619015,,,,-0.7401547670617887,-0.3381404143774194,,0.0525322503583373,-0.2121212121212121,,0.6974003902251318,-0.477760982089689,,-0.1396328880957028,-0.8460942043031595,,-0.0525322503583373,,-0.6093107659722795,-0.816234787358679,,-0.8413188300998508,-0.9589700298767584,,2.960032439484494,,,1.174121874603376,-0.2039450354609929,-0.0012278955572935,,-0.5333333333333333,,,,-0.0041861085188641,,-0.2083333333333333,,,,,3.5832334332847444,,4.355275428288216,,,,-0.0012344503147754,,,,,-0.7585196008619015,-0.2343646994974504,,,,,,-0.8659092713032216,,,1.664982419170089,,-4.12868359561014,,-0.1556367177988799,-0.6846884621374576,-0.8057409146914228,-0.7710369336210179,,0.1101183289060613,,-0.2065038870031753,,3.0074639243655663,,44.9662042515825,,0.0617283950617283,,,,,-0.9043331219615304,,-0.0148523657061543,-0.6844325609031492,0.0,0.0,0.6003757151396123,0.0,-0.594977077935021,,-0.2461709830130882,0.1101183289060613,0.3880936227951153,0.4254332105334971,0.3168654173764906,,-0.1415538269470853,-0.1965142899342737,1.0209858467545143,,,,0.0,0.0,0.0,2.688453496476419,-0.241075520700718,-0.3228410008071025,-0.1419417545627992,2.3468950749464668,0.0,0.0,0.100083529501101,,32.3863,0.0042076736556839
2006-09-30,0.5513256822616592,,,,1.4064801323199307,-0.5750156223371017,,-18.374892498805544,-0.3939393939393939,,0.6995513150981606,-0.5190783747881453,,-1.199116031343242,-0.714431091296763,,18.374892498805544,,1.413902289109501,-0.2523022425598987,,1.523470314014493,-1.0801705983650771,,5.98268718816664,,,2.4916986609975886,33.92313829787234,-1.9799853938000564e-05,,0.3125109361329833,,,,0.1300893214238101,,-0.375,,,,,-0.5478272124650606,,1.1882935641013936,,,,0.0,,,,,0.5513256822616592,-0.2093721350230118,,,,,,-0.9435331342918594,,1.221455938697318,,,1.0108122275255909,,0.1951400048697346,-0.802774549854444,-0.706305734815122,0.1724838177433684,,0.1439265877807292,,-0.2164130077740063,,0.0391441366727483,,29.11977529592724,,0.0,,,,,0.4197844007609385,,0.7292778370686588,0.1989304812834224,0.0,0.0,-0.9372384937238494,0.0,-0.5614909308351604,,-0.775085862805161,0.1439265877807292,0.278663500678426,0.3177786874061946,0.3466780238500851,,-0.7301129997759211,-0.3776678236467026,1.945827232796486,,,,0.0,0.0,0.0,-3.068845349647642,-0.9165351122880278,-0.4122169831358056,-0.2428093163900788,-2.4755006927824663,0.0,0.0,-1.2018629609942542,,28.1583,0.1532309467259667
2006-06-30,0.2154314594064716,,,,0.9442891085469748,-0.5870482033636042,,-1.667486860965122,-0.4545454545454545,,0.7217413611506461,-0.6733544042874811,,-3.4970319427790635,-0.8736512243974931,,1.667486860965122,,1.0786753338672723,-0.7649470580770228,,1.1054725602720126,-1.0811716772480189,,9.35240916062834,,,4.053179337479375,-0.014627659574468,-0.1826268466219545,,-0.1333333333333333,,,,-0.2077323023596853,,-0.4305555555555556,,,,,-2.9852938910478257,,3.767270106884566,,,,0.3492199556394708,,,,,0.2154314594064716,-0.2395956300573072,,,,,,-0.9423835040974922,,,,,1.3652642886410702,,-0.386890674458242,-0.5629005786302158,-0.8265526453832359,-1.163726361213352,,-0.3313209369717459,,-0.2457023978977335,,0.4166528445845082,,29.64738790238399,,0.0493827160493827,,,,,-1.2835341365461848,,-0.0611881892564923,-1.0521093285799168,0.0,0.0,-0.2142430193834856,0.0,-0.5106637432728722,,-0.2578668894458368,-0.3313209369717459,0.558921302578019,0.5660390230590804,-0.0724020442930153,,-0.188034188034188,-0.3810649139649952,1.4167886774036116,,,,0.0,0.0,0.0,-0.4884999612793309,-0.3609852149853168,-0.4011724225818784,-0.2554807588466107,-1.6777931729436957,0.0,0.0,0.0266788164122813,,23.7311,0.3647197137932922
2006-03-31,-0.2127634487159331,,,,0.3288110896703816,-0.5807235238582168,,-3.09235547061634,-0.3939393939393939,,0.7225997577742861,-0.7791672392469424,,-4.003909191043195,-0.5502196808166957,,3.09235547061634,,-1.910710627077108,-0.7212104269011549,,-2.2899364586057818,-1.0804960786754638,,9.873406674776538,,,4.206264278461734,-0.0115248226950354,-0.3667289346688588,,-0.0992125984251968,,,,-0.1686175176643114,,-0.375,,,,,-3.128666126333242,,3.918965978231807,,,,-0.3747088956992199,,,,,-0.2127634487159331,-0.1782011853914152,,,,,,-0.95244504803633,,,-0.2144063027574564,,-0.0811157008014116,,0.1188799610421232,-0.634085273082314,-0.5822892903760994,0.1072471125777383,,-0.2492151654189809,,-0.2584035913719479,,-0.5055564770276995,-1.7201871755501938,-0.3335203928832079,,-0.0123456790123456,,,,,0.4034664975692242,-0.2303937520338431,0.0,0.1379084967320261,0.0,0.0,-0.2924600802664162,0.0,-0.5409607335060793,,-0.3178934991800489,-0.2492151654189809,0.1360583446404342,0.1466093600764088,0.0,,-0.2466788309484938,-0.3950963739753341,0.7680575890678379,,,,0.0,0.0,0.0,-0.7837063424455974,-0.4297669365653274,-0.4136612718236269,-0.2585766226286043,-1.4029474744930093,0.0,0.0,-0.0661654896600602,,24.7082,-0.0754729199213217
