,totalAssets,intangibleAssets,earningAssets,otherCurrentAssets,totalLiab,totalStockholderEquity,deferredLongTermLiab,otherCurrentLiab,commonStock,capitalStock,retainedEarnings,otherLiab,goodWill,otherAssets,cash,cashAndEquivalents,totalCurrentLiabilities,currentDeferredRevenue,netDebt,shortTermDebt,shortLongTermDebt,shortLongTermDebtTotal,otherStockholderEquity,propertyPlantEquipment,totalCurrentAssets,longTermInvestments,netTangibleAssets,shortTermInvestments,netReceivables,longTermDebt,inventory,accountsPayable,totalPermanentEquity,noncontrollingInterestInConsolidatedEntity,temporaryEquityRedeemableNoncontrollingInterests,accumulatedOtherComprehensiveIncome,additionalPaidInCapital,commonStockTotalEquity,preferredStockTotalEquity,retainedEarningsTotalEquity,treasuryStock,accumulatedAmortization,nonCurrrentAssetsOther,deferredLongTermAssetCharges,nonCurrentAssetsTotal,capitalLeaseObligations,longTermDebtTotal,nonCurrentLiabilitiesOther,nonCurrentLiabilitiesTotal,negativeGoodwill,warrants,preferredStockRedeemable,capitalSurpluse,liabilitiesAndStockholdersEquity,cashAndShortTermInvestments,propertyPlantAndEquipmentGross,propertyPlantAndEquipmentNet,accumulatedDepreciation,netWorkingCapital,netInvestedCapital,commonStockSharesOutstanding,investments,changeToLiabilities,totalCashflowsFromInvestingActivities,netBorrowings,totalCashFromFinancingActivities,changeToOperatingActivities,changeInCash,beginPeriodCashFlow,endPeriodCashFlow,totalCashFromOperatingActivities,issuanceOfCapitalStock,depreciation,otherCashflowsFromInvestingActivities,dividendsPaid,changeToInventory,changeToAccountReceivables,salePurchaseOfStock,otherCashflowsFromFinancingActivities,changeToNetincome,capitalExpenditures,changeReceivables,cashFlowsOtherOperating,exchangeRateChanges,cashAndCashEquivalentsChanges,changeInWorkingCapital,stockBasedCompensation,otherNonCashItems,freeCashFlow,researchDevelopment,effectOfAccountingCharges,incomeBeforeTax,minorityInterest,sellingGeneralAdministrative,sellingAndMarketingExpenses,grossProfit,reconciledDepreciation,ebit,ebitda,depreciationAndAmortization,nonOperatingIncomeNetOther,operatingIncome,otherOperatingExpenses,interestExpense,taxProvision,interestIncome,netInterestIncome,extraordinaryItems,nonRecurring,otherItems,incomeTaxExpense,totalRevenue,totalOperatingExpenses,costOfRevenue,totalOtherIncomeExpenseNet,discontinuedOperations,netIncomeFromContinuingOps,netIncomeApplicableToCommonShares,preferredStockAndOtherAdjustments,adjusted_close,10%DDret
2023-09-30,1.012061902594447,1.8036437246963564,,0.4380113278791693,1.566148713896936,-0.0898125811838931,,0.9207812157120912,0.3333333333333333,0.0,-0.8046628859483301,,-3.266881028938907,-1.3900856475473655,0.5760801502817783,1.287037037037037,1.4826238053866203,-0.6225560324272771,1.9166155732679333,1.775047258979206,2.265868263473054,2.191410693970421,-0.5825311942959002,1.1398047099368178,0.5179879019420567,-0.3838621229925578,,-0.1421800947867298,0.1277641277641277,2.3178177094609222,1.1321499013806706,0.5530260966129927,,,,0.796109240553685,,,,,,,0.8588560885608856,,1.150316211630418,,4.694991692380726,-0.7895967270601987,1.2537444933920705,,,,-2.0127877237851663,0.9839584024781504,0.442736053617189,,1.1986735299940603,,-2.4200341491178143,2.33595166163142,0.1630214999196578,-7.771784232365145,,-9.50510677808728,,1.8019174041297936,,0.8897742363877822,0.5398274987316083,0.8691683569979716,1.4370860927152318,-0.1818181818181818,0.0121212121212121,-0.9679089026915114,-2.4761904761904763,-0.2527472527472527,-0.0425531914893617,0.404040404040404,15.097775912715065,,4.017216642754663,,,,,0.4181159420289855,0.7973421926910299,0.0,-2.2257703081232494,,,0.8657187993680885,-0.8853503184713376,0.5625,,0.4857801691006917,0.0,0.6094627105052125,0.5736520289049472,0.0877350044762757,,2.238522609596134,0.3090972953986652,-0.3615384615384615,0.3333333333333333,0.6282051282051282,0.0,,,,0.5089820359281437,0.2787025913849322,0.078125,0.3321755604673192,-1.4096916299559472,,1.2,0.5567567567567567,,15.7532,-0.1071856669217035
2023-06-30,0.5400546199362768,1.7955465587044537,,0.4090623033354311,1.3628303046264594,-1.686398218593431,-0.1860465116279069,-2.4485407066052227,0.3333333333333333,0.0,-0.9502205419029616,,-3.266881028938907,11.235920062289123,-34.87539135879775,-0.0802469135802469,-0.23501303214596,,8.65113427345187,1.0047258979206048,1.2898203592814372,1.950227531285552,-2.443018419489008,0.8048248133256749,-9.256287806431072,-0.4402663533098315,-2.4113630155695165,0.1342812006319115,0.113022113022113,2.303528902359818,1.0374753451676528,0.4886174347584675,,-0.6447841726618705,,0.6786382341937898,,0.3333333333333333,1.0,-0.8869005010737294,0.0004122011541632,,-0.077490774907749,,0.9121548665741168,,4.663660099691431,-0.5832846288720047,1.2610132158590308,,1.025519287833828,,-1.909462915601023,0.5250580816461998,-22.30199093238715,2.2425559660943275,0.9100178182538112,0.5966046887631367,-1.1918042117245304,1.8787512588116817,0.0282152596014792,0.4398340248962655,-0.5551601423487544,-2.9182915506035285,0.6258205689277899,2.2473451327433627,,5.402390438247012,0.6078132927447996,2.660243407707911,0.2008830022075055,-0.1818181818181818,-0.206060606060606,-0.8830227743271222,-2.4761904761904763,2.120879120879121,1.3702127659574468,-0.6363636363636364,13.529164918170371,-0.0549313358302122,3.862266857962697,1.3954451345755694,0.3647798742138364,,-0.0738662926601215,0.1246376811594203,0.0166112956810631,1.4035087719298245,-3.6431372549019607,,,0.5813586097946287,-0.375796178343949,0.90625,,-0.1598770176787086,-0.2195121951219512,-0.086607858861267,0.0811561978877154,0.0555058191584601,-0.213953488372093,0.153607179841215,0.3259571478749561,-0.4846153846153846,-0.6666666666666666,0.4615384615384615,0.1538461538461538,,1.901098901098901,,-0.5988023952095808,0.1390080659001201,0.25,0.3403852226081465,-1.2964128382630584,,0.0247422680412371,-0.9027027027027028,,20.3432,-0.0452780290219827
2023-03-31,0.5791989076012745,1.3704453441295548,,0.5022026431718062,1.0374857343516812,-0.2445722768602709,-0.1511627906976744,0.8703094140882159,0.3333333333333333,0.0,-0.925645872715816,,-3.266881028938907,-1.549961069296652,0.1703193487789605,0.287037037037037,0.5951346655082537,,1.3682403433476396,0.3355387523629489,0.4419161676646707,1.463310580204778,-0.5316696375519905,0.3765651924181505,0.6217765042979942,-0.5812769291030161,-2.101065282709642,0.306477093206951,0.2594594594594595,1.8688027711625887,1.3925049309664694,0.40199888950583,,-0.7931654676258992,,0.547699214365881,,0.3333333333333333,1.0,-0.8589835361488904,-0.0004122011541632,,0.7204797047970479,,0.5132654635199754,,3.7104201281746976,-0.581531268264173,1.0405286343612334,,1.011275964391691,,-1.90230179028133,0.5631153888704503,0.4111965306524738,2.0,0.5409819837655909,0.2174616006467259,0.2766078542970973,1.1367573011077543,0.1630214999196578,-0.1327800829875518,-0.9181494661921707,-1.986072423398329,3.00656455142232,1.514306784660767,,0.0,0.6179604261796042,0.6075050709939148,0.3399558498896247,0.9090909090909092,-0.303030303030303,-0.1666666666666666,-2.4761904761904763,4.450549450549451,-0.1957446808510638,0.0808080808080808,3.148971884179605,-0.4694132334581772,3.018651362984218,-0.1283643892339544,0.8763102725366876,,0.0532959326788218,0.0304347826086956,,0.8070175438596491,-2.6431372549019607,,,0.3949447077409163,-0.7452229299363057,0.28125,,-0.0122982321291314,-0.3170731707317073,0.0641539695268644,0.1812117843246248,0.0411817367949865,0.1302325581395348,0.3158439765274421,0.3933965577801194,-0.3307692307692307,0.0,0.358974358974359,-1.2820512820512822,,0.2087912087912088,,0.1397205588822355,0.2117727818774669,-0.0625,0.4136406694032207,-2.259282567652612,,0.7958762886597938,0.1243243243243243,,23.4644,-0.0548106919418353
2022-12-31,0.4660901228948566,1.3491902834008098,,0.5147891755821271,0.8557633219208147,-0.2167377992206346,0.0174418604651162,0.8567039719113452,0.3333333333333333,0.0,-1.0207939508506616,,-3.266881028938907,-1.5447703088502465,0.0864120225422667,0.0802469135802469,0.4713292788879235,,1.0577559779276515,-0.1172022684310018,-0.1317365269461078,1.0841865756541524,-0.4727272727272727,0.1068351522113727,0.6217765042979942,-0.2929886408147277,0.4523354274788309,0.1611374407582938,0.2004914004914005,1.4990257631521977,2.145956607495069,0.6518600777345919,,-0.8237410071942446,,0.6240179573512907,,0.3333333333333333,1.0,-0.9670722977809592,-0.0061830173124484,,0.7407749077490775,,0.3599413851611908,,2.89959648706385,-0.559906487434249,0.8753303964757709,,1.1014836795252223,,-1.7682864450127878,0.453147472065494,0.2858269268677311,1.755705281460552,0.3085527618293407,0.4042037186742118,0.6010244735344337,0.6300100704934541,0.0278669234115259,-8.136929460580912,0.4519572953736654,-9.807799442896936,-3.225382932166302,1.3358407079646015,,0.1673306772908366,0.5641806189751395,0.6176470588235294,1.3134657836644592,-0.1818181818181818,-0.7878787878787878,-2.8457556935817805,-2.4081632653061225,-0.978021978021978,-0.7148936170212766,0.9797979797979798,3.745698699118758,6.107365792759051,3.847919655667145,-0.6335403726708074,1.8909853249475888,,-0.0719962599345488,1.1463768115942028,,10.021052631578948,-2.217366946778712,,,-3.2543443917851502,0.0254777070063694,0.375,,-0.0599538816295157,-0.8048780487804879,-0.2293504410585405,-0.0444691495275152,-0.0304386750223813,-1.4511627906976745,0.0,0.2774850720056199,-0.5307692307692308,0.063063063063063,0.3076923076923077,-0.1538461538461538,0.0,11.054945054945057,,0.2095808383233532,0.1503346490475373,-0.328125,0.3201768234922639,-8.376337319068597,,-4.065979381443299,-5.572972972972973,,27.4229,-0.1023610479053717
2022-09-30,0.3991807009558489,1.131578947368421,,0.2252989301447451,0.5844965323501009,0.1439970309890517,0.191860465116279,0.3405749396532807,0.3333333333333333,0.0,-0.4517958412098298,2.205808080808081,-0.639871382636656,-0.9483519335582664,0.3105823418910457,0.6327160493827161,0.2154648132059079,-0.5696232713400096,0.6967504598405886,0.1181474480151228,0.1664670658682635,0.7164391353811149,-0.4156862745098039,-0.224468696151637,0.6170009551098377,-0.0282021151586369,-2.9937175635072384,0.0679304897314376,0.1886977886977887,0.8313487767915133,1.921104536489152,0.6052193225985564,,-0.8372302158273381,,0.5858585858585859,,0.3333333333333333,1.0,-0.3206871868289191,-0.0144270403957131,,0.7749077490774908,,0.2715563782199598,,1.4355566104913364,-0.1648158971361776,0.6647577092511013,,0.8166172106824926,,-1.6352941176470588,0.388096028321717,0.3804454957618766,1.4842860247772225,0.0230647396555137,0.5004042037186742,1.254410927717701,0.5007049345417925,0.159886471075049,0.0,-0.302491103202847,-6.073351903435469,4.00437636761488,1.4007374631268437,2.371681415929204,1.043824701195219,0.1755454084221207,0.563894523326572,0.6909492273730684,-0.1818181818181818,-0.4727272727272727,-2.491718426501035,0.4625850340136054,-2.6923076923076925,-0.9191489361702128,0.9797979797979798,1.3537557700377676,0.264669163545568,1.586800573888092,-0.8322981366459627,1.2746331236897277,,0.9209911173445536,-0.4188405797101449,,0.6596491228070176,-0.8,,,1.5071090047393365,-0.3439490445859872,0.15625,,0.4458109146810146,-0.4878048780487805,0.5148356054530874,0.4858254585881045,0.0161145926589077,0.1302325581395348,0.8008284432171212,0.4538110291534949,-0.7461538461538462,0.6576576576576577,0.935897435897436,0.3076923076923077,0.0,0.5384615384615384,,0.8682634730538922,0.3449459413077055,-0.125,0.4704767919166404,-1.8124606670862176,,1.839175257731959,1.5837837837837838,,21.7534,0.1515671113481111
2022-06-30,0.2051661356395084,1.1518218623481782,,0.1825047199496538,0.3918883328943903,-0.0096492855817405,-0.2906976744186046,0.2879087118718455,0.3333333333333333,0.0,-0.7170762444864525,2.003787878787879,-0.639871382636656,-1.027770568388269,-0.2880400751408891,-0.8425925925925926,0.2532580364900086,-0.5624701955174058,0.6106683016554261,0.3024574669187145,0.4,0.4806598407281001,-0.3653000594177065,-0.4183802412406663,0.3925501432664756,-0.0642381511946729,-2.186287899481016,-0.0521327014218009,0.0786240786240786,0.3879627625027062,1.4201183431952662,0.6018878400888396,,-1.0116906474820144,,0.5117845117845118,,0.3333333333333333,1.0,-0.6220472440944882,-0.0144270403957131,,0.6199261992619927,,0.1173068024062933,,0.4633277949204842,-0.1934541203974284,0.4039647577092511,,0.7501483679525223,,-1.526854219948849,0.1994689678061732,-0.0563768972994283,1.3123234079547923,-0.1440308849732726,0.6176232821341956,0.3528742174160501,0.0,0.0250802307568704,-0.941908713692946,1.0569395017793597,-1.6258124419684308,1.474835886214442,1.6470501474926251,-0.9469026548672568,0.2629482071713147,0.0852359208523592,0.1754563894523326,-0.1390728476821192,-0.1818181818181818,-0.5212121212121212,-0.7236024844720497,0.4761904761904761,-3.769230769230769,-1.2425531914893615,0.1111111111111111,2.6856903063365505,1.5131086142322097,1.1305595408895266,-1.1469979296066253,-0.5408805031446541,,0.1785881252921926,-1.1,,3.992982456140351,-1.407843137254902,,,-0.9478672985781992,-0.7770700636942676,0.0,,-0.0599538816295157,-0.5365853658536586,-0.0208500400962309,0.1122846025569761,0.0089525514771709,0.427906976744186,0.2243700379703141,0.309799789251844,-0.7230769230769231,-0.8198198198198198,0.0,-0.1025641025641025,0.0,5.285714285714286,,-0.7684630738522954,0.1565127853097649,0.109375,0.3315440479949479,-4.60037759597231,,-0.5608247422680412,-1.6594594594594594,,20.0796,0.1643708041992868
2022-03-31,0.0433545744196631,1.0900809716599191,,-0.0176211453744493,0.1666227723641471,0.0085359064761551,-0.5872093023255814,0.5091068685538732,0.3333333333333333,0.0,-0.6042848141146818,2.075757575757576,-0.6302250803858521,-1.1658447962626526,-0.3118346900438322,-0.9012345679012346,0.1507384882710686,,0.3396689147762109,0.3516068052930057,0.4622754491017964,0.1609783845278725,-0.3752822341057635,-0.4873061458931648,0.1439032155364533,-0.09087348217783,-2.111991259218793,-0.296998420221169,-0.0707616707616707,-0.1212383632820957,0.6982248520710059,0.1610216546363131,,-1.1807553956834531,,0.4302282080059857,,0.3333333333333333,1.0,-0.493915533285612,-0.0144270403957131,,0.3837638376383764,,0.0184328243097331,,-0.6532162354616663,-0.0654587960257159,0.1733480176211453,,0.657566765578635,,-1.5483375959079284,0.0421506803849983,-0.1935738221959393,1.3204955444468591,-0.2034250643436943,0.3371059013742926,-0.2675014228799089,-0.4330312185297079,0.159886471075049,-0.7925311203319502,-0.5480427046263345,-1.1114206128133706,1.951859956236324,1.2222713864306785,0.6283185840707964,0.2337317397078353,0.0060882800608828,0.0851926977687626,-0.0309050772626931,21.63636363636364,-0.3757575757575757,-0.4875776397515527,0.4625850340136054,-0.7142857142857143,-0.3234042553191489,-0.0202020202020202,1.85312631137222,-0.3645443196004994,0.7661406025824964,-0.2525879917184265,0.7840670859538784,,0.2496493688639551,-0.6833333333333333,,1.1298245614035087,-0.91484593837535,,,0.3917851500789889,-0.8598726114649682,0.1875,,-0.1106840891621829,-0.3902439024390244,-0.1122694466720128,0.0555864369093941,0.0304386750223813,-0.4465116279069767,0.1259924059371764,0.1643835616438356,-0.8846153846153846,-0.1081081081081081,-0.2564102564102564,-0.0512820512820512,,0.0,,0.0199600798403193,0.0789428522395744,-0.109375,0.2096621408272813,-1.5733165512901195,,0.8412371134020619,-0.0702702702702702,,24.4064,-0.1057140749967222
2021-12-31,-0.1483841602184797,0.9534412955465588,,-0.2857142857142857,-0.1034149767360196,-0.0827611801818519,-1.755813953488372,0.4722405091068685,0.3333333333333333,-13000000.0,-0.6767485822306238,2.35479797979798,-0.6463022508038585,-1.2753698416818064,-0.4533500313087038,-1.25,-0.2927888792354474,-0.7103004291845494,-0.0134886572654813,-0.4867674858223062,-0.6,-0.280716723549488,-0.2787878787878788,-0.6129810453762206,-0.1063355619229544,-0.0924402663533098,-3.4526085768915595,-0.6255924170616114,-0.1739557739557739,-0.4096124702316518,0.3668639053254438,0.011104941699056,,-1.091726618705036,,0.1900486344930789,,0.3333333333333333,0.9844868735083532,-0.576234788833214,-0.0251442704039571,,0.1669741697416974,,-0.120237544346753,,-1.2855447424638025,-0.4488603156049094,0.0594713656387665,,0.9495548961424332,,-1.3273657289002558,-0.1442637459896006,-0.4466784939877784,1.1822647250597695,-0.3117204513957632,0.5375909458367018,0.0,-1.152467270896274,0.0219452019122616,-1.2738589211618256,0.0747330960854092,-1.42711234911792,0.5864332603938731,0.4228613569321534,-1.752212389380531,-1.2749003984063745,0.5032978183663115,0.0060851926977687,0.1147902869757174,0.5454545454545454,-0.593939393939394,0.181159420289855,0.3945578231292517,-0.2527472527472527,-0.1106382978723404,12.16161616161616,1.8522870331514896,4.409488139825219,0.2381635581061693,-0.0455486542443064,-0.1341719077568134,-0.6296296296296297,-0.997662459093034,-0.5384057971014493,6.697674418604652,-0.8350877192982457,-0.2145658263305322,,,-5.273301737756714,3.9426751592356686,-0.3125,,-0.0661029976940814,-0.6097560975609756,0.1587810745789895,0.2334630350194552,-0.0017905102954341,-15.804651162790698,-1.8519157749395927,0.0751668422901299,-1.0076923076923077,-2.5225225225225225,0.8076923076923077,1.3333333333333333,0.0,2.197802197802198,,-2.654690618762475,0.0507980092672043,-0.359375,0.1395642563940637,-11.71806167400881,,-5.484536082474227,-4.108108108108108,,22.8856,-0.098096619708463
2021-09-30,0.0868229403732362,0.4251012145748988,,-0.2957835116425424,0.049337196031955,0.1710892558916311,0.0465116279069767,0.4450296247531271,0.3333333333333333,205000000.0,-0.2785129174543163,2.0505050505050506,-0.8617363344051447,-1.4108486893329872,0.1327489041953663,0.1944444444444444,-0.3249348392701998,-0.7107773009060563,0.1935009196811772,-0.3667296786389414,-0.4479041916167665,0.0924345847554038,-0.2887700534759358,0.0491671453187823,0.0,-0.5609087348217783,-1.2794318492215242,-0.7235387045813586,-0.1916461916461916,0.1034856029443602,0.2603550295857988,-0.1421432537479178,,-0.6303956834532374,,0.081556303778526,,0.3333333333333333,1.2446300715990453,-0.1238367931281317,-0.0259686727122835,,0.0138376383763837,,0.147076970538331,,-0.1604557322572988,-0.0660432495616598,0.2674008810572687,,0.1827893175074184,,-1.3478260869565215,0.0844119924770439,-0.1265523358959195,1.618343838296023,0.2588596317560879,0.8399353274050121,0.4644280022766078,-0.4362537764350453,0.159886471075049,0.7966804979253111,-0.1814946619217081,-0.0529247910863509,0.6214442013129103,-0.2216814159292035,0.2035398230088495,-0.1115537848605577,0.5560629122272958,0.5030425963488844,0.6710816777041942,0.1818181818181818,-0.6909090909090909,-0.5786749482401656,0.4081632653061224,-1.4395604395604396,0.3489361702127659,5.737373737373737,-0.2811582039446076,0.0549313358302122,0.103299856527977,0.4016563146997929,-1.513626834381551,-0.6296296296296297,0.0402057035998129,-0.136231884057971,-0.4651162790697674,0.2947368421052631,0.62296918767507,,,1.4091627172195893,0.4012738853503185,-0.21875,,0.2428900845503458,-0.7073170731707317,0.2806736166800321,0.3135075041689827,-0.0161145926589077,0.9395348837209302,0.1294442526751812,0.1229364243062873,-1.0076923076923077,0.4864864864864865,-0.3076923076923077,0.5641025641025641,0.0,0.3076923076923077,,0.6786427145708582,0.1420971340312339,-0.3125,0.1806125670982002,0.4405286343612334,,2.0,1.162162162162162,,21.3724,-0.0045526005502423
2021-06-30,0.0523441055985434,0.3967611336032389,,-0.3222152297042165,0.0605741374769554,0.09055483392095,-0.0872093023255814,0.3748079877112135,0.3333333333333333,205000000.0,-0.4946439823566477,-1.1590909090909092,-0.8617363344051447,-1.3698416818063843,-0.1152160300563556,-0.4166666666666667,-0.4643788010425717,-0.6845493562231759,0.2415695892090741,-0.5075614366729678,-0.6263473053892216,0.0918657565415244,-0.2374331550802139,0.0018380241240666,-0.0509391913403374,-0.5421073247160204,-2.506419011199126,-0.5466034755134281,-0.2171990171990171,0.1671357436674604,-0.2603550295857988,-0.2165463631315935,,-0.7652877697841727,,0.0950243172465394,,0.3333333333333333,1.2446300715990453,-0.3693629205440229,-0.0292662819455894,,0.0996309963099631,,0.1250192811969767,,-0.02088772845953,-0.5067212156633548,0.3522026431718061,,0.6931750741839763,,-1.2332480818414322,0.0508905852417302,-0.1943623102700571,0.1720495544446859,0.2180756285883983,0.9547291835084882,0.6476949345475241,-0.5244712990936556,0.0344853172906968,-0.5311203319502075,-0.5373665480427047,-1.096564531104921,-0.7177242888402626,-0.4429203539823009,-0.3982300884955752,-1.5139442231075697,1.1445966514459665,0.5557809330628803,-0.2649006622516556,54.0,-0.5454545454545454,-0.4875776397515527,0.3945578231292517,0.0989010989010989,-0.0170212765957446,0.3535353535353535,0.2551405791019723,2.45692883895131,0.1951219512195122,0.0455486542443064,-0.7547169811320755,0.8148148148148148,-1.2875175315568022,-2.143478260869565,2.3853820598006643,-0.2807017543859649,-0.6543417366946779,,,-0.8530805687203792,13.45859872611465,-0.03125,,0.1936971560338201,-0.5609756097560976,0.5084202085004009,0.4780433574207893,0.0053715308863025,2.046511627906977,0.3589920607525025,-0.0864067439409905,-1.0461538461538462,-1.18018018018018,0.9102564102564102,0.9230769230769232,4000000.0,9.571428571428571,,-1.1676646706586826,0.0267719238029861,-0.21875,-0.0113672245026839,-3.870358716173694,4.0,-0.334020618556701,-0.5405405405405406,,24.2542,-0.095513354388106
2021-03-31,0.1065088757396449,0.2925101214574899,,-0.4984266834487099,0.0965674655429725,0.1321209871961403,0.0,0.5854728988369542,0.3333333333333333,,-0.5122873345935728,2.106060606060606,-0.7459807073954984,-1.4072151570205036,0.7276142767689417,,-0.1672458731537793,-0.6082498807820697,0.0458614347026364,-0.3563327032136106,-0.4347305389221557,0.0563139931740614,-0.2231729055258467,-0.0174612291786329,0.1741483603947787,-0.554641598119859,-1.1821906582900847,-0.6966824644549763,-0.2486486486486486,0.0437324096124702,-0.2564102564102564,-0.3453636868406441,,-0.6223021582733813,,0.1773288439955106,,0.3333333333333333,1.2446300715990453,-0.3894058697208303,-0.0292662819455894,,0.0931734317343173,,0.0893876291840197,,-0.2914787562307144,-0.0935125657510227,0.2466960352422907,,0.4178041543026706,,-1.2025575447570334,0.1035512777962164,0.2613837965700769,0.1574440339056727,0.2014452583646802,0.6540016168148747,0.6738759248719408,-0.5297079556898288,0.0188101730676528,0.4688796680497925,-1.825622775800712,0.3110492107706592,-0.0481400437636761,1.4803834808259586,0.7168141592920354,2.095617529880478,0.3541349568746829,1.1440162271805274,-0.4812362030905077,,-0.2545454545454545,-0.2225672877846791,0.3945578231292517,0.5604395604395604,-0.3404255319148936,11.545454545454543,-0.131766680654637,2.16729088639201,-0.1922525107604017,-0.2691511387163561,-0.1090146750524109,-0.6666666666666666,1.586722767648434,-2.12536231884058,1.239202657807309,0.1894736842105263,-0.5507002801120449,,,-0.4139020537124802,0.2547770700636942,0.0,,0.0953112990007686,-0.2682926829268293,0.0994386527666399,0.2078932740411339,0.0483437779767233,0.027906976744186,0.2468070417673455,-0.0864067439409905,-1.4076923076923078,-0.5765765765765766,-0.3461538461538461,3.076923076923077,,5.186813186813187,,-0.499001996007984,0.0044619873004976,-0.203125,-0.0119987369750552,-2.8508495909376967,4.0,0.0041237113402061,-1.491891891891892,,24.8084,-0.0455934280324406
2020-12-31,0.0382339553937187,0.3228744939271255,,-0.500943989930774,0.1576683346501624,-0.1436259046205233,-0.2093023255813953,0.564845292955892,0.3333333333333333,,-0.4190296156269691,2.023989898989899,-1.0192926045016075,-1.0256942642097069,-0.2705072010018785,,-0.0191138140747176,-0.5419647114926085,0.2405885959534028,-0.4272211720226843,-0.5245508982035928,0.0554607508532423,-0.0748663101604278,0.0578977599080987,-0.0878701050620821,-0.4763023893458676,1.0925976509150506,-0.4628751974723539,-0.2899262899262899,0.0749079887421519,-0.1972386587771203,0.0144364242087729,,-0.8066546762589928,,0.0576131687242798,,0.3333333333333333,,-0.2834645669291338,-0.0358615004122011,,-0.047970479704797,,0.1237852845904673,,-0.2231189176358889,-0.0163646990064289,0.248237885462555,,0.0356083086053412,,-0.8751918158567775,0.0371722535678725,-0.2503449635324266,0.2144751141056292,0.2663828944763413,0.5489086499595797,-0.6511098463289698,-0.4100704934541792,0.0282152596014792,-3.099585062240664,1.3914590747330962,0.2144846796657381,-9.934354485776804,-1.0682890855457228,0.9823008849557522,-1.4448871181938912,0.9162861491628614,0.3539553752535497,0.434878587196468,,-0.4969696969696969,-0.4565217391304347,0.3265306122448979,0.1428571428571428,1.0808510638297872,0.3636363636363636,-0.0327318506084767,6.936329588014981,0.0746054519368723,0.4513457556935817,-0.8469601677148847,0.4814814814814814,-0.9079008882655446,-0.3753623188405797,-0.654485049833887,0.1473684210526315,0.3512605042016806,,,1.387045813586098,-1.32484076433121,0.0,,0.4673328209069946,-0.5121951219512195,0.4827586206896552,0.462479155086159,0.0125335720680393,-0.0930232558139534,0.6644804970659303,-0.3090972953986652,-0.5846153846153846,0.8018018018018018,-0.3205128205128205,-2.3076923076923075,,0.0879120879120879,,1.0279441117764472,-0.0212802471254504,-0.203125,-0.2121881907167666,-0.1258653241032095,4.0,1.6783505154639176,1.027027027027027,,21.603,0.0451048465490903
2020-09-30,0.0,0.1072874493927125,,-0.4745122718691,0.2122728469844614,-0.3774355167934681,-1.2209302325581397,0.5139346061005047,0.3333333333333333,,-0.6194076874606175,0.4861111111111111,-1.0257234726688105,-1.4617181417077605,0.2504696305572949,,0.1611642050390964,-0.4594659036719122,0.4978540772532189,-0.0387523629489603,-0.0323353293413173,0.472127417519909,-0.1133689839572192,-0.0659391154508902,0.0620821394460362,1.4226400313356835,-1.429117727396886,-0.3854660347551343,-0.1877149877149877,0.5312838276683265,-0.145956607495069,-0.0444197667962243,,-0.8219424460431655,,-0.1152263374485596,,0.3333333333333333,,-0.5110952040085899,-0.0358615004122011,,-0.0968634686346863,,-0.0006941230911614,,0.7775931640161405,-0.5885447106954997,0.2253303964757709,,0.0237388724035608,,-0.9580562659846548,0.0,0.1163019909323871,0.1207563573136274,0.1596713522074836,0.8213419563459984,-0.5873648264086511,-0.0737160120845921,0.0188101730676528,0.6141078838174274,-0.1708185053380783,0.1104921077065923,3.396061269146608,-0.7231563421828908,-0.4336283185840708,0.7543160690571049,0.6382546930492136,0.9158215010141988,1.7571743929359824,,-0.5212121212121212,-0.1645962732919254,0.3401360544217687,0.934065934065934,0.2468085106382978,1.3333333333333333,2.176248426353336,-1.243445692883895,-0.2467718794835007,0.4679089026915113,,0.2962962962962963,0.5357643758765779,2.3855072463768114,2.903654485049834,1.2280701754385963,2.342857142857143,,,-2.0726698262243284,-1.4458598726114649,-0.15625,,0.2367409684857801,-0.5365853658536586,0.2614274258219727,0.3079488604780434,0.0089525514771709,-2.4186046511627906,0.4142216085605799,-0.2177730944854232,-0.6384615384615384,-1.972972972972973,1.6538461538461535,-2.2564102564102564,,9.31868131868132,,-2.045908183632734,-0.0264286940106401,-0.28125,-0.1269340069466372,-6.1107614852108245,4.0,-1.9835051546391755,-2.491891891891892,,16.5257,0.3661993137960873
2020-06-30,0.0340236686390532,0.0587044534412955,,-0.3071113908118313,0.1648670002633658,-0.2074596400074225,0.1744186046511628,-0.2304147465437788,0.3333333333333333,,-0.4095778197857593,0.7790404040404041,-1.0257234726688105,-1.616402803010641,0.1402629931120851,,0.0182450043440486,0.047448736289938,0.5260576333537706,0.1502835538752363,0.2071856287425149,0.479806598407281,-0.0230540701128936,0.060195290063182,0.0878701050620821,1.4774774774774777,-0.8675225348265502,-0.325434439178515,-0.1778869778869778,0.4563758389261745,-0.0276134122287968,0.0710716268739589,,-0.7221223021582733,,-0.1638608305274972,,0.3333333333333333,,-0.2727272727272727,-0.0358615004122011,,-0.25,,0.0329322844362178,,0.613339662948018,-0.597895967270602,0.2383259911894273,,0.0427299703264094,,-0.7636828644501279,0.0330788804071246,0.0768775872264932,0.2162138665507498,0.2683627004553554,0.4268391269199676,-0.1206602162777461,0.1216515609264854,0.0992759144576217,0.5684647302904564,-0.0462633451957295,-0.1327762302692665,0.5207877461706784,0.2045722713864306,0.4601769911504424,-0.247011952191235,0.7427701674277016,0.6379310344827587,-0.0529801324503311,,-0.3515151515151515,-0.0320910973084886,0.3265306122448979,-1.2637362637362637,0.4170212765957446,1.1515151515151516,2.4070499370541336,-1.1785268414481898,-0.3242467718794835,0.3022774327122153,-0.180293501048218,-0.037037037037037,-0.083216456287985,-0.4478260869565217,0.3488372093023256,-0.231578947368421,0.1215686274509803,,,-0.1105845181674565,0.0445859872611464,-0.1875,,-0.1199077632590315,-0.3658536585365853,-0.3544506816359262,-0.1111728738187882,0.0340196956132497,-2.0651162790697675,0.0155333103210217,-0.2859149982437654,-1.1923076923076923,0.3693693693693693,-0.3974358974358974,1.435897435897436,3000000.0,,,0.5489021956087824,-0.1390080659001201,-0.296875,-0.1875592042942848,-1.2020138451856517,3.0,-0.0329896907216494,-1.1405405405405404,,13.0995,0.7235314324974235
2020-03-31,-0.0142239417387346,-0.0495951417004048,,-0.3536815607300189,0.077253972434378,-0.1788829096307292,-0.1802325581395348,-0.2690366469168312,0.3333333333333333,,-0.3579080025204789,0.7563131313131313,-1.0257234726688105,-1.601868673760706,0.2993112085159674,,0.0112945264986967,0.0608011444921316,0.4255058246474555,0.3223062381852552,0.4251497005988024,0.3993174061433447,-0.025906120023767,-0.0009190120620333,0.0194205666985036,1.7218958088523306,-0.668669762360011,-0.4739336492890995,-0.1464373464373464,0.2550335570469799,-0.1972386587771203,-0.0821765685730149,,-0.7239208633093526,,-0.163112607557052,,0.3333333333333333,,-0.2140300644237652,-0.0358615004122011,,-0.2177121771217712,,0.0006941230911614,,0.1718490386897697,-0.5715955581531268,0.1319383259911894,,0.0379821958456973,,-0.7698209718670077,-0.0138289633809049,0.1028976936723832,0.1699630515105412,0.2156998614135814,0.4478577202910266,-0.3471826977803073,0.0386706948640483,0.0250802307568704,1.2614107883817427,-0.4626334519572954,-0.3351903435468895,5.203501094091903,1.5349557522123891,-0.2831858407079646,1.7211155378486056,0.0953830542871638,0.742393509127789,-0.2163355408388521,,-0.4242424242424242,-0.1645962732919254,0.3265306122448979,0.7582417582417582,-0.0085106382978723,0.5959595959595959,1.093579521611414,-0.5443196004993758,0.2209469153515064,0.7163561076604554,0.1509433962264151,-1.037037037037037,1.2108461898083216,-0.5202898550724637,-0.3754152823920266,-0.2947368421052631,-0.6179271708683474,,,0.5687203791469194,0.0382165605095541,-0.25,,-0.1460415065334358,-0.4390243902439024,-0.1988773055332798,-0.0066703724291272,0.0232766338406445,-0.0372093023255813,-0.0103555402140144,-0.1903758342114506,-1.0769230769230769,0.1531531531531531,-0.3205128205128205,0.9743589743589745,,0.0549450549450549,,0.3093812375249501,-0.097477261026257,-0.328125,-0.1004104831070413,0.302076777847703,3.0,0.9525773195876288,0.0864864864864864,,12.1719,-0.1000008215644229
2019-12-31,-0.0704369594902139,-0.0394736842105263,,-0.4052863436123348,-0.0993767009042226,-0.009278159213212,0.4476744186046512,-0.2672811059907834,0.3333333333333333,,-0.426591052299937,0.2904040404040404,-1.0257234726688105,-1.7389047495458083,-0.345648090169067,,-0.1346655082536924,-0.047448736289938,0.3269160024524831,-0.0132325141776937,0.0,0.1385096700796359,0.0230540701128936,0.0,-0.1461318051575931,1.845671758715237,-0.1638896476372575,-0.3601895734597156,-0.114004914004914,0.0116908421736306,-0.0946745562130177,0.1865630205441421,,-0.6744604316546763,,0.1833146277590722,,0.3333333333333333,,-0.2920544022906227,-0.0432811211871393,,-0.1946494464944649,-2.542105263157895,0.0047046120623168,,-0.3617374792309518,-0.706604324956166,-0.0156387665198237,,0.0735905044510385,,-0.6552429667519182,-0.0684810266622414,-0.2464025231618371,0.1706585524885894,0.2164917838051871,,,,0.0125401153784352,-0.2987551867219917,-0.3309608540925267,-0.8458681522748375,-0.8708971553610503,0.0851032448377581,0.0088495575221238,-0.6879150066401063,0.3683409436834094,0.0953346855983772,0.4856512141280353,,-0.3515151515151515,-0.4151138716356107,0.2585034013605442,0.934065934065934,0.723404255319149,-1.3434343434343434,2.0461603021401595,1.4332084893882646,0.7977044476327116,0.7660455486542443,0.3857442348008386,0.5185185185185185,-0.4684431977559607,0.3384057971014493,0.903654485049834,0.0982456140350877,-0.2901960784313726,,,-0.1105845181674565,-1.2420382165605095,0.4375,,-0.06456571867794,-0.3658536585365853,-0.2566158781074579,-0.0433574207893274,0.0340196956132497,-2.6511627906976742,0.0431480842250604,-0.146821215314366,-0.8538461538461538,-0.1981981981981982,-0.2435897435897435,-0.2051282051282051,,0.7472527472527473,,-0.0798403193612774,-0.0655568903380813,0.015625,-0.0751499842121881,-1.1013215859030836,3.0,-0.4948453608247423,-1.1135135135135137,,17.6848,-0.0541368859133266
2019-09-30,-0.0960400546199362,-0.0465587044534413,,-0.3373190685966016,-0.166447195154069,0.0441640378548895,0.3604651162790697,-0.2615755979811279,0.3333333333333333,,-0.3774417139256458,0.4141414141414141,-1.0257234726688105,-1.7549961069296651,-0.2003757044458359,,-0.180278019113814,-0.075107296137339,0.1974248927038626,0.0,0.0167664670658682,0.0213310580204778,0.1048128342245989,-0.1656519241815048,-0.070041388092964,2.256169212690952,-0.001092597650915,-0.4644549763033175,-0.0904176904176904,-0.1727646676769863,-0.0631163708086785,0.1043864519711271,,-0.6627697841726619,,0.1040029928918817,,0.3333333333333333,,-0.2362204724409448,-0.0432811211871393,,-0.1559040590405904,-2.652631578947368,-0.0668671911152244,,-0.7661998575836696,-0.6095850379894798,-0.0766519823788546,,0.0688427299703264,,-0.4792838874680307,-0.0933731607478703,-0.2069781194559432,0.0452945011953923,0.0737477727182736,0.4462409054163298,,,0.0219452019122616,0.0456431535269709,0.0177935943060498,-0.0807799442896936,0.4026258205689278,-0.3396755162241888,-0.0265486725663716,-0.2709163346613545,0.4819888381532217,0.3681541582150101,0.6401766004415012,,-0.5696969696969697,-0.1873706004140787,0.272108843537415,-0.3626373626373626,0.4765957446808511,-0.7373737373737373,0.9979018044481746,0.0948813982521847,0.1692969870875179,0.525879917184265,0.0461215932914046,-0.8148148148148148,-0.1729780271154745,0.081159420289855,-0.2259136212624584,0.5964912280701754,0.519327731092437,,,0.8973143759873617,-1.0636942675159236,-0.15625,,0.1521906225980015,-0.5853658536585366,0.1972734562951082,0.2612562534741523,0.0017905102954341,-1.1441860465116278,0.319295823265447,-0.1229364243062873,-0.946153846153846,0.5225225225225225,-0.1794871794871795,0.6666666666666666,,,,0.718562874251497,0.0010296893770379,-0.28125,-0.0416798231765077,-0.2076777847702957,3.0,1.2288659793814434,0.4432432432432432,,14.4059,0.1611492513484057
2019-06-30,-0.1170914883932635,-0.048582995951417,,-0.3939584644430459,-0.2133263102449302,0.0694006309148265,0.563953488372093,-0.2778143515470704,0.3333333333333333,,-0.5097668557025835,0.3409090909090909,-1.0257234726688105,-1.6366467687516222,-0.1703193487789605,,-0.5925282363162467,-0.1294706723891273,0.1900674432863274,-0.7514177693761814,-0.9353293413173652,0.0196245733788395,0.1475935828877005,-0.2318207926479035,-0.0550780006367398,2.09165687426557,0.086315214422289,-0.344391785150079,-0.056019656019656,0.1688677202857761,-0.059171597633136,0.1010549694614103,,-0.6501798561151079,,0.244668911335578,,0.3333333333333333,,-0.3865425912670007,-0.0432811211871393,,0.0230627306273062,-2.721052631578947,-0.102653092703995,,-0.0170899596487063,-0.6984219754529515,0.0735682819383259,,0.0925816023738872,,-0.3872122762148338,-0.1138400265516096,-0.1281293120441553,-0.0047815692240817,0.0167293605226687,0.5747776879547292,,,0.5956554804756728,-0.2365145228215767,-0.3843416370106761,0.1940575673166202,0.1356673960612691,-0.4178466076696165,-0.0353982300884955,-1.094289508632138,0.9101978691019786,0.4817444219066937,-0.3245033112582781,,-0.4727272727272727,0.2763975155279503,0.272108843537415,1.1978021978021978,0.3404255319148936,-0.5353535353535354,1.4511120436424674,0.0848938826466916,0.1922525107604017,0.3933747412008281,-0.5828092243186582,0.2222222222222222,-0.7601683029453016,-0.672463768115942,0.1893687707641196,-0.0421052631578947,-0.7271708683473389,,,-0.0695102685624012,-0.821656050955414,0.09375,,-0.1537279016141429,-0.4878048780487805,-0.1331194867682437,0.0366870483602001,0.0161145926589077,-0.1581395348837209,-0.0379703141180531,-0.0772743238496663,-0.7692307692307693,-0.1351351351351351,-0.1666666666666666,-0.4615384615384615,1000000.0,1.2637362637362637,,-0.0099800399201596,-0.0477089411360906,-0.15625,-0.0056836122513419,-0.6922592825676526,1.0,0.2721649484536082,-0.6,,14.4662,-0.0302724591381351
2019-03-31,-0.0905780609922621,-0.041497975708502,,-0.5298930144745123,-0.2041962953208673,0.079049916496567,0.9651162790697676,-0.2778143515470704,0.3333333333333333,,-0.5192186515437933,0.3055555555555556,-1.0257234726688105,-2.2803010641058914,0.1515341264871634,,-0.4556907037358818,-0.0593705293276108,0.1160024524831391,-0.5831758034026465,-0.7221556886227545,0.0068259385665529,0.1480689245395128,-0.3092475588742102,0.052531041069723,2.2154328241284764,0.1005189838841846,-0.3949447077409163,-0.0304668304668304,0.0723100238146785,0.2682445759368836,0.0899500277623542,,-0.5107913669064749,,0.2745978301533857,,0.3333333333333333,,-0.3972798854688618,-0.0432811211871393,,0.1872693726937269,-2.794736842105263,-0.11884929816443,,-0.2288155708521243,-0.7586206896551724,0.0156387665198237,,0.0783382789317507,,-0.3861892583120204,-0.0880628388096028,0.0492805046323674,-0.0633775266246468,-0.0499901009701049,0.7097817299919159,,,0.0219452019122616,-0.4564315352697095,-0.0249110320284697,-0.2014856081708449,0.9671772428884028,0.6087020648967552,0.6991150442477876,1.0146082337317397,0.532724505327245,0.90973630831643,0.4834437086092715,,-0.9575757575757576,-0.1832298136645962,0.2585034013605442,-0.1428571428571428,0.4085106382978723,-0.0303030303030303,0.7956357532522031,0.114856429463171,0.0143472022955523,0.4596273291925465,0.1132075471698113,0.0,0.8162692847124825,0.1028985507246376,-0.335548172757475,0.343859649122807,0.4717086834733893,,,0.6761453396524486,0.0,0.0,,-0.0245964642582628,-0.975609756097561,0.0,0.1067259588660366,-0.0555058191584601,-0.1581395348837209,0.112185018985157,-0.0210748155953635,-0.8307692307692308,0.3873873873873873,1.2179487179487178,-0.2051282051282051,,,,0.5688622754491018,0.0096104341856873,-0.203125,0.0467319229554783,2.4417872876022657,1.0,0.9608247422680412,0.1405405405405405,,15.7137,-0.1173840557744771
2018-12-31,-0.1986800182066454,-0.0728744939271255,,-0.3989930774071743,-0.3630936704415767,0.0694006309148265,0.8372093023255814,-0.4577572964669739,0.3333333333333333,,-0.6238185255198487,0.4482323232323232,-1.0257234726688105,-1.5312743316895925,-0.1740763932373199,,-0.4374456993918332,-0.0817835002384358,0.0779889638258737,-0.2107750472589792,-0.2502994011976048,-0.1112059158134243,0.1975044563279857,-0.270649052268811,-0.2148997134670487,0.444966705836271,1.7273968860966948,-0.4976303317535545,0.0,-0.2779822472396622,0.2603550295857988,0.2065519156024431,,-0.5278776978417267,,0.3015338570894126,,0.3333333333333333,,-0.5161059413027917,-0.0523495465787304,,0.0,-2.8526315789473684,-0.1358167515039333,,-0.9969143128412058,-0.8199883109292812,-0.1929515418502202,,0.0522255192878338,,-0.268542199488491,-0.1931629605044806,-0.2069781194559432,-0.0341664855466203,-0.0167293605226687,,,,0.042900396200713,0.4232365145228215,0.4448398576512455,0.4447539461467038,-0.9803063457330417,-0.6921828908554573,-0.1061946902654867,-0.2895086321381142,0.6534753932014206,0.5324543610547667,0.4216335540838852,,-1.2727272727272727,0.150103519668737,0.2040816326530612,-0.2527472527472527,-0.3574468085106383,-1.02020202020202,0.3575325220310533,0.4544319600499376,0.0860832137733142,-0.2857142857142857,-0.1719077568134172,0.0,-0.2346891070593735,-0.0094202898550724,-0.1627906976744186,0.2456140350877192,0.323249299719888,0.0,0.0,0.65086887835703,3.828025477707006,0.375,,0.0676402767102229,-1.2926829268292683,-0.115477145148356,0.0122290161200667,-0.1020590868397493,-0.3069767441860465,0.1829478771142561,-0.0744643484369511,-0.8923076923076924,,,,-12000000.0,0.4505494505494505,0.0,1.407185628742515,0.0,-0.015625,-0.0088411746131986,-0.1887979861548143,26.0,0.6391752577319587,0.0,,12.4416,0.1233603395061729
2018-09-30,-0.2023213472917615,-0.1093117408906882,,-0.526117054751416,-0.3871477482222807,0.1053998886620894,0.4534883720930232,-0.4538073293833662,0.3333333333333333,,-0.704473850031506,0.1489898989898989,-1.0257234726688105,-1.4643135219309629,-0.147777082028804,,-0.5903562119895743,-0.0722460658082975,0.097608828939301,-0.5425330812854442,-0.6706586826347305,-0.0824800910125142,0.2802139037433155,-0.3368179207352096,-0.2148997134670487,2.473952213082648,0.239278885550396,-0.358609794628752,-0.0835380835380835,-0.0822688893699935,0.2011834319526627,0.1732370905052748,,-0.52068345323741,,0.3396932285821175,,0.3333333333333333,,-0.60773085182534,-0.0523495465787304,,0.1273062730627306,-2.9,-0.1407527379299707,,-0.5677664372181344,-0.9199298655756868,-0.1455947136563876,,0.0522255192878338,,-0.0905370843989769,-0.1967031751299922,-0.1210329193770944,-0.0842425559660943,-0.0737477727182736,0.9037995149555376,,,0.015675144223044,1.4688796680497926,0.3523131672597864,0.4540389972144846,-1.1553610503282277,-0.6243362831858407,1.345132743362832,-0.0265604249667994,0.6737696600710299,0.6531440162271805,0.6534216335540839,,-0.6666666666666666,-0.2184265010351966,0.2040816326530612,0.6923076923076923,-0.7829787234042553,-0.2222222222222222,0.214855224506924,0.4344569288389513,0.2840746054519368,-0.6997929606625258,0.2767295597484276,-0.9629629629629628,0.0084151472650771,0.258695652173913,0.0365448504983388,0.175438596491228,0.4240896358543417,0.0,0.0,0.6066350710900474,-1.0764331210191085,-0.09375,,0.1060722521137586,-0.6829268292682927,0.1427425821972734,0.2190105614230127,-0.0125335720680393,-0.1302325581395348,0.2640662754573697,0.0484720758693361,-0.9076923076923076,,,,0.0,0.8021978021978022,0.0,0.8782435129740519,0.0737944053543847,-0.25,0.1111461951373539,-0.5412208936438011,-4.0,0.7917525773195876,-0.1459459459459459,,11.6843,0.0244152487615765
2018-06-30,-0.1900318616294947,-0.1690283400809716,,-0.5563247325361863,-0.3590553946097796,0.1068843941362033,0.1686046511627907,-0.4538073293833662,0.3333333333333333,,-0.7681159420289855,0.0795454545454545,-1.0257234726688105,-1.3428497274850766,-0.2066374452097683,,-0.6133796698523023,-0.1614210777300906,0.1569589209074187,-0.611531190926276,-0.7580838323353294,-0.0270193401592719,0.314913844325609,-0.4261918437679494,-0.128303088188475,2.5789267528397963,0.2906309751434034,0.3601895734597156,-0.169041769041769,0.0337735440571552,0.2840236686390532,0.4031093836757357,0.997179622774546,-0.5710431654676259,0.0,0.3636363636363636,0.0,0.3333333333333333,0.0,-0.6800286327845383,-0.0531739488870568,,0.3477859778597786,-2.9263157894736844,-0.166049668363412,,-0.3133159268929504,-0.9140853302162478,-0.0986784140969163,,0.0142433234421364,,-0.0148337595907928,-0.1847549507688903,0.2006702148630001,-0.1518800260812866,-0.1507622253019204,1.0072756669361358,,,0.0125401153784352,-1.3278008298755186,-0.4163701067615658,0.4800371402042711,-0.1006564551422319,-0.1302359882005899,-0.1327433628318584,-0.0424966799468791,0.700152207001522,0.6734279918864098,-0.1589403973509933,,-0.6666666666666666,1.0010351966873705,0.2040816326530612,-0.1208791208791208,0.7148936170212766,-0.5757575757575758,0.282836760386068,-1.647940074906367,0.0,0.7577639751552795,-0.1383647798742138,-0.7777777777777778,-0.1561477325853202,-0.3789855072463768,-0.3720930232558139,-1.6421052631578947,-0.3294117647058823,0.0,0.0,0.6382306477093207,-1.3184713375796178,-0.34375,,-0.0030745580322828,-0.6829268292682927,0.0433039294306335,0.150083379655364,-0.0125335720680393,0.6604651162790698,0.1553331032102174,-0.1180189673340358,-0.8461538461538461,,,,0.0,1.0,0.0,0.7385229540918163,-0.0291745323494079,-0.375,-0.0334701610356804,-0.0125865324103209,-4.0,0.9237113402061856,0.8756756756756757,,11.183,0.0657220190722018
2018-03-31,-0.1927628584433318,-0.1477732793522267,,-0.5298930144745123,-0.3400930559213414,0.0638337353868992,0.4127906976744186,-0.4336186087338161,0.3333333333333333,,-0.9514807813484564,-0.0202020202020202,-1.0257234726688105,-1.4051388528419413,-0.1164683782091421,,-0.2302345786272806,-0.0493562231759656,0.1625996321275291,0.1351606805293005,0.1880239520958083,0.0,0.3125371360665478,-0.4333141872487076,-0.0802292263610315,2.533490011750881,0.1278339251570609,-0.0173775671406003,-0.0953316953316953,-0.2671573933751894,0.2287968441814595,0.1932259855635758,0.9739115106645514,-0.585431654676259,0.0,0.4983164983164983,0.0,0.3333333333333333,0.0,-0.8883321403006442,-0.0531739488870568,,0.2269372693726937,-2.8684210526315788,-0.1930433441308036,,-0.973178257773558,-0.977790765634132,-0.2691629955947137,,-0.0142433234421364,,-0.0199488491048593,-0.1874101117380241,0.0689927064853144,-0.1572701586611606,-0.1568996238368639,0.7946645109135004,,,0.0094050865338264,-0.7883817427385892,-0.4056939501779359,1.8022284122562675,0.3457330415754923,-0.9134218289085546,0.0,1.0358565737051793,0.3145611364789447,0.6997971602434077,0.097130242825607,,-0.7636363636363637,2.1977225672877845,0.2040816326530612,-0.0989010989010989,0.0,0.3131313131313131,1.9101972303818715,-2.6117353308364546,-0.0114777618364418,0.062111801242236,-0.0041928721174004,0.3333333333333333,0.7321178120617111,-0.5528985507246377,-2.451827242524917,0.1543859649122807,0.0067226890756302,0.0,0.0,2.7109004739336493,-1.127388535031847,0.3125,,0.0830130668716372,-0.7804878048780488,0.0946271050521251,0.1812117843246248,-0.0268576544315129,5.711627906976744,0.215740421125302,0.0,-0.7076923076923077,,,,0.0,-0.0109890109890109,0.0,1.7265469061876249,0.0405011154968251,-0.046875,0.0593621724029049,4.008810572687224,-1.0,3.2082474226804125,3.0054054054054054,,9.3851,0.2993957010632602
2017-12-31,-0.131429221665908,-0.1437246963562753,,-0.6217747010698552,-0.1260644368360986,-0.206346260901837,-0.7558139534883721,-0.0078999341672152,0.3333333333333333,,-1.424700693131695,-2.363636363636364,-1.0257234726688105,-0.0171295094731378,-0.445835942391985,,0.2701998262380539,-0.0546018121125417,0.2955242182709994,0.2665406427221172,0.3544910179640718,0.0793515358361774,0.3557932263814616,-0.5233773693279724,0.2254059216809933,0.09087348217783,-0.6872439224255668,-0.3222748815165877,-0.1297297297297297,-0.2065382117341415,0.2011834319526627,0.2531926707384786,0.8540454785827605,-0.5422661870503597,0.0,0.4474373363262252,8501000000.0,0.3333333333333333,0.0,-1.4259126700071585,-0.0638911788953009,,0.2416974169741697,-2.6789473684210527,-0.2579824155483572,,-0.8402563493947306,-0.8947983635300993,-0.2544052863436123,,-0.0474777448071216,,0.0864450127877237,-0.1277796216395618,-0.2905578553124384,-0.2254292545098891,-0.234508018214215,,,,0.0,-0.3236514522821577,-0.1743772241992882,0.1624883936861652,-1.0196936542669583,-0.9207964601769912,-0.3982300884955752,-1.1660026560424968,-0.0811770674784373,-0.5365111561866126,0.7262693156732892,,-0.0121212121212121,0.3343685300207039,0.1088435374149659,1.0879120879120878,1.2,-3.767676767676768,0.6017624842635334,7.635455680399501,0.2611190817790531,1.2298136645962734,0.0167714884696016,-0.074074074074074,-0.7040673211781207,0.4072463768115942,2.6777408637873754,0.2456140350877192,0.5389355742296918,0.0,0.0,-0.3633491311216429,4.140127388535032,0.4375,,-0.1721752498078401,-0.024390243902439,-0.3416198877305533,-0.0867148415786548,0.0841539838854073,-0.7255813953488373,-0.0517777010700724,-1.1457674745345978,-1.823076923076923,,,,0.0,3.032967032967033,0.0,6.606786427145709,-0.9219152222412904,-0.21875,-1.606567729712662,-1.277533039647577,-18.0,-2.709278350515464,-7.945945945945946,,8.8916,-0.0066801252098171
2017-09-30,0.5196859353664087,-0.034412955465587,,-0.0553807426054122,0.6443683609867439,0.0612358508071998,-2.2906976744186047,-0.4546850998463901,0.3333333333333333,,-0.579080025204789,-0.0416666666666666,-0.7106109324758842,0.709576953023618,0.1164683782091421,,0.577758470894874,0.3807820696232713,0.6925812385039852,0.3544423440453686,0.4658682634730539,0.6675199089874858,0.4361259655377302,0.4094198736358415,0.3088188475007959,0.0391696043869956,0.0174815624146408,-0.1026856240126382,0.7488943488943489,0.6486252435592119,0.5877712031558185,1.0527484730705163,1.0891944297549798,0.0089928057553956,0.0,-0.143658810325477,0.0,0.3333333333333333,0.0,-0.4652827487473157,-0.0638911788953009,,0.7924354243542435,0.6368421052631579,0.5842202683942619,,1.0348920009494422,0.1800116890707188,0.5561674008810573,,0.2611275964391691,,0.2593350383631713,0.5052550060847439,0.1730731322688744,0.480504238209085,0.569293209265492,-0.847210994341148,,,0.0094050865338264,1.099585062240664,1.398576512455516,-1.15041782729805,2.638949671772429,0.921386430678466,-0.2212389380530973,0.5179282868525896,-0.2688990360223237,-0.0811359026369168,0.5827814569536424,,0.4242424242424242,-2.100414078674948,0.1224489795918367,-0.2527472527472527,-1.0212765957446808,-0.2727272727272727,1.691984892992027,-0.5143570536828964,-0.1004304160688665,-0.9316770186335404,-0.4779874213836478,0.2592592592592592,0.367461430575035,0.4144927536231884,-0.1594684385382059,-0.5824561403508772,0.7098039215686275,0.0,0.0,0.6540284360189573,-1.197452229299363,0.1875,,0.1675634127594158,0.4146341463414634,0.2181234963913392,0.3212896053362979,0.1486123545210385,0.2232558139534883,0.2916810493614084,0.5957147874956095,-0.1538461538461538,,,,0.0,0.0109890109890109,0.0,0.5189620758483033,0.3466620902694354,0.125,0.5879381117777076,-0.0692259282567652,-644.0,1.0762886597938144,0.1297297297297297,,9.0946,-0.039565307979954
2017-06-30,0.2505689576695494,-0.1123481781376518,,-0.079295154185022,0.2475638662101659,0.0,-2.2674418604651163,-0.4450296247531271,0.3333333333333333,,-0.6748582230623819,-0.2714646464646464,-0.7106109324758842,0.2636906306773942,-0.1152160300563556,,0.4365768896611642,0.2591797806390081,0.4274678111587983,0.6521739130434783,22.633532934131736,0.3074516496018202,0.4655971479500891,0.141987363584147,0.1999363260108246,-0.7144535840188014,-0.2709642174269325,0.1769352290679305,0.568058968058968,-0.0359385148300498,0.4812623274161736,0.600777345918934,1.0706857042129383,0.0629496402877697,0.0,-0.1997755331088664,0.0,0.3333333333333333,0.0,-0.5740873299928418,-0.0638911788953009,,0.5175276752767528,0.6210526315789474,0.2721733765232145,,-0.4661761215286019,0.0736411455289304,0.1299559471365639,,-0.1566765578635015,,0.3227621483375959,0.2436110189180219,0.1667652276759314,0.2781134535970441,0.3388437933082558,-0.5578011317704122,,,0.0062700576892176,-0.3609958506224066,-0.5480427046263345,-0.3964716805942432,-0.849015317286652,0.2266961651917404,-0.079646017699115,-0.9694555112881806,0.1116184677828513,-0.268762677484787,-0.4856512141280353,,0.109090909090909,-0.1480331262939958,0.1088435374149659,-0.3406593406593406,-1.1148936170212769,-1.0,1.3604699958036088,0.2397003745318352,0.430416068866571,-1.0227743271221532,-0.2641509433962264,,-0.6797568957456755,-1.4369565217391305,0.1528239202657807,0.0070175438596491,-1.1641456582633054,0.0,0.0,0.315955766192733,-1.1210191082802548,0.09375,,0.1045349730976172,0.0975609756097561,0.1603849238171611,0.2668148971650917,0.1020590868397493,-0.2325581395348837,0.2519848118743528,0.4980681419037583,-0.3076923076923077,,,,0.0,0.978021978021978,0.0,0.3393213572854291,0.2910588639093873,-0.15625,0.5115251026207768,-0.6733794839521712,-6.0,0.6185567010309279,-0.4054054054054054,,8.9808,-0.0247750757170853
2017-03-31,0.2550068274920345,-0.1568825910931174,,-0.105726872246696,0.2447546308489158,-0.0111337910558545,-2.197674418604651,-0.4432740838270792,0.3333333333333333,,-0.70825456836799,-0.0757575757575757,-0.7106109324758842,0.2636906306773942,0.3544145272385723,,-0.0708079930495221,0.3974725798760133,0.229307173513182,-0.7041587901701323,-0.8754491017964072,0.1843003412969283,0.4651218062982769,0.1318782309017805,0.2263610315186246,-0.7285546415981199,-0.2742420103796776,0.0094786729857819,0.5297297297297298,0.3979216280580212,0.5285996055226825,0.5707940033314826,1.0803807509254362,0.1393884892086331,0.0,-0.1818181818181818,0.0,0.3333333333333333,0.0,-0.6120257695060844,-0.0638911788953009,,0.5470479704797048,0.7315789473684211,0.2653863951874132,,0.4851649655827201,0.1642314436002337,0.3837004405286343,,-0.1970326409495549,,0.3217391304347826,0.2479256554928642,0.3788685196136408,0.2704629428385133,0.3301326470005939,-0.5060630557801131,,,-0.0031350288446088,1.0,-0.1423487544483986,0.3983286908077994,0.5164113785557987,-0.1007374631268436,0.8761061946902655,0.7782204515272244,-0.1755454084221207,0.1115618661257606,0.5121412803532008,,0.1333333333333333,-0.3033126293995859,0.1088435374149659,-0.0989010989010989,0.7574468085106383,0.3333333333333333,0.3969785984053713,0.264669163545568,-0.0717360114777618,0.7991718426501035,0.3773584905660377,0.3703703703703703,0.5507246376811594,0.3673913043478261,0.1760797342192691,-0.0491228070175438,0.592156862745098,0.0,0.0,0.0631911532385466,-1.2993630573248407,0.25,,-0.0138355111452728,0.1219512195121951,0.036888532477947,0.1823235130628126,0.1056401074306177,0.2604651162790697,0.1104590956161546,0.571127502634352,-0.1923076923076923,,,,0.0,1.835164835164835,0.0,0.1097804391217564,0.2986099193409988,-0.078125,0.5740448373855384,-0.5915670232850849,1.0,0.4041237113402062,-0.8216216216216217,,8.9427,-0.0346092343475683
2016-12-31,0.2107419208010923,-0.1508097165991903,,0.0339836375078665,0.251777719252041,-0.0842456856559658,-1.930232558139535,0.553873162168093,0.3333333333333333,,-0.7126654064272212,-0.0833333333333333,-0.7106109324758842,0.2128211783026213,0.0,,-0.0582102519548218,,0.3303494788473329,-0.5472589792060492,-0.977245508982036,0.2209897610921501,0.3933452168746286,0.0627225732337737,0.2295447309773957,-0.8115942028985508,-0.4872985523081125,0.2685624012638231,0.5611793611793612,0.3819008443386014,0.4694280078895463,0.569683509161577,1.0047593865679534,-0.0692446043165467,0.0,-0.2109988776655443,8592000000.0,0.3333333333333333,0.0,-0.6170365068002863,-0.0737840065952184,,0.4972324723247232,0.7473684210526316,0.2038408144377603,,0.4500356040826014,0.1607247223845704,0.3861233480176211,,-0.1780415430267062,,,0.204889921451488,0.2850384387936132,0.2181264942403825,0.2705404870322708,,,,-0.0030479440133632,-0.6099585062240664,0.5765124555160143,0.585886722376973,-0.9409190371991248,-0.7054572271386431,9.938053097345133,-0.0265604249667994,-0.1552511415525114,-0.1754563894523326,0.5099337748344371,,0.3272727272727272,0.9182194616977226,0.0136054421768707,0.3846153846153846,-0.502127659574468,-2.717171717171717,1.818715904322283,4.239700374531835,0.2180774748923959,-0.4265010351966873,0.0,0.2222222222222222,-0.0158952781673679,0.3166666666666666,3.7940199335548175,0.0842105263157894,0.3064425770308123,0.0,0.0,-1.415481832543444,2.3821656050955413,0.40625,,0.0922367409684857,0.3170731707317073,0.0689655172413793,0.2134519177320733,0.1342882721575649,0.3255813953488372,0.1311701760441836,0.5626975763962065,-0.2153846153846154,,,,0.0,6.835164835164835,0.0,-4.1017964071856285,0.3164578685429895,0.0,0.5633091253552258,-3.971050975456262,-19.0,-0.465979381443299,-5.821621621621621,,9.2126,-0.0802731524390892
2016-09-30,0.3232817478379609,-0.284412955465587,,0.1787287602265576,0.4134843297340005,-0.0515865652254592,-0.5465116279069767,-0.1092824226464779,0.3333333333333333,,-0.0623818525519848,-0.5012626262626263,-0.7106109324758842,0.0415260835712431,0.0250469630557294,,0.1333622936576889,0.3907963757749165,0.4156958920907418,-0.7476370510396976,-0.9305389221556888,0.3256541524459613,0.4185383244206773,0.1628948879954049,0.5106653931868832,-0.8037602820211516,-0.2545752526632068,-0.0505529225908372,0.4776412776412776,0.6330374539943711,0.4970414201183432,0.314269850083287,1.0167459897761326,-0.0872302158273381,0.0,-0.9569771791994014,0.0,0.3333333333333333,0.0,0.1216893342877594,-0.0737840065952184,,0.566420664206642,-0.7157894736842105,0.2201912694740089,,1.0007120816520294,-0.0327293980128579,0.4918502202643172,,-0.1946587537091988,,0.2337595907928388,0.3143046797212081,0.1415336093041592,0.2939361008476418,0.3568600277172837,-0.5925626515763945,,,0.0062700576892176,0.1825726141078838,0.1209964412811387,0.021355617455896,0.8927789934354485,-0.3013274336283186,1.4424778761061947,0.1859229747675962,-0.2161339421613394,-0.1551724137931034,0.7682119205298014,,0.1333333333333333,-0.2308488612836439,0.0272108843537414,0.7802197802197802,0.0680851063829787,-0.2323232323232323,0.5446915652538816,-0.2496878901373283,0.0459110473457675,0.1283643892339544,0.6079664570230608,0.1111111111111111,0.1337073398784478,0.686231884057971,-0.0265780730897009,-0.1614035087719298,0.8022408963585435,0.0,0.0,0.4865718799368088,-0.8662420382165605,-0.1875,,0.1322059953881629,0.1219512195121951,0.2405773857257417,0.3235130628126737,0.1056401074306177,0.1209302325581395,0.298584742837418,0.5296803652968036,-0.1461538461538461,,,,0.0,0.8571428571428571,0.0,0.1696606786427145,0.3157714089582976,-0.296875,0.5456267761288286,-0.4782882315921963,-1.0,0.9484536082474226,0.254054054054054,,10.0756,-0.103497558458057
2016-06-30,0.3080336822940373,-0.2925101214574899,,0.3989930774071743,0.4066368185409534,-0.0946372239747634,-0.5813953488372093,-0.0921658986175115,0.3333333333333333,,-0.1695022054190296,-0.4305555555555556,-0.7106109324758842,0.0555411367765377,-0.0500939261114589,,0.3518679409209383,0.3607534573199809,0.4179031269160024,-0.2570888468809074,-0.3089820359281437,0.3111490329920364,0.4513368983957219,0.1059161401493394,0.5383635784781916,-0.8209949079514297,-0.3966129472821633,-0.1327014218009478,0.4835380835380835,0.3862307858843906,0.5680473372781065,0.3231538034425319,1.0,-0.0683453237410072,0.0,-0.9682005237560792,0.0,0.3333333333333333,0.0,0.0,-0.0737840065952184,,0.6273062730627307,-0.8210526315789474,0.1861021132191886,,0.4595300261096606,0.0,0.3724669603524229,,-0.2468842729970326,,0.3043478260869565,0.299480030976878,0.0532229450029568,0.2508150402086503,0.3077608394377351,-0.4478577202910266,,,-0.0031350288446088,0.4605809128630705,-1.099644128113879,-0.415041782729805,-0.8665207877461707,0.2178466076696165,0.6991150442477876,0.2390438247011952,-0.2973110096397767,-0.216024340770791,0.5562913907284768,,0.2545454545454545,-0.6490683229813664,0.0136054421768707,1.043956043956044,3.1319148936170214,-0.5555555555555556,1.5342005874947544,2.596754057428215,0.3328550932568149,3.109730848861284,0.2557651991614256,0.1851851851851851,0.1804581580177653,0.4869565217391304,3.1528239202657806,0.2245614035087719,0.2532212885154061,0.0,0.0,-0.5118483412322274,-1.10828025477707,0.03125,,-0.04304381245196,0.2439024390243902,0.0785886126704089,0.216787103946637,0.1235452103849597,0.1209302325581395,0.0897480151881256,0.394801545486477,0.1307692307692307,,,,0.0,2.571428571428572,0.0,-0.6487025948103793,0.2083404839540072,-0.1875,0.419955794126934,-1.6551290119572055,1.0,-0.0329896907216494,-3.2972972972972974,,9.6985,-0.0411506934061967
2016-03-31,0.2996131087847064,-0.3026315789473684,,0.4241661422278162,0.3039241506452462,0.0668027463351271,-0.1046511627906976,0.6855387316216809,0.3333333333333333,,0.1342155009451796,-0.5681818181818182,-0.7106109324758842,0.0446405398390864,-0.1502817783343769,,0.5065160729800173,,0.3828326180257511,0.3194706994328922,0.4215568862275449,0.2477246871444823,0.447534165181224,0.1934520390580126,0.4001910219675262,-0.827262044653349,0.001092597650915,0.0,0.9690417690417692,0.0255466551201558,0.6745562130177515,0.6618545252637423,0.0,0.0,0.0,-0.9973812196034418,0.0,0.3333333333333333,0.0,0.345025053686471,-0.0737840065952184,,0.5138376383763837,-0.2105263157894736,0.2416319605121085,,-0.3313553287443627,-0.0637054354178842,0.1651982378854625,,-0.4391691394658754,,0.2961636828644501,0.2912932846553822,0.0563768972994283,0.3170615083677461,0.3831914472381706,-0.4987873888439774,,,0.0094050865338264,-0.2282157676348547,-0.5622775800711743,0.0120705663881151,0.5076586433260394,-0.2497050147492625,2.5132743362831858,-0.1779548472775564,-0.2191780821917808,-0.2971602434077079,0.3730684326710817,,0.109090909090909,0.2225672877846791,0.0272108843537414,-0.2747252747252747,0.6468085106382979,-0.4242424242424242,0.0595887536718422,-0.1098626716604244,0.4045911047345767,0.6915113871635611,1.1153039832285114,0.4074074074074074,-0.1224871435250117,0.5014492753623189,-0.0431893687707641,-0.3719298245614035,,0.0,0.0,0.0631911532385466,-0.1719745222929936,0.0625,,-0.1506533435818601,0.0975609756097561,-0.0481154771451483,0.122290161200667,0.1020590868397493,1.3953488372093024,-0.0327925440110459,0.6146821215314366,-0.0692307692307692,,,,0.0,1.7362637362637363,0.0,0.3393213572854291,0.2914020937017333,-0.171875,0.6169876855067887,-0.1762114537444934,-388.0,1.0391752577319588,-0.0108108108108108,,9.0814,0.0240051093443742
2015-12-31,0.2939235320892125,-0.2975708502024291,,0.4392699811202014,0.2974277938723553,0.0475041751716459,-0.2674418604651162,-0.4555628703094141,0.3333333333333333,,0.0995589161940768,-0.8131313131313131,-0.7106109324758842,0.372177524007267,-0.0538509705698184,,0.6707211120764552,0.5305197901764426,0.4252605763335377,0.611531190926276,0.3640718562874251,0.3188282138794084,0.4850861556743909,0.0556002297530155,0.3744030563514804,-0.8288288288288288,1.2903578257306747,-0.2274881516587677,0.8628992628992629,0.0,0.6469428007889546,0.6418656302054414,0.0,0.0350719424460431,0.0,-1.0542461653572766,0.0,0.3333333333333333,0.0,0.3056549749463135,-0.0185490519373454,,1.1439114391143912,-0.5052631578947369,0.2464136973623322,,-0.3873724187040114,-0.1770894213909994,0.0737885462555066,,-0.7572700296735905,,0.3084398976982097,0.2857616993030202,0.0035481963335304,0.2127363616605085,0.2644030884973272,,,,-0.0192924847152805,0.0912863070539419,0.0,-0.3203342618384401,-0.1794310722100656,-0.06976401179941,-0.7610619469026548,-0.4382470119521912,-0.0416032470826991,-0.2190669371196754,0.3487858719646799,,-0.5212121212121212,-0.3467908902691511,-0.0544217687074829,-0.0769230769230769,-0.2127659574468085,-0.3737373737373737,-0.2316407889215274,0.5742821473158551,0.3500717360114778,-0.144927536231884,0.5953878406708596,-0.2962962962962963,-0.305750350631136,0.1789855072463768,0.7940199335548173,-0.6666666666666666,-0.026890756302521,0.0,0.0,0.306477093206951,0.5923566878980892,0.0,,0.1783243658724058,-0.5365853658536586,0.3704891740176423,0.3835464146748193,0.0089525514771709,1.6372093023255814,0.340006903693476,0.4130663856691254,0.0153846153846153,,,,0.0,3.571428571428572,0.0,1.4570858283433137,0.267032778445169,-0.203125,0.4370066308809599,-1.1139081183134047,-12.0,0.1690721649484536,-1.1513513513513514,,7.2767,-0.1076174639603117
2015-09-30,0.3109922621756941,-0.2601214574898785,,0.4908747640025173,0.2728469844614169,0.2026349972165522,0.2848837209302325,-0.4481018213737108,0.3333333333333333,,0.2425960932577189,-0.7361111111111112,0.3054662379421222,0.4495198546587075,0.1653099561678146,,0.4900086880973067,0.4294229852169766,0.3556100551808706,0.3950850661625709,,0.2878270762229806,0.5164587046939988,-0.0255025847214244,0.4871060171919771,-0.8429298864081473,-0.1365747063643813,-0.2764612954186414,0.8668304668304668,0.0519592985494695,0.6272189349112426,0.6507495835646863,0.0,-0.0800359712230215,0.0,-0.9607182940516272,0.0,0.3333333333333333,0.0,0.4681460272011453,0.0424567188788128,,1.0009225092250922,-0.7157894736842105,0.2149467838963442,,-0.2734393543793021,-0.1414377556984219,0.1345814977973568,,-0.7572700296735905,,0.3002557544757033,0.3023564553601062,0.117090479006505,0.1513584003477505,0.194515937438131,-0.0913500404203718,,,0.0689706345813937,-0.2572614107883817,0.1138790035587188,-0.0269266480965645,0.0043763676148796,0.1588495575221239,,1.1288180610889775,-0.4627092846270928,-0.0415821501014198,0.9801324503311258,,-0.0606060606060606,-0.056935817805383,-0.0408163265306122,1.1978021978021978,1.4382978723404256,-0.6464646464646465,-0.2870331514897188,0.3845193508114856,0.0573888091822094,1.4616977225672878,-0.1257861635220125,-0.6296296296296297,0.7975689574567555,0.6971014492753623,0.5282392026578073,-0.4912280701754385,1.0599439775910364,0.0,0.0,0.0821484992101105,-0.6496815286624203,-0.03125,,0.1091468101460415,-0.073170731707317,0.264635124298316,0.3312951639799888,0.0769919427036705,1.6,0.2640662754573697,0.6694766420793818,0.1153846153846153,,,,0.0,2.527472527472528,0.0,-0.1297405189620758,0.3772095417882272,-0.21875,0.6681401957688664,-1.1957205789804908,0.0,0.8371134020618557,0.2810810810810811,,7.3771,0.0183540957828956
2015-06-30,0.4912380518889395,-0.2702429149797571,,0.8495909376966646,0.4415766833465016,0.3128595286695119,0.8430232558139535,-0.4573184112354619,0.3333333333333333,,0.1720226843100189,-0.1426767676767676,0.3054662379421222,0.6114715805865559,-0.3544145272385723,,0.5026064291920069,0.4704339532665713,0.4733292458614347,0.110586011342155,,0.3063139931740614,0.5620915032679739,0.1989661114302125,0.5810251512257243,-0.9040344692518606,0.1988527724665392,-0.2985781990521327,1.25995085995086,0.2104351591253518,0.8796844181459567,0.9450305385896725,0.0,0.2131294964028777,0.0,-0.7265245043022821,0.0,0.3333333333333333,0.0,0.3879742304939155,0.1257213520197856,,1.2712177121771218,-0.3578947368421052,0.4137744871201604,,0.074056491811061,0.1332554061952074,0.3398678414096916,,-0.7572700296735905,,0.2951406649616368,0.4775970793229339,-0.221170904790065,0.3212345142360356,0.3879429815878044,-0.683104284559418,,,0.1097260095613081,0.9045643153526972,0.3131672597864768,0.3797585886722377,-0.3194748358862144,-0.1671091445427728,,-0.8100929614873837,-0.1430745814307458,-0.4624746450304259,-0.7019867549668874,,0.3272727272727272,-0.1211180124223602,0.0,-0.1648351648351648,-0.5787234042553191,-2.3737373737373737,-0.1384809064204784,-0.5043695380774033,0.1434720229555236,-0.5010351966873706,-1.878406708595388,0.4444444444444444,-0.5675549322113137,-1.6978260869565218,-0.362126245847176,-0.2385964912280701,-1.1585434173669469,0.0,0.0,0.7709320695102686,0.7388535031847133,0.125,,0.2336664104534973,0.3170731707317073,0.359262229350441,0.41467481934408,0.1342882721575649,-0.427906976744186,0.3952364515015533,0.7123287671232876,-0.4846153846153846,,,,0.0,0.3956043956043956,0.0,0.6187624750499002,0.4242320233396259,-0.140625,0.7035048942216608,-0.6859660163624921,0.0,1.088659793814433,-0.3189189189189189,,9.914,-0.1236433326608835
2015-03-31,0.4244424214838416,-0.25,,0.5512901195720579,0.3471161443244667,0.3714974948970124,0.5058139534883721,-0.4573184112354619,0.3333333333333333,,0.275992438563327,-0.2563131313131313,0.2797427652733119,0.5481443031404101,0.0400751408891671,,0.5108601216333623,0.5324272770624702,0.3072961373390558,-0.0482041587901701,,0.2033560864618885,0.6081996434937611,0.0978747846065479,0.6214581343521172,-0.8664316490403446,0.1234635345534007,-0.0726698262243285,1.191154791154791,0.1264342931370426,0.7731755424063116,1.008328706274292,0.0,0.026978417266187,0.0,-0.8043396932285821,0.0,0.3333333333333333,0.0,0.506084466714388,0.3499587798845837,,1.1014760147601477,-0.2210526315789473,0.3036402899892025,,-0.1101352955138856,0.0806545879602571,0.2171806167400881,,-1.2676557863501483,,0.1161125319693094,0.4126562672862042,0.1399566331559235,0.2183003694848946,0.2707384676301722,-0.4050121261115602,,,0.144211326852005,0.2987551867219917,1.2491103202846976,-0.3073351903435469,0.1094091903719912,0.1824483775811209,,-0.5099601593625498,0.0618975139523084,-0.1430020283975659,-0.075055187637969,,0.303030303030303,-0.4399585921325051,-0.0136054421768707,-0.5164835164835165,-2.5361702127659576,0.0202020202020202,0.3281577843054972,-0.3096129837702871,0.3443328550932568,-2.4057971014492754,-0.8763102725366876,-0.8518518518518519,-0.3562412342215988,-0.7702898550724637,-0.2225913621262458,0.0280701754385964,-0.5591036414565826,0.0,0.0,0.6161137440758294,0.2101910828025477,0.28125,,0.1829362029208301,0.2926829268292683,0.214915797914996,0.3135075041689827,0.1307072515666965,-0.1209302325581395,0.3296513634794615,0.8275377590446084,-0.0769230769230769,,,,0.0,0.0769230769230769,0.0,0.3792415169660678,0.4674789771752188,-0.0625,0.8039153773287022,-0.1510383889238515,0.0,1.0474226804123712,0.0756756756756756,,9.5349,-0.0239960565920984
2014-12-31,0.5347064178425125,-0.2297570850202429,,0.3901825047199496,0.4663330699675182,0.4642790870291334,0.8197674418604651,0.673688830370858,0.3333333333333333,,0.3320730938878387,0.1224747474747474,0.2572347266881029,-0.2398131326239294,0.293049467752035,,0.6911381407471764,,0.3698344573881054,0.2372400756143667,0.3173652694610778,0.3333333333333333,0.5597147950089126,0.5920735209649627,0.6800382043935053,-0.9432040736388564,2.0147500682873534,0.1279620853080568,1.0948402948402949,0.1935483870967742,0.7534516765285996,1.260410882842865,0.0,0.0629496402877697,0.0,-0.6075570520014965,0.0,0.3333333333333333,0.0,0.5697924123120973,0.3656224237427865,,-0.3256457564575645,0.1210526315789473,0.4247262070029307,,0.0370282459055305,0.2559906487434249,0.2753303964757709,,-1.8492581602373888,,-0.0076726342710997,0.5198583914149796,0.3993692095407057,0.6187350575961748,0.7266877845971095,,,,0.157832487956869,-0.0954356846473029,0.3380782918149466,0.4874651810584958,-0.2800875273522976,-0.6007374631268436,-2.2035398230088497,-0.3213811420982735,0.1948249619482496,0.061866125760649,0.2295805739514348,,0.5454545454545454,0.6594202898550725,-0.4761904761904761,0.8461538461538461,0.1106382978723404,-1.323232323232323,-0.3650860260176248,-2.3270911360799,0.3672883787661406,0.1697722567287784,0.6792452830188679,0.2962962962962963,-0.2234689107059373,-0.2485507246376811,-0.0166112956810631,-0.6596491228070176,-0.1949579831932773,0.0,0.0,0.9289099526066352,0.0828025477707006,-0.21875,,0.1629515757109915,0.5365853658536586,0.2886928628708901,0.3757643135075041,0.1665174574753805,0.2976744186046511,0.3348291335864687,0.929399367755532,0.0923076923076923,,,,0.0,0.1098901098901098,0.0,0.5788423153692615,0.5182769864424231,-0.3125,0.9055888853804864,0.1510383889238515,64.0,1.2288659793814434,0.4216216216216216,,10.1354,-0.1053041813840599
2014-09-30,0.5366408739189804,-0.2277327935222672,,0.0855884203901825,0.4270037749100167,0.5106698830951939,0.1686046511627907,0.6460390607856046,0.3333333333333333,,0.2696912413358538,-0.1073232323232323,0.2893890675241157,-0.2190500908383078,0.4571070757670632,,0.7241529105125978,,0.3887185775597793,0.439508506616257,,0.3924914675767918,0.5768270944741533,0.572774267662263,0.6994587710920089,-0.681551116333725,0.238186287899481,0.0916271721958925,1.1400491400491402,0.1909504221693007,0.9072978303747534,1.1771238200999443,0.0,0.1672661870503597,0.0,-0.5252525252525253,0.0,0.3333333333333333,0.0,0.4989262705798138,0.5041220115416323,,-0.4824723247232472,0.2842105263157894,0.4179392256671294,,0.031331592689295,0.1496201052016364,0.2092511013215859,,-1.8492581602373888,,-0.0629156010230179,0.5217391304347826,0.4845259215454366,0.6041295370571614,0.7100574143733914,-0.6709781729991916,,,0.2508023075687043,-1.1369294605809128,1.4306049822064058,1.0798514391829157,-0.5557986870897156,-0.8603244837758112,,0.4382470119521912,0.0375443937087772,0.1947261663286004,0.6445916114790287,,0.6424242424242425,1.5372670807453417,-0.4761904761904761,-0.5384615384615384,-1.2170212765957449,-0.7171717171717171,-0.4011749895090222,0.229712858926342,-0.0516499282639885,-1.1221532091097308,-1.9454926624737945,-1.3703703703703705,0.3113604488078541,0.3202898550724637,-1.2890365448504983,0.2736842105263158,0.7406162464985995,0.0,0.0,1.4723538704581358,-0.375796178343949,-0.03125,,0.2536510376633359,0.6341463414634146,0.2662389735364875,0.3646470261256253,0.180841539838854,1.9627906976744185,0.4263030721435968,1.109237794169301,0.1307692307692307,,,,0.0,0.1538461538461538,0.0,0.3393213572854291,0.6243349922773297,-0.21875,1.063467003473319,1.5040906230333544,0.0,2.0948453608247424,1.945945945945946,,10.3983,-0.0944962157275709
2014-06-30,0.5878470641784251,-0.2115384615384615,,0.1208307111390811,0.5161969976297076,0.4416403785488959,-0.127906976744186,0.6104893570331358,0.3333333333333333,,-0.0378071833648393,-0.0366161616161616,0.2893890675241157,-0.0275110303659486,0.2629931120851597,,0.547784535186794,,0.5878602084610668,0.2013232514177693,,0.5793515358361775,0.6476530005941771,0.7016657093624353,0.5466411970709965,-0.217783000391696,0.0174815624146408,-0.3222748815165877,1.0751842751842753,0.5845421086815328,0.7850098619329389,1.096057745696835,0.0,0.2823741007194245,0.0,-0.4107744107744108,0.0,0.3333333333333333,0.0,0.1496062992125984,0.5931574608408904,,-0.3957564575645756,0.0894736842105263,0.5613913311738393,,0.8943745549489674,0.1823495032144944,0.4105726872246696,,-1.8492581602373888,,-0.0209718670076726,0.5715233986060405,0.155726394638281,0.7016735492284286,0.82112452979608,-0.7631366208569119,,,0.2131819614333987,1.107883817427386,-1.8220640569395017,0.9090064995357474,0.1444201312910284,-0.1582595870206489,,0.297476759628154,-0.0659563673262303,0.037525354969574,-0.5275938189845475,,0.8121212121212121,0.2846790890269151,-0.4761904761904761,-0.3406593406593406,-0.4595744680851064,-0.8888888888888888,1.2320604280318923,-0.414481897627965,0.0286944045911047,-0.3850931677018633,0.7379454926624738,0.4444444444444444,0.2122487143525011,-1.6,-0.1893687707641196,-0.2245614035087719,-0.8252100840336134,0.0,0.0,0.8783570300157978,0.4012738853503185,0.1875,,0.3335895465026902,0.8048780487804879,0.359262229350441,0.4369093941078377,0.2059086839749328,-0.2883720930232558,0.5039696237487056,0.9863013698630136,-0.3846153846153846,,,,0.0,0.6813186813186813,0.0,0.9880239520958084,0.5797151192723529,-0.109375,0.9485317335017368,-0.4090623033354311,7.0,1.1587628865979382,0.027027027027027,,11.3652,-0.1308907894273748
2014-03-31,0.7630860263996359,-0.2176113360323886,,0.1611076148521082,0.7632341322096392,0.4349601039153832,0.0523255813953488,-0.1048935703313583,0.3333333333333333,,-0.1216131064902331,0.494949494949495,0.2893890675241157,0.612509732675837,0.1352536005009392,,1.057341442224153,0.3559847401049117,0.5545064377682404,0.1824196597353497,,0.5116609783845278,0.6756981580510992,0.6384836300976451,0.731932505571474,-0.1707794751273012,0.0043703906036602,-0.0110584518167456,0.973955773955774,0.4901493829833297,0.6942800788954635,1.6535258189894504,0.0,0.4181654676258993,0.0,-0.3688739244294799,0.0,0.3333333333333333,0.0,0.054402290622763,0.6187139323990107,,0.6974169741697417,0.2157894736842105,0.7091624248033318,,0.687396154759079,0.4284044418468731,0.4621145374449339,,-1.8492581602373888,,0.0076726342710997,0.7418962274587897,0.2306327616794796,0.6538578569876113,0.7666798653731934,-0.6402586903799515,,,0.2006418460549635,0.4398340248962655,1.1459074733096086,0.4243268337975859,-0.0787746170678337,-0.1789085545722714,,-0.5816733067729084,0.1664129883307965,-0.0659229208924949,-0.5518763796909493,,0.4969696969696969,-0.150103519668737,-0.4761904761904761,-0.0109890109890109,-1.5319148936170213,0.4343434343434343,0.73185060847671,1.4382022471910112,-0.2869440459110473,-1.4285714285714286,-2.9643605870020964,-0.6666666666666666,-0.4067321178120617,-2.183333333333333,0.6445182724252492,0.2035087719298245,-0.5478991596638656,0.0,0.0,-0.0695102685624012,0.286624203821656,0.15625,,0.2951575710991544,0.4878048780487805,0.3175621491579791,0.3935519733185103,0.1593554162936437,-1.2651162790697674,0.4625474628926476,0.968739023533544,0.0,,,,0.0,1.8131868131868127,0.0,-0.0399201596806387,0.5628968594474001,-0.125,0.9333754341648248,-1.7684078036500943,20.0,0.3670103092783505,-1.0054054054054054,,10.4006,-0.0502855604484358
2013-12-31,0.6991351843422849,-0.2135627530364372,,-0.1862806796727501,0.6628039680449478,0.4858044164037854,-0.0988372093023255,-0.0939214395435593,0.3333333333333333,,-0.0850661625708884,0.7247474747474747,0.7845659163987139,0.5756553335063587,0.4220413274890419,,0.976107732406603,0.382689556509299,0.3914163090128755,0.2816635160680529,,0.3876564277588168,0.6728461081402258,0.5831131533601378,0.6523400191021967,,2.0781207320404262,0.0631911532385466,0.7547911547911548,0.2558995453561377,0.6824457593688363,1.2393114936146583,0.0,0.3039568345323741,0.0,-0.3052749719416386,0.0,0.3333333333333333,0.0,0.0959198282032927,0.5981038746908491,,0.5175276752767528,,0.6610365571494679,,0.1737479230951815,0.5347749853886616,0.3773127753303965,,-1.8492581602373888,,0.0271099744245524,0.679721208098241,0.4482554701360142,0.6119539230602044,0.7189665412789547,,,,0.2758825383255748,0.9294605809128632,-0.1672597864768683,0.0882079851439183,-0.1444201312910284,-0.7231563421828908,,-1.0066401062417,0.5611364789446981,0.1663286004056795,0.4503311258278146,,0.6424242424242425,-0.2329192546583851,-0.5578231292517006,0.7362637362637363,0.425531914893617,-2.242424242424242,-0.4616030214015946,2.706616729088639,0.4562410329985653,0.4761904761904761,-0.5786163522012578,-0.6666666666666666,-0.689107059373539,0.6463768115942029,0.8903654485049833,0.1684210526315789,-0.0016806722689075,0.0,0.0,-0.6224328593996841,-0.4904458598726114,-0.28125,,0.06456571867794,0.6341463414634146,0.0882117080994386,0.2412451361867704,0.180841539838854,-0.772093023255814,0.2278218847083189,0.7277836318932209,0.3384615384615385,,,,0.0,3.065934065934066,0.0,0.0,0.3984897889136777,-0.34375,0.7256078307546574,-1.7306482064191315,-67.0,-0.3958762886597938,-1.8054054054054047,,10.5297,-0.0619295896369318
2013-09-30,0.7946062812926719,-0.1852226720647773,,-0.3624921334172435,0.7548064261258889,0.6650584524030433,-0.1162790697674418,-0.0934825543120474,0.3333333333333333,,0.0447385003150598,1.3648989898989898,1.810289389067524,0.7609654814430314,0.9092047589229806,,1.130755864465682,0.4470672389127325,0.2928264868179031,0.5869565217391305,,0.3839590443686007,0.8216280451574569,0.576220562894888,0.8153454313912767,-0.1786133960047003,0.130019120458891,0.4265402843601896,0.7184275184275184,0.1104135094176228,0.7889546351084813,1.1249305941143808,0.0,0.1528776978417266,0.0,-0.3322109988776655,0.0,0.3333333333333333,0.0,0.2433786685755189,0.8116240725474031,,0.3699261992619926,0.9578947368421052,0.7114761684405367,,-0.1452646570140042,0.831092928112215,0.4143171806167401,,-1.8492581602373888,,0.0823529411764705,0.7725412103108751,0.9363295880149812,0.6067376657248424,0.7130271233419125,-0.3071948261924009,,,0.272747509480966,-0.5933609958506224,-1.209964412811388,-0.0120705663881151,-0.3544857768052516,0.257669616519174,,1.1420982735723773,0.134956874682902,0.5608519269776876,0.847682119205298,,0.8606060606060606,0.0134575569358178,-0.5714285714285714,0.3846153846153846,-0.1446808510638297,-0.0808080808080808,-0.4464960134284515,-0.8489388264669163,-0.1004304160688665,-0.0786749482401656,2.909853249475891,0.2222222222222222,0.9135109864422628,0.1971014492753623,0.4717607973421927,-0.1543859649122807,1.04593837535014,0.0,0.0,0.7772511848341233,0.464968152866242,0.53125,,0.5149884704073789,0.8536585365853658,0.5629510825982358,0.5803224013340745,0.2130707251566696,-0.5488372093023256,0.6886434242319641,0.694766420793818,-0.123076923076923,,,,0.0,1.5164835164835164,0.0,0.6786427145708582,0.4740003432297923,0.0625,0.6795074202715503,-1.145374449339207,26.0,1.134020618556701,-0.3081081081081081,,9.6174,0.0322228460914593
2013-06-30,0.7474965862539827,-0.1012145748987854,,0.0415355569540591,0.7100342375559653,0.6413063648172203,0.3430232558139535,0.684222075927145,0.3333333333333333,,0.0,1.246212121212121,1.9967845659163987,0.3669867635608617,0.3832185347526612,,1.2454387489139878,,0.4041692213366033,1.0954631379962192,,0.3936291240045506,0.8349376114081997,0.7568064330844342,0.6749442852594715,0.0595377986682334,-0.0939633979786943,0.1184834123222748,0.8078624078624078,-0.1078155444901493,0.9940828402366864,1.6424208772903943,0.0,0.0674460431654676,0.0,-0.3479236812570146,0.0,0.3333333333333333,0.0,0.1925554760200429,0.8478977741137675,,-0.6697416974169742,1.3526315789473684,0.7156409069875058,,-0.6237835271777831,0.7761542957334892,0.3,,-1.8492581602373888,,0.0659846547314578,0.7267396835933179,0.4514094224324857,0.7434036079113236,0.8686398732924173,-0.4818108326596604,,,0.2852876248594012,0.5684647302904564,-1.2241992882562278,1.0668523676880224,-0.3544857768052516,-1.83377581120944,,-1.806108897742364,0.8351090816844241,0.1348884381338742,0.2119205298013245,,1.1272727272727272,0.3385093167701863,-0.5578231292517006,0.0769230769230769,1.6,0.404040404040404,0.751154007553504,-0.414481897627965,-0.5136298421807748,1.619047619047619,0.0461215932914046,-1.0,-1.2688172043010753,-0.5855072463768116,0.132890365448505,-0.631578947368421,0.642577030812325,0.0,0.0,0.8499210110584519,0.554140127388535,0.40625,,0.4857801691006917,1.1219512195121952,0.4891740176423416,0.5414118954974986,0.252461951656222,-1.572093023255814,0.6627545736969278,0.7509659290481209,-0.2076923076923077,,,,0.0,-0.0109890109890109,0.0,0.2295409181636726,0.4963102797322807,0.0,0.732554467950742,-0.8370044052863436,0.0,1.3608247422680413,0.2108108108108108,,8.627,0.1555599529734953
2013-03-31,0.9616522530723716,-0.0921052631578947,,0.3511642542479546,1.0520586427881662,0.5982557060679161,0.5988372093023255,-0.4375685758174237,0.3333333333333333,,-0.1052299936988027,2.0681818181818183,1.9967845659163987,0.5175188165066182,1.2473387601753287,,1.685490877497828,0.5205054840247973,0.4345800122624157,1.6379962192816635,,0.6251422070534699,0.865359477124183,0.7898908673176336,1.1359439668895257,0.0877399138268703,-0.2305381043430756,0.3522906793048973,1.02014742014742,-0.0038969473912102,0.9625246548323472,2.0077734591893392,0.0,0.112410071942446,0.0,-0.3576505798728021,0.0,0.3333333333333333,0.0,0.0730136005726556,0.8627370156636439,,-0.5101476014760148,1.826315789473684,0.782585222890637,,-0.3959173985283646,1.1566335476329632,0.5059471365638767,,-1.8492581602373888,,0.1130434782608695,0.9349485562562232,1.1121624285432683,0.7684416431210607,0.8971490793902197,-0.4801940177849636,,,0.2790175671701836,-0.4439834024896265,0.0676156583629893,-0.3184772516248839,-0.1006564551422319,0.6868731563421829,,0.9163346613545816,0.4951801116184677,0.834685598377282,0.3245033112582781,,1.0545454545454545,-0.2329192546583851,-0.5578231292517006,0.1648351648351648,0.6893617021276596,0.9292929292929292,1.0465799412505246,0.1048689138576779,0.1348637015781922,0.7329192546583851,-0.6918238993710691,-0.1481481481481481,0.6479663394109397,-0.5420289855072464,0.0332225913621262,0.3087719298245614,0.1523809523809524,0.0,0.0,0.5023696682464455,0.2547770700636942,0.46875,,0.2352036894696387,1.048780487804878,0.2293504410585405,0.357976653696498,0.2417188898836168,-0.2883720930232558,0.3779772178115291,1.0052687038988408,0.0307692307692307,,,,0.0,0.5164835164835165,0.0,0.2395209580838323,0.5639265488244379,0.03125,0.9598989580044206,-0.3146633102580239,14.0,0.911340206185567,-0.2486486486486486,,9.0401,-0.006619726118534
2012-12-31,0.8606053709604006,-0.0799595141700404,,-0.0125865324103209,0.936002106926521,0.5745036184820932,0.5930232558139535,0.7794601711652402,0.3333333333333333,,-0.1568998109640831,2.140151515151515,1.9967845659163987,0.5195951206851804,0.8328115216030056,,1.2654213727193744,,0.3904353157572042,0.9187145557655956,,0.479806598407281,0.8957813428401664,0.7671453187823091,0.8834765998089781,0.0893066980023501,-0.3135755258126195,0.1074249605055292,1.0977886977886977,0.104351591253518,1.017751479289941,1.660188784008884,0.0,-0.0341726618705036,0.0,-0.3337074448185559,0.0,0.3333333333333333,0.0,0.0143163922691481,0.8528441879637263,,-0.5276752767527675,1.8789473684210527,0.7679315131883387,,-0.158556847851887,1.189947399181765,0.5733480176211454,,-1.8492581602373888,,0.1109974424552429,0.8367076003982742,0.7289572245219791,0.7512279939143665,0.8775490001979805,-0.4624090541632983,,,0.2978277402378364,3.489626556016597,1.5693950177935942,0.4763231197771588,-0.3194748358862144,-0.5682890855457227,,0.098273572377158,0.471841704718417,0.4989858012170385,0.3995584988962472,,1.709090909090909,0.9906832298136646,-0.5578231292517006,1.0,-0.0936170212765957,3.414141414141414,-0.1342845153168275,-0.3545568039950062,0.4476327116212338,-0.0455486542443064,7.023060796645702,-0.5925925925925926,2.8003740065451144,-0.0202898550724637,-0.4817275747508305,-0.7719298245614035,-0.057703081232493,0.0,0.0,1.4249605055292258,0.4394904458598726,7.96875,0.2225063938618925,0.5196003074558032,1.7073170731707317,0.5693664795509222,0.6236798221234019,0.3384064458370636,-0.4837209302325581,0.67138419054194,1.1366350544432735,-0.023076923076923,,,,0.0,-0.3626373626373626,0.0,1.307385229540918,0.6864595846919512,0.265625,1.0685191032522892,0.2831969792322215,-13.0,1.6,0.254054054054054,,7.6664,0.1685797766878847
2012-09-30,0.8066681838871188,-0.0465587044534413,,-0.144745122718691,0.796242647704328,0.5206902950454629,1.6337209302325582,0.7956989247311828,0.3333333333333333,,-0.2671707624448645,1.018939393939394,1.8938906752411573,0.3825590449000778,0.7989981214777708,,0.9209383145091226,,0.4429184549356223,0.4281663516068053,,0.5329920364050057,0.8658348187759952,0.668581275129236,0.9531996179560648,0.3055229142185663,-0.4730947828462168,0.3870458135860979,1.0574938574938575,0.4100454643862308,1.1242603550295858,1.3148250971682398,0.0,0.3857913669064748,0.0,-0.322484100261878,0.0,0.3333333333333333,0.0,-0.1109520400858983,0.8528441879637263,,-0.5996309963099631,0.1684210526315789,0.6610365571494679,,0.5117493472584856,0.6709526592635885,0.5726872246696035,,-1.8492581602373888,,0.1263427109974424,0.7842681712578825,0.8472304356396609,0.6766355140186916,0.7926153236982776,-0.3322554567502021,,,0.272747509480966,,,1.0297121634168989,,-0.6936578171091445,,0.600265604249668,0.2526636225266362,0.4716024340770791,1.2008830022075054,,1.1272727272727272,0.9720496894409938,-0.9659863945578232,0.978021978021978,0.1957446808510638,-0.3333333333333333,-0.1770877045740663,,0.0315638450502152,,,,-2.600280504908836,0.7442028985507246,5.8737541528239205,-0.631578947368421,1.365266106442577,0.0,0.0,-4.394944707740916,0.554140127388535,0.5625,,0.6179861644888547,1.1219512195121952,0.6591820368885325,0.6592551417454141,0.252461951656222,0.586046511627907,0.8025543665861236,1.0586582367404285,0.2153846153846154,,,,0.0,20.791208791208792,0.0,1.1776447105788423,0.6744465419598421,0.078125,1.0059993684875277,-11.611076148521082,3.0,-5.785567010309278,-9.167567567567568,,7.7727,-0.0818891762193318
2012-06-30,0.9651797906235776,-0.0010121457489878,,-0.0465701699181875,0.7484856465630761,1.1512339951753572,1.2674418604651163,0.6666666666666666,0.3333333333333333,,0.739760554505356,1.1136363636363635,7.790996784565916,1.497015312743317,0.5284909204758923,,0.709383145091225,,0.5366033108522379,0.3931947069943289,,0.5802047781569966,0.8948306595365418,0.579666858127513,0.8363578478191659,0.3963963963963964,-0.6697623600109259,0.4028436018957346,1.0152334152334153,0.4979432777657501,1.242603550295858,1.1415880066629651,0.0,0.3552158273381295,0.0,-0.2925551814440703,0.0,0.3333333333333333,0.0,1.0329277022190408,0.9113767518549052,,-0.3939114391143911,0.1,0.9325158105815208,,0.7044861144077854,0.7147866744593805,0.6200440528634361,,,,0.1161125319693094,0.9383781391746876,0.6848018923713779,0.6093457943925233,0.7159968323104335,-0.0994341147938561,,,0.3385831152177508,,,1.0297121634168989,,-1.3101769911504424,,0.1301460823373174,0.213089802130898,0.2525354969574036,0.2560706401766004,,1.4666666666666666,0.7670807453416149,-0.9659863945578232,-0.4505494505494505,0.451063829787234,-1.95959595959596,-0.5841376416281997,,-0.0200860832137733,,,,0.4086021505376344,0.2079710144927536,-0.6877076411960132,0.2807017543859649,0.2168067226890756,0.0,0.0,0.1927330173775671,-0.0764331210191082,0.875,,0.1383551114527286,1.4634146341463414,0.1331194867682437,0.3101723179544191,0.3025962399283796,-0.6976744186046512,0.2468070417673455,1.0073761854583771,0.0923076923076923,,,,0.0,0.1868131868131868,0.0,0.1796407185628742,0.5388707739831817,0.234375,0.9535838332807072,-0.5097545626179988,-4.0,0.5608247422680412,0.0648648648648648,,8.8861,-0.0533623208410979
2012-03-31,1.270368684569868,0.0425101214574898,,0.3398363750786658,1.049073830216838,1.2870662460567823,1.7965116279069768,-0.3726135615536537,0.3333333333333333,,0.651543793320731,1.2272727272727273,7.569131832797428,1.9890994030625488,0.4796493425172198,,1.1172893136403128,0.9406294706723892,0.6709993868792152,0.3147448015122873,,0.7249715585893061,0.9975044563279858,0.6927053417576106,1.2317733205985355,0.4559341950646298,-0.2414640808522261,1.7567140600315956,1.1203931203931203,0.7542758172764668,1.136094674556213,0.9672404219877846,0.0,0.8983812949640287,0.0,-0.0755705200149644,0.0,0.3333333333333333,0.0,0.9327129563350036,1.100989282769992,,0.3976014760147601,0.5105263157894737,1.1546351997532007,,1.2665558984096843,0.7673874926943308,0.7903083700440529,,,,0.1017902813299232,1.2350923774753844,1.3297851369998028,0.6948924146924582,0.8134032864779251,-0.1123686337914308,,,0.3918786055761005,-1.2448132780082988,0.4092526690391459,-0.3166202414113278,-1.3041575492341355,0.0703539823008849,,-0.0159362549800796,0.2293252156265854,0.2129817444219067,0.3885209713024282,,1.806060606060606,0.2370600414078675,-0.7074829931972789,0.0109890109890109,-1.2765957446808511,0.4242424242424242,0.2039446076374318,-0.4044943820224719,0.2295552367288378,-1.1801242236024845,-1.4758909853249476,1.0740740740740742,-0.0084151472650771,-1.1869565217391305,-0.2790697674418604,-0.631578947368421,0.1411764705882353,0.0,0.0,2.0,0.6050955414012739,1.28125,,0.7317448116833205,1.804878048780488,0.7441860465116279,0.7493051695386326,0.3527305282005371,1.4976744186046511,0.8905764584052468,1.1303126097646643,0.3307692307692307,,,,0.0,0.1098901098901098,0.0,2.085828343313373,0.7269607001887763,0.4375,1.0558888538048627,0.8873505349276274,1.0,2.1402061855670103,1.1513513513513514,,9.293,-0.1009787234042554
2011-12-31,1.2592171142467,0.0587044534412955,,0.5689112649465072,1.1621455535071548,1.0855446279458156,1.1162790697674418,-0.3651525126179504,0.3333333333333333,,0.4366729678638941,1.476010101010101,7.572347266881029,2.036335323124838,0.5072010018785222,,1.3205907906168548,1.0374344301382927,0.7484978540772532,0.5434782608695652,,0.821103526734926,1.0255496137849078,0.7253302699597932,1.1263928685132123,0.4433999216607912,-0.8533187653646545,1.150078988941548,0.9425061425061424,0.7958432561160425,1.096646942800789,0.9739033870072182,0.0,0.7194244604316546,0.0,-0.2124953236064347,0.0,0.3333333333333333,0.0,0.6886184681460272,1.092745259686727,,0.492619926199262,0.4,1.190575350917785,,1.3577023498694516,0.8825248392752776,0.8290748898678414,,,,0.0925831202046035,1.224250470184755,1.0443524541691307,0.7195826994131711,0.8415165313799248,0.0048504446240905,,,0.3856085478868829,0.3734439834024896,3.185053380782918,-6.964716805942433,0.9234135667396062,1.5865781710914455,,-4.440903054448871,1.9421613394216133,0.2352941176470588,0.2317880794701986,,0.7151515151515152,-5.141821946169772,26.38095238095238,-0.2527472527472527,-0.102127659574468,-0.1717171717171717,3.0851867394041124,-2.7166042446941323,0.2840746054519368,-0.6418219461697723,0.180293501048218,-4.925925925925926,-1.611033193080879,0.6644927536231884,-2.129568106312292,0.2385964912280701,-0.1109243697478991,0.0,0.0,1.6429699842022116,3.662420382165605,10.78125,0.5191815856777494,0.7886241352805534,0.7073170731707317,0.7955092221331195,0.7348526959421902,0.1915846016114592,0.0186046511627906,0.9181912323092856,0.7095187917105725,0.4,,,,0.0,0.3076923076923077,0.0,1.0878243512974053,0.5268577312510726,0.765625,0.6643511209346384,0.0314663310258023,-93.0,1.863917525773196,-1.8216216216216217,,8.3651,0.0411495523898032
2011-09-30,0.7528447883477469,-0.0151821862348178,,0.0050346129641283,0.3583530857694671,1.1920578957134904,-2.994186046511628,-0.3467193328944481,0.3333333333333333,,0.5683679899180845,-0.0845959595959596,-0.4244372990353697,0.286529976641578,2.6136505948653728,,0.7971329278887923,0.6864568431092036,-0.0797057020232985,0.275992438563327,,0.3390216154721274,1.0193701723113489,0.2846639862148191,1.393505253104107,0.4104974539757148,2.237639989074024,0.6714060031595577,0.7832923832923833,0.184455509850617,0.6193293885601578,0.7207107162687396,0.0,0.5764388489208633,0.0,-0.1893004115226337,0.0,0.3333333333333333,0.0,0.8382247673586256,1.1380873866446826,,-0.1162361623616236,-0.2842105263157894,0.3747493444393028,,0.0170899596487063,0.1601402688486265,0.0861233480176211,,,,0.0843989769820971,0.7319393738245381,2.131677508377686,0.386089980439035,0.4617897446050287,-0.0856911883589329,,,0.3699334036638389,,0.6014234875444839,1.0297121634168989,,-0.3868731563421829,,-0.5896414342629482,2.177574835109082,1.9411764705882355,1.4503311258278146,,0.9575757575757576,-0.1853002070393374,-0.9659863945578232,-0.4065934065934066,0.3063829787234042,-0.9090909090909092,0.3499790180444817,,0.9010043041606888,,,,0.3487611033193081,0.9289855072463769,0.6312292358803987,0.7298245614035088,0.8330532212885154,0.0,0.0,0.278041074249605,1.4458598726114649,1.40625,,0.6425826287471176,0.951219512195122,0.6639935846030474,0.6548082267926626,0.2273948075201432,-1.2744186046511627,0.783569209527097,0.9216719353705656,0.4538461538461538,,,,0.0,1.967032967032967,0.0,0.2594810379241516,0.6037412047365711,0.5,0.8658035996210925,-2.1271239773442416,25.0,0.6185567010309279,-1.4,,6.9662,0.2704918032786886
2011-06-30,0.9522075557578517,0.0192307692307692,,-0.3385777218376337,0.4938986919497849,1.4436815735758026,-1.4244186046511629,-0.3594470046082949,0.3333333333333333,,0.6509136735979836,0.1047979797979797,-0.3569131832797427,0.2408512847132105,2.9041953663118347,,0.7762814943527367,0.5548402479732952,0.0,0.4243856332703213,,0.4974402730375427,1.0659536541889485,0.6830557151062607,1.4272524673670806,0.6314140227183705,2.9183283255941,0.95260663507109,1.026044226044226,0.3576531716821823,0.5641025641025641,0.8317601332593004,0.0,0.8480215827338129,0.0,0.1466517022072577,0.0,0.3333333333333333,0.0,0.9319971367215462,1.241962077493817,,-0.4483394833948339,0.1157894736842105,0.6286441462285979,,0.3968668407310705,0.2478082992402104,0.2667400881057268,,,,0.0557544757033248,0.925766124571302,2.454957618766016,0.6875896544229515,0.8050881013660661,-0.465642683912692,,,0.3981486632653181,,,1.0297121634168989,,1.613126843657817,,4.318725099601593,0.5377980720446474,2.176470588235294,0.4503311258278146,,0.7636363636363637,-0.1853002070393374,-0.9659863945578232,-0.1648351648351648,-0.2638297872340425,0.0202020202020202,1.4259336970205625,,0.1176470588235294,,,,0.8200093501636279,-0.5384057971014493,-0.1627906976744186,-0.3859649122807017,0.3288515406162465,0.0,0.0,1.5323854660347551,1.10828025477707,1.59375,,0.6410453497309762,0.7560975609756098,0.6431435445068163,0.631461923290717,0.198746642793196,0.5674418604651162,0.7714877459440801,1.0410958904109588,0.1769230769230769,,,,0.0,0.3516483516483517,0.0,1.1976047904191616,0.6596876608889651,0.59375,0.9693716450899904,0.2265575833857772,-17.0,1.8309278350515463,0.2486486486486486,,9.0931,-0.0792798935456555
2011-03-31,0.709262630860264,0.0070850202429149,,-0.4820641913152926,0.0725133877622684,1.421785117832622,-1.3313953488372092,-0.3682247092385341,0.3333333333333333,,0.5412728418399496,-0.2133838383838383,-0.3504823151125402,0.1453412924993511,0.8804007514088916,,0.9317984361424848,0.5157367668097281,-0.0900061312078479,0.8771266540642723,,-0.0665529010238907,1.1063576945929887,0.5626651349798966,0.9729385546004458,0.6345475910693302,2.7992351816443595,1.7140600315955763,0.8855036855036855,-0.7083784368911019,0.4852071005917159,0.8106607440310938,0.0,1.139388489208633,0.0,0.1690983913206135,0.0,0.3333333333333333,0.0,0.807444523979957,1.2716405605935697,,-0.5793357933579336,-0.0631578947368421,0.5194354465525219,,-1.9406598623308808,0.1005260081823495,-0.340748898678414,,,,0.0445012787723785,0.6895674300254453,1.5608121427163415,0.5964790262986307,0.7013462680657295,-0.173807599029911,,,0.4138238074883621,0.2904564315352697,-0.4199288256227758,-0.0863509749303621,0.061269146608315,-0.6671091445427728,,-1.4183266932270917,1.0898021308980212,0.537525354969574,0.075055187637969,,0.4727272727272727,-0.4792960662525879,-0.3809523809523809,-1.2637362637362637,-0.6212765957446809,-0.2626262626262626,-0.1309274024339068,-0.599250936329588,-0.0573888091822094,-0.5424430641821946,-0.1719077568134172,0.7037037037037037,-0.9957924263674616,-0.8753623188405797,-0.3222591362126246,-0.9403508771929824,0.0235294117647058,0.0,0.0,1.778830963665087,1.1464968152866242,1.53125,,0.6364335126825519,0.4634146341463415,0.6383319967923016,0.6147859922178989,0.1557743957027753,0.6697674418604651,0.7697618225750776,0.845100105374078,-0.1692307692307692,,,,0.0,-0.0109890109890109,0.0,1.596806387225549,0.563583319032092,0.5625,0.7944426902431323,0.4531151667715544,-12.0,2.0412371134020617,0.518918918918919,,9.2787,-0.0976968756399065
2010-12-31,0.7105143377332727,0.0080971659919028,,-0.0818124606670862,0.1954174348169607,1.2811282241603266,-1.4011627906976745,0.8400263331138907,0.3333333333333333,,0.4001260239445495,-0.1035353535353535,-0.3440514469453376,-0.0036335323124837,1.5641828428303068,,1.1550825369244135,,-0.154996934396076,1.0945179584120983,,0.013367463026166,1.1253713606654785,0.4703044227455485,1.195797516714422,0.2835879357618488,2.447418738049713,1.7409162717219588,0.7803439803439803,-0.6862957350075773,0.3510848126232742,1.0183231538034423,0.0,0.8606115107913669,0.0,0.0680882903105125,0.0,0.3333333333333333,0.0,0.6471009305654974,1.3178070898598515,,-0.6577490774907749,0.0368421052631578,0.4131574888169057,,-1.8922383099928792,0.1513734658094681,-0.2997797356828194,,,,0.0281329923273657,0.690784378802965,2.0047309284447072,0.5265811780047815,0.6217580677093645,-0.0177849636216653,,,0.3417181440623597,0.2614107883817427,1.8754448398576515,-1.6536675951717734,-0.0043763676148796,-1.0579646017699116,,-0.7543160690571049,1.3901572805682394,1.0912778904665317,1.3841059602649006,,0.4,0.5579710144927537,5.578231292517007,0.2747252747252747,0.6553191489361702,-0.4747474747474747,0.3365505665127989,-4.009987515605493,0.812051649928264,0.10351966873706,5.911949685534591,1.2222222222222223,-3.03973819541842,1.8420289855072465,2.893687707641196,-0.968421052631579,0.8358543417366947,0.0,0.0,-1.8420221169036333,1.197452229299363,9.15625,0.227621483375959,0.6287471176018448,0.3902439024390244,0.615878107457899,0.5958866036687048,0.1450313339301701,0.2511627906976744,0.7300655850880221,0.95960660344222,-0.1076923076923077,,,,0.0,10.175824175824175,0.0,-3.12375249500998,0.6116354899605285,0.84375,0.886011998736975,-6.620516047828823,9.0,-0.7628865979381443,-3.0486486486486486,,8.6934,-0.03694756942048
2010-09-30,0.8549157942649067,0.1032388663967611,,0.1460037759597231,0.3532613466772013,1.4358879198367045,0.6569767441860465,-0.4279131007241606,0.3333333333333333,,0.6748582230623819,0.3434343434343434,-0.3279742765273312,0.3041785621593563,1.9323731997495304,,0.7050390964378801,-0.5720076299475441,-0.1677498467198038,0.16351606805293,,0.0821956769055745,1.1738562091503268,0.5516369902354968,1.2983126392868514,0.27262044653349,2.794864791040699,1.6066350710900474,0.7724815724815725,-0.1550119073392509,0.3944773175542406,3.7534702942809552,0.0,0.8183453237410072,0.0,-0.0224466891133557,0.0,0.3333333333333333,0.0,0.9591982820329276,1.3870568837592745,,-0.235239852398524,0.2631578947368421,0.559231837112448,,,10.83167738164816,0.126431718061674,,,,0.0465473145780051,0.8311760150459122,2.169524935935344,0.5881330145620517,0.6918431993664621,0.0,,,0.4836901637010644,,-0.096085409252669,1.0297121634168989,,-0.9724188790560472,,-0.0876494023904382,1.4337899543378996,1.3894523326572008,1.1589403973509933,,0.1575757575757575,0.9202898550724636,4.598639455782313,0.4725274725274725,-0.2382978723404255,1.6363636363636365,-0.2291229542593369,,0.0774748923959827,,,,0.7639083683964469,0.7949275362318841,0.2591362126245847,-0.5403508771929825,1.2672268907563025,0.0,0.0,0.7614533965244866,1.2993630573248407,1.625,,0.5887778631821675,0.1463414634146341,0.58700882117081,0.5647581989994441,0.1092211280214861,1.413953488372093,0.7110804280289955,0.789603090972954,0.1076923076923077,,,,0.0,3.43956043956044,0.0,0.5289421157684631,0.5247983524969967,0.609375,0.7426586675086833,-1.145374449339207,22.0,1.220618556701031,-0.0756756756756756,,8.101,-0.0088137267004074
2010-06-30,0.7321347291761493,0.0668016194331983,,0.1019509125235997,0.186462997102976,1.3605492670254222,0.4186046511627907,-0.402457757296467,0.3333333333333333,,0.6030245746691871,0.2209595959595959,-0.2733118971061093,0.3114456267843239,1.9862241703193488,,0.4161598609904431,-0.6273247496423462,-0.252605763335377,0.0207939508506616,,-0.0039817974971558,1.178134284016637,0.3473865594485927,1.2333651703279211,0.1378770074422248,2.5992898115269054,1.7187993680884677,0.5945945945945946,-0.2208270188352457,0.1577909270216962,3.2470849528039976,0.0,0.8848920863309353,0.0,-0.0957725402169846,0.0,0.3333333333333333,0.0,0.8775948460987831,1.398598516075845,,-0.0470479704797048,-0.1842105263157894,0.4242634582754897,,,10.68614845119813,0.0636563876651982,,,,0.0414322250639386,0.7118044031419405,2.2594125763847823,0.433557922190828,0.5158384478321124,0.042037186742118,,,0.4389040382452326,,,1.0297121634168989,,-1.1980825958702064,,-1.304116865869854,1.9421613394216133,1.4330628803245435,0.5761589403973509,,0.1333333333333333,0.5683229813664596,-0.9659863945578232,0.1648351648351648,0.2893617021276595,0.3737373737373737,0.3818715904322283,,0.0286944045911047,,,,0.8237494156147732,0.0231884057971014,-0.4551495016611295,-0.8280701754385965,0.5753501400560224,0.0,0.0,1.2385466034755137,1.3121019108280254,1.71875,,0.5841660261337432,0.1219512195121951,0.1170809943865276,0.2379099499722067,0.1056401074306177,0.8093023255813954,0.700724887814981,0.7024938531787847,0.1615384615384615,,,,0.0,0.0,0.0,1.966067864271457,0.4801784794920199,0.65625,0.6624565835175245,-0.1384518565135305,27.0,1.6948453608247422,0.0864864864864864,,6.595,0.2175284306292647
2010-03-31,0.8665225307237141,0.0,,0.4505978602894902,0.4145377929944693,1.197253664872889,-0.0348837209302325,-0.3954355935922756,0.3333333333333333,,0.5078764965343415,0.6174242424242424,-0.2604501607717042,0.0747469504282377,2.6136505948653728,,0.6463944396177237,-0.5834525512637101,-0.1375843041079092,0.4291115311909262,,0.2718998862343572,1.1448603683897802,0.5176335439402642,1.518624641833811,0.0564042303172738,2.180824911226441,1.7424960505529226,0.6525798525798526,0.0121238363282095,0.252465483234714,3.235980011104941,1.857218402961396,1.1744604316546765,10536000000.0,-0.3045267489711934,10536000000.0,0.3333333333333333,12.572792362768496,0.7695060844667144,1.398598516075845,,-0.3948339483394834,0.0,0.4682245873823847,,,11.184102863822329,0.2330396475770925,,,,0.0312020460358056,0.8424604491647306,2.6662724226296075,0.5623994783742665,0.6625420708770541,-0.0436540016168148,,,0.128536182628961,-0.2863070539419087,-0.1067615658362989,-0.075208913649025,0.0350109409190372,2.2502949852507377,,4.231075697211155,0.3358701166920345,1.9411764705882355,0.4701986754966887,,0.1818181818181818,-0.150103519668737,0.0136054421768707,0.3186813186813186,-0.2127659574468085,16.232323232323232,-0.0041963911036508,-0.3545568039950062,-0.0172166427546628,-0.144927536231884,-0.1090146750524109,-0.6296296296296297,2.981767180925666,-0.3028985507246376,-0.3488372093023256,-0.1684210526315789,0.4857142857142857,0.0,0.0,1.3902053712480251,0.8662420382165605,1.125,,0.611837048424289,0.1707317073170731,0.6559743384121892,0.613674263479711,0.1128021486123545,0.0,0.7645840524680704,0.740428521250439,0.1538461538461538,,,,0.0,-0.0109890109890109,0.0,1.377245508982036,0.5114123905955037,0.359375,0.7085569940006315,-0.1258653241032095,17.0,1.6412371134020618,0.3189189189189189,,7.8512,0.0081770939474219
2009-12-31,0.5994538006372326,0.0020242914979757,,0.8483322844556325,0.2932139408304802,0.6138430135461125,-0.2674418604651162,-0.3985077902128593,0.0,,0.4190296156269691,0.5984848484848485,-0.2540192926045016,0.0,0.6311834690043833,,0.5278019113814074,0.8171196948020982,0.0725935009196811,0.0860113421550094,,0.0654152445961319,0.4190136660724896,0.3958644457208501,0.9859917223814072,0.0282021151586369,0.4588910133843212,1.6113744075829384,0.571007371007371,-0.1450530417839359,0.2287968441814595,0.0821765685730149,1.565309360126917,1.0989208633093526,8880000000.0,-0.1870557426112981,8880000000.0,0.0,10.596658711217184,0.6685755189692197,1.3920032976092334,,-0.4824723247232472,-0.1842105263157894,0.3642603732839735,,,10.963179427235534,0.1409691629955947,,,,-1.5841432225063938,0.5828078327248589,1.3526512911492214,0.4702455987828733,0.5576123539893091,0.1867421180274858,,,0.031350288446088,,,-2.530176415970288,,0.5570796460176991,,-0.5338645418326693,0.549974632166413,0.3356997971602434,-0.3465783664459161,,-0.0848484848484848,0.1832298136645962,2.9115646258503403,-0.2747252747252747,1.5574468085106383,8.363636363636363,-0.0125891733109525,,0.7345767575322812,,,,,-1.3391304347826087,0.1661129568106312,-1.0035087719298246,-1.284593837535014,0.0,0.0,1.014218009478673,1.8152866242038217,6.78125,-0.0434782608695652,0.2382782475019216,-0.0975609756097561,0.2052927024859663,0.2890494719288493,0.0734109221128021,,0.3313772868484639,0.4221988057604496,-0.4076923076923077,,,,0.0,-0.0109890109890109,0.0,0.5588822355289421,0.2697786167839368,0.484375,0.4174297442374486,0.434235368156073,0.0,0.0,-0.4486486486486487,,9.5,-0.0473368421052631
2009-09-30,0.5682749203459263,-0.0212550607287449,,0.3675267463813719,0.3004126064436836,0.579699387641492,1.0465116279069768,1.0502523590081194,0.0,,0.4492753623188406,0.6641414141414141,0.1446945337620578,-0.0747469504282377,0.8954289292423294,,0.3614248479582971,,-0.0419374616799509,-0.2939508506616257,,-0.0073947667804323,0.386215092097445,0.3795519816197588,0.9672078955746578,-0.0470035252643948,0.2480196667577164,1.151658767772512,0.8058968058968059,-0.0818358952154146,0.2642998027613412,0.0888395335924486,1.509783183500793,0.8983812949640287,8565000000.0,-0.2850729517396184,8565000000.0,0.0,10.220763723150355,0.7029348604151754,1.3920032976092334,,-0.7287822878228782,0.1842105263157894,0.3310967144840351,,,11.078901227352423,0.2343612334801762,,,,-1.5933503836317136,0.5524947449939153,1.289572245219791,0.4579004564225168,0.5435557315383093,0.2845594179466451,,,0.0344853172906968,,,-0.9090064995357474,,-0.1140117994100295,,0.7835325365205843,0.2607813292744799,0.5496957403651116,1.229580573951435,,-0.4,-0.0134575569358178,2.122448979591837,0.2747252747252747,-0.3404255319148936,0.3737373737373737,0.0738564834242551,,0.2094691535150645,,,,,0.6318840579710145,-0.4451827242524916,0.1333333333333333,1.2280112044817928,0.0,0.0,1.5387045813586098,1.1210191082802548,1.125,,0.6241352805534205,-0.4146341463414634,0.6431435445068163,0.5780989438576987,0.0268576544315129,0.5023255813953489,0.7783914394200897,0.5423252546540218,0.3692307692307692,,,,0.0,0.0549450549450549,0.0,1.467065868263473,0.4173674274927064,0.359375,0.5304704767919166,0.3964757709251101,0.0,1.8144329896907216,0.3081081081081081,,10.5777,-0.1356249468220879
2009-06-30,0.3585571233500227,-0.0222672064777327,,0.1573316551290119,0.0354665964357826,0.5088142512525515,-6.604651162790698,0.8444151854290103,0.0,,0.332703213610586,0.2398989898989899,0.1672025723472668,-0.0565792888658188,0.5385097056981841,,-0.0039096437880104,,-0.0799509503372164,-0.4706994328922495,,-0.1325369738339021,0.3795603089720736,0.1102814474439977,0.7424387137854187,,,0.8278041074249605,0.7066339066339067,-0.1913834163238796,0.2603550295857988,-0.1166018878400888,1.450907808919443,4.719424460431655,8231000000.0,-0.2790871679760568,8231000000.0,0.0,9.82219570405728,6.095204008589835,1.3920032976092334,,-0.6033210332103321,,0.1557149467838963,,,,0.0872246696035242,,,,,0.3486005089058524,0.9032130889020304,0.2541186698543795,0.3115224707978618,,,,0.0752406922706113,,,0.3166202414113278,,0.6323008849557522,,1.2695883134130146,-0.2141045154743784,0.2606490872210953,0.0529801324503311,,-0.7878787878787878,-0.056935817805383,3.4149659863945576,-1.021978021978022,-0.3744680851063829,0.3737373737373737,0.7108686529584557,,0.3443328550932568,,,,,-0.386231884057971,-0.4152823920265781,-1.0105263157894735,-0.3966386554621848,0.0,0.0,1.4091627172195893,0.8853503184713376,1.3125,,0.3766333589546503,-0.8048780487804879,0.3704891740176423,0.3713173985547526,-0.0304386750223813,,-0.0155333103210217,0.4186863364945556,0.0769230769230769,,,,0.0,-0.0109890109890109,0.0,0.469061876247505,0.2996396087180367,0.453125,0.4155352068203347,0.9691629955947136,0.0,0.0,0.8540540540540541,,8.2866,0.1033596408659764
2009-03-31,0.0649749658625398,-0.0242914979757085,,0.0352422907488986,-0.3237643753840751,0.3317869734644647,,0.6337502743032697,0.0,,0.1417769376181474,0.0,0.1254019292604501,-0.2756293797041266,-0.047589229805886,,-0.3827106863596872,,-0.2749233599019007,-0.8875236294896031,,-0.4917519908987486,0.4023767082590612,-0.1996553704767375,0.4848774275708373,,,0.7993680884676145,0.5965601965601965,-0.5473046113877462,-0.0355029585798816,-0.062187673514714,,,,-0.4002992891881781,,0.0,,,1.3911788953009068,,-0.8182656826568265,,-0.117461051982107,,,,-0.1713656387665198,,,,,0.0631707047239738,0.5200078848807412,0.019560965007607,0.0444466442288655,,,,0.0188101730676528,,,1.1727019498607243,,-0.1125368731563421,,0.9933598937583,-0.5834601725012684,-0.2139959432048681,-0.2097130242825607,,-0.9818181818181818,-0.0300207039337474,-0.8027210884353742,1.2857142857142858,1.0127659574468084,,0.0,,0.2152080344332855,,,,,-1.038405797101449,-0.7375415282392026,-0.0631578947368421,-0.6039215686274509,0.0,0.0,1.6714060031595577,1.2420382165605095,1.21875,,0.4319754035357417,-1.0,0.4458700882117081,0.41467481934408,-0.0590868397493285,,0.0517777010700724,0.3090972953986652,0.1384615384615384,,,,0.0,-0.0109890109890109,0.0,1.1676646706586826,0.2594817230135576,0.40625,0.3189137985475213,1.2460667086217747,0.0,0.0,0.4324324324324324,,4.1469,0.4406182931828596
2008-12-31,0.0613336367774237,-0.0080971659919028,,-0.0088105726872246,0.3778421560881397,0.2404898868064576,,0.8167654158437568,0.0,,0.0044108380592312,0.0303030303030303,0.1382636655948553,-0.1889436802491565,-0.5034439574201628,,-0.0973066898349261,,-0.1527896995708154,-0.6181474480151229,,-0.4536405005688282,0.3933452168746286,-0.271338311315336,0.5208532314549507,,,1.1911532385466037,0.6574938574938575,-0.5906040268456376,0.2485207100591716,-0.1121599111604664,,,,-0.4070332959221848,,0.0,,,1.377164056059357,,-0.6512915129151291,,-0.1398272404750886,,,,0.5640969162995595,,,,,0.0596304900984622,0.4285432682830672,-0.0346881112801564,-0.0173233023163729,,,,0.0909158364936553,,0.8149466192170819,,,-0.2792035398230088,,-2.1088977423638777,0.2323693556570268,-0.5831643002028397,0.2626931567328918,,,2.419254658385093,,0.4285714285714285,,,-0.3936214855224507,,1.084648493543759,,,,,0.2115942028985507,,4.32280701754386,-0.8532212885154061,0.0,0.0,1.908372827804108,0.4394904458598726,1.1875,,4.393543428132206,,2.506816359262229,1.838799332962757,-0.0734109221128021,,15.700724887814982,0.4573234984193888,11.315384615384616,,,,0.0,-0.0109890109890109,0.0,-0.0898203592814371,0.2927750128711172,-150.484375,-1.2472371329333751,-1.2838263058527375,0.0,0.0,5.075675675675676,,5.8813,-0.0109329569993029
2008-09-30,0.2715065999089667,-0.0070850202429149,,3.1642542479546885,-0.046703537880783,0.4483206531824086,,0.9958305903006364,0.0,,0.0346565847511027,-0.1047979797979797,0.2893890675241157,-0.1458603685439917,0.5034439574201628,,0.0039096437880104,,-0.2143470263641937,-0.8771266540642723,,-0.2963594994311718,0.3904931669637552,-0.111200459506031,0.8605539637058262,,,1.3033175355450235,0.8412776412776413,-0.2546005628924009,0.3392504930966469,-0.0022209883398112,,,,-0.019453797231575,,0.0,,,1.377164056059357,,-0.264760147601476,,-0.0195125713404288,,,,-0.0198237885462555,,,,,0.263967253014714,-0.0272028385570668,0.0865029341447511,0.1206691744209067,,,,0.047025432669132,,0.6156583629893239,,,0.0688790560471976,,-0.0690571049136786,0.2688990360223237,0.2322515212981744,0.6909492273730684,,,2.015527950310559,,-0.2307692307692307,,,-0.1770877045740663,-0.3545568039950062,0.2266857962697274,,,,,-0.2304347826086956,,3.957894736842105,0.5277310924369748,0.0,0.0,0.5466034755134281,0.8535031847133758,1.375,,5.754035357417371,,0.3961507618283881,0.3968871595330739,-0.0053715308863025,,0.6403175698998964,0.9546891464699684,0.6538461538461539,,,,0.0,-0.0109890109890109,0.0,1.0978043912175648,0.591384932212116,53.75,0.6990843069150616,0.0943989930774071,0.0,0.0,0.1135135135135135,,8.3437,-0.1060800364346753
2008-06-30,0.4378698224852071,0.0212550607287449,,2.825676526117055,0.1811956808006321,0.4705882352941176,,1.0717577353522054,0.0,,-0.0567107750472589,0.6338383838383839,0.3311897106109325,-0.1764858551777835,1.2285535378835315,,0.182015638575152,,-0.2440220723482526,-0.6474480151228733,,-0.1660978384527872,0.4556149732620321,0.1208500861573808,1.023241006049029,,,1.4581358609794628,1.035872235872236,-0.1615068196579346,0.3510848126232742,-0.0088839533592448,,,,0.031425364758698,,0.0,,,,,-0.4428044280442804,,0.127178775258368,,,,0.1757709251101321,,,,,0.4257108087177785,0.4293317563571851,0.2621169311019343,0.3206295783013265,,,,0.1065909807166993,,0.0569395017793594,,,0.3063421828908554,,-0.0345285524568393,0.2922374429223744,0.268762677484787,-0.3333333333333333,,,1.9513457556935816,,,,,-0.0419639110365086,-0.3495630461922597,0.7259684361549498,,,,,-2.8065217391304347,,0.9894736842105264,-1.2593837535014003,0.0,0.0,3.4123222748815167,1.1401273885350318,1.34375,-0.8823529411764706,1.703305149884704,,-6.187650360866079,-0.8560311284046692,10.658907788719786,,-6.411805315843977,0.7727432384966632,0.3,,,,0.0,-0.0109890109890109,0.0,2.5848303393213574,0.5230822035352669,49.703125,0.2816545626776129,5.92825676526117,0.0,0.0,4.178378378378379,,13.7111,-0.1322286322760391
2008-03-31,0.1681838871187983,-0.034412955465587,,3.016991818753933,0.0,0.1113379105585451,,1.0151415404871629,0.0,,-0.6257088846880907,0.547979797979798,0.337620578778135,0.0062289125356864,0.5773324984345648,,0.2723718505647263,,-0.2776210913549969,-0.3610586011342155,,-0.3529579067121729,0.4446821152703505,-0.3802412406662837,0.8510028653295129,,,1.2906793048973144,0.9503685503685504,-0.5771812080536913,0.0118343195266272,0.0288728484175458,,,,0.0,,0.0,,,,,0.0378228782287822,,-0.154943698904828,,,,-0.0973568281938326,,,,,0.1635136630158203,0.019317957815888,-0.1171049771788741,-0.1111661057216392,,,,0.0595655480475672,,,,,0.5010324483775811,,-0.749003984063745,0.5885337392186707,0.2920892494929006,0.0,,,-0.1438923395445134,,,,,0.063785144775493,,0.3845050215208034,,,,,0.8601449275362318,,,-0.5030812324929972,0.0,0.0,1.0552922590837284,0.6114649681528662,1.65625,,0.6825518831667948,,-6.129911788291901,0.0711506392440244,13.516562220232766,,-6.34967207455989,0.7474534597822269,0.4769230769230769,,,,0.0,-0.0109890109890109,0.0,1.816367265469062,0.5086665522567358,49.140625,0.6744553204925797,0.6419131529263687,0.0,0.0,0.5621621621621622,,11.8981,0.0869886788646926
2007-12-31,0.0211652253072371,-0.0030364372469635,,-0.0604153555695405,0.4045298920200158,0.0530710706995732,,-0.3949967083607636,0.0,,-0.7725267800882167,0.2803030303030303,0.1221864951768488,-0.1837529198027511,0.9430181590482154,,0.0330147697654213,0.628755364806867,-0.4598405885959534,-0.4886578449905482,,-0.4812286689419795,0.4351752822341058,-0.5867892016082711,0.8424068767908309,,,1.0710900473933649,0.7184275184275184,-0.6919246590171033,-0.1222879684418146,-0.0777345918933925,,,,0.0718294051627385,,0.0,,,,,-0.5701107011070111,,-0.3500694123091161,,,,0.5314977973568282,,,,,0.0205774975107865,1.2793219002562586,-0.2734188219952184,-0.289150663235003,,,,0.0564305192029584,,,,,0.7797935103244837,,1.0730411686586985,0.1887366818873668,0.5882352941176471,0.0838852097130242,,,2.582815734989648,,,,,0.2089802769618128,,0.5681492109038737,,,,,-8.581884057971015,,19.71929824561404,-0.5759103641456582,0.0,0.0,1.235387045813586,1.2229299363057324,8.09375,0.0434782608695652,-7.846272098385857,,10.59663191659984,0.8148971650917176,-21.434198746642792,,11.64998274076631,0.5718299964875307,10.692307692307692,,,,0.0,-0.0109890109890109,0.0,0.2594810379241516,0.3576454436245066,-113.8125,3.90022102936533,-2.4229074889867843,0.0,0.0,-0.6702702702702703,,15.267,-0.0906923429619439
2007-09-30,-0.1043468365953573,-0.1771255060728745,,2.0050346129641285,-0.363620402071811,0.0660604935980701,,1.010313802940531,0.0,,-0.7844990548204159,0.1843434343434343,0.1929260450160771,-0.2849727485076563,1.2122730118973075,,0.0747176368375325,,-1.0028203556100552,-0.6001890359168242,,-1.0497724687144483,0.4560903149138443,-0.6309017805858702,0.6144539955428208,,,0.5781990521327014,0.514987714987715,-1.1846720069279064,0.0,-0.1832315380344253,,,,0.0793116348671904,,0.0,,,,,-0.2195571955719557,,-0.4097639981490051,,,,-0.4533039647577092,,,,,-0.1014492753623188,0.4190814113936527,-0.3068028689415344,-0.3271629380320728,,,,0.047025432669132,,,,,-0.5196165191740413,,0.5205843293492696,0.0,0.1886409736308316,0.5960264900662252,,,1.8540372670807448,,,,,-0.5178346621905161,,0.1119081779053084,,,,,2.3094202898550726,,,0.519327731092437,0.0,0.0,0.306477093206951,0.535031847133758,1.46875,,4.410453497309762,,-5.360064153969527,0.0,11.568487018800358,,-5.52122885743873,0.4102564102564102,0.6153846153846154,,,,0.0,-0.0109890109890109,0.0,0.8782435129740519,0.2914020937017333,41.640625,0.258920113672245,0.0818124606670862,0.0,0.0,-0.1945945945945946,,14.6247,-0.047035887860732
2007-06-30,-0.1871870732817478,-0.1690283400809716,,2.2127123977344243,-0.4717759634799403,0.0148450547411393,,0.6872942725477288,0.0,,-0.8500315059861374,-0.029040404040404,0.2893890675241157,-0.3233843758110563,1.0457107075767065,,0.1103388357949609,,-0.6896382587369712,0.2344045368620037,,-0.7244027303754266,0.4423054070112893,-0.7662263067202757,0.5937599490608086,,,0.909952606635071,0.4334152334152334,-1.4154578913184672,-0.0552268244575936,-0.2554136590782898,,,,0.0755705200149644,,0.0,,,,,-0.3293357933579335,,-0.512031466913466,,,,-0.6070484581497797,,,,,-0.1819891580927093,0.3142124975359747,-0.4092153879591393,-0.4437735101960008,,,,0.1003209230274817,,,,,-0.0712389380530973,,0.1062416998671978,-0.030441400304414,0.0,0.1214128035320088,,,1.7070393374741202,,,,,-0.2694083088543852,,0.6169296987087518,,,,,1.0340579710144928,,-0.4,-0.5759103641456582,0.0,0.0,1.3048973143759874,1.0764331210191085,0.375,-0.7749360613810742,1.148347425057648,,0.2919005613472333,-0.2512506948304613,-1.8603401969561324,,0.5609250949257854,0.283807516684229,0.4538461538461538,,,,0.0,-0.0109890109890109,0.0,2.155688622754491,0.2478119100737944,38.828125,0.0031575623618566,1.83763373190686,0.0,0.0,0.8540540540540541,,15.7024,-0.0580996635154622
2007-03-31,-0.3532089212562585,-0.2054655870445344,,1.1290119572057895,-0.6949345974892459,0.0055668955279272,,0.71669958305903,0.0,,-0.6364209199747952,0.279040404040404,0.1318327974276527,0.2626524785881131,1.0244207889793362,,-0.1637706342311033,,-0.8801961986511343,-0.4054820415879017,,-0.9502275312855518,0.3771836007130125,-1.0014933946008042,0.2785737026424705,,,0.0189573459715639,0.3027027027027027,-1.2994154578913184,0.0276134122287968,-0.2787340366463076,,,,-0.0942760942760942,,0.0,,,,,-0.3809963099630996,,-0.5843745179700756,,,,-0.7480176211453744,,,,,-0.3434008186746321,0.3008082002759708,-0.4379048033036296,-0.4764403088497327,,,,0.0289387270729207,,,,,-1.0255162241887903,,-1.0730411686586985,0.5185185185185185,0.0983772819472616,0.2781456953642384,,,0.1024844720496894,,,,,-0.8157784305497272,,-0.2410329985652797,,,,,-6.969565217391304,,16.764912280701754,0.4605042016806722,0.0,0.0,-0.1074249605055292,0.3949044585987261,0.3125,-0.7800511508951407,3.884704073789393,,-0.2983159582999198,-0.5291828793774319,-1.4377797672336616,,-0.0742147048671039,0.391289076220583,0.3461538461538461,,,,0.0,-0.0109890109890109,0.0,-0.249500998003992,0.1740175047194096,41.21875,-0.0562046100410483,1.0950283196979231,0.0,0.0,-0.081081081081081,,15.317,-0.0193298387460751
2006-12-31,-0.3532089212562585,1.1852226720647774,,0.7023285084959093,-0.6949345974892459,-0.0207830766375951,,0.7759490893131447,0.0,,-0.6364209199747952,0.4558080808080808,0.1221864951768488,0.5128471321048533,1.0244207889793362,,-0.1637706342311033,,-0.8801961986511343,-0.4054820415879017,,-0.9502275312855518,,-1.2353819643882826,0.2785737026424705,,,0.8846761453396524,0.3027027027027027,-1.5804286642130332,0.0276134122287968,-0.3864519711271516,,,,-0.0897867564534231,,0.0,,,,,0.1023985239852398,,,,,,,,,,,-0.6863591105210753,,-0.4379048033036296,,,,,0.0285840863399609,,,,,-1.0255162241887903,,-1.0730411686586985,0.5185185185185185,0.0983772819472616,0.2781456953642384,,,1.8540372670807448,,,1.123404255319149,,-0.322282836760386,,-0.2410329985652797,,,,,2.2115942028985507,,,0.4605042016806722,0.0,0.0,-0.1074249605055292,-0.3057324840764331,2.46875,,3.884704073789393,,-0.8211708099438653,-0.5291828793774319,,,-0.0742147048671039,0.391289076220583,0.5153846153846153,,,,21000000.0,-0.0109890109890109,0.0,-0.249500998003992,0.1740175047194096,41.21875,0.1004104831070413,1.0950283196979231,0.0,0.0,0.0378378378378378,,15.7452,-0.1110082615485366
2006-09-30,-0.2652480655439235,0.9149797570850202,,1.1516677155443675,-0.467386533227987,-0.1291519762479124,,0.793943383805135,0.0,,-0.6420919974795211,-0.2765151515151515,0.1093247588424437,-0.4126654554892291,1.432686286787727,,0.237619461337967,,-0.699202942979767,0.1323251417769376,,-0.6476109215017065,0.3424836601307189,-0.7287765651924182,0.3782234957020057,,,-0.0932069510268562,0.283046683046683,-1.251786100887638,-0.0157790927021696,-0.0799555802332037,,,,-0.3045267489711934,,0.0,,,,,-0.0608856088560885,,-0.5134197130957889,,,,-0.6660792951541851,,,,,-0.2578825091271158,0.5578553124383994,-0.3808737231036731,-0.4115026727380717,,,,-0.0188101730676528,,,,,-0.3441002949852507,,1.7768924302788844,-0.150177574835109,0.5182555780933062,0.8079470198675497,,,1.5890269151138716,,,,,-0.4381032312211498,,-0.212338593974175,,,,,4.26231884057971,,,1.1047619047619048,0.0,0.0,-1.3238546603475514,0.6751592356687898,0.625,,0.5718677940046119,,-4.5870088211708095,0.8293496386881601,12.513876454789616,,-4.689333793579565,0.071654373024236,0.8846153846153846,,,,-21000000.0,-0.0109890109890109,0.0,0.1596806387225549,0.1812253303586751,34.109375,0.1174613198610672,-3.5997482693517937,0.0,0.0,-1.7351351351351352,,14.7745,0.0299570205421503
2006-06-30,-0.3748293126991351,0.9190283400809716,,0.935179358086847,-0.4773944342024405,-0.2115420300612358,,0.7039719113451832,0.0,,-0.4278512917454316,-0.3674242424242424,0.1221864951768488,-0.4064365429535427,0.6712586098935505,,-0.0951346655082537,,-0.5285101164929491,-0.440453686200378,,-0.6225824800910125,0.3405822935234699,-0.7807007466973004,0.1397644062400509,,,-0.3285939968404423,0.3253071253071253,-0.9512881576098724,-0.0631163708086785,-0.0299833425874514,,,,-0.722035166479611,,0.0,,,,,0.0304428044280442,,-0.5464291223199136,,,,-0.5099118942731278,,,,,-0.3644208430136077,0.0784545633747289,-0.4201695283633992,-0.4562462878637893,,,,0.0409965308037283,,,,,0.0010324483775811,,-0.0053120849933598,-0.1380010147133434,-0.1501014198782961,-0.0838852097130242,,,0.3716356107660455,,,,,-0.2324800671422576,,-0.3185078909612625,,,,,0.9543478260869566,,,0.076750700280112,0.0,0.0,0.5592417061611374,0.5732484076433121,0.40625,,0.4873174481168332,,-4.484362469927826,0.1300722623679822,10.032229185317815,,-4.5788746979634105,0.0266947664207938,0.5307692307692308,,,,21000000.0,-0.0109890109890109,0.0,0.4790419161676646,0.1427835936159258,33.109375,0.0814651089359014,0.0566393958464443,0.0,0.0,0.3513513513513513,,13.1686,-0.0108363835183694
2006-03-31,-0.5501820664542558,0.931174089068826,,0.2781623662680931,-0.4938986919497849,-0.50918537762108,,0.6377002413868773,0.0,,-0.7555135475740391,-0.4583333333333333,0.1607717041800643,-0.4718401245782507,0.6324358171571697,,0.0,,-0.4696505211526671,-0.0793950850661625,,-0.5631399317406144,0.3120617944147356,-0.8365307294658242,-0.145813435211716,,,-0.6714060031595577,0.0216216216216216,-0.9348343797358736,-0.2011834319526627,-0.0433092726263187,,,,-0.8881406659184437,,0.0,,,,,-0.2057195571955719,,-0.6457658491439149,,,,-0.5788546255506608,,,,,-0.5349043035734041,0.0540114330770747,-0.5109324059986959,-0.5595921599683231,,,,0.0099000919132459,,,,,-0.3927728613569322,,0.6268260292164675,-0.3186199898528665,-0.0892494929006085,0.5033112582781457,,,0.1252587991718426,-0.7482993197278912,,,,-0.4448174569869912,,-0.4505021520803443,,,,,-3.491304347826087,,10.070175438596491,0.9507002801120448,0.0,0.0,0.4170616113744075,-0.0318471337579617,0.28125,,3.64488854727133,,0.3736968724939856,0.1445247359644246,-0.7681289167412713,,0.6489471867449085,-0.0126448893572181,0.4692307692307692,,,,0.0,-0.0109890109890109,0.0,0.3493013972055888,0.1204736571134374,32.234375,0.0435743605936217,-0.0818124606670862,0.0,0.0,1.0594594594594595,,12.1765,0.0697573194267646
2005-12-31,-0.5560992262175695,1.2651821862348178,,0.9364380113278792,-0.3973312264068124,-0.6654295787715717,,0.5740618828176431,0.0,,-2.2879647132955263,-0.4659090909090909,0.2443729903536977,-0.4697638203996885,0.095178459611772,,-0.0160729800173761,,-0.2322501532801962,0.0321361058601134,,-0.4098407281001137,0.291146761734997,-0.9006318207926479,-0.1127029608404966,,,-0.8278041074249605,0.054054054054054,-1.0093093743234467,-0.291913214990138,-0.0544142143253747,,,,0.6494575383464273,,0.0,,,,,-0.3773062730627306,,-0.6698287829708468,,,,-0.4495594713656388,,,,,-0.5406571523398606,-0.2842499507194954,-0.5286676809389264,-0.5797861809542665,,,,-0.0192924847152805,,,,,-0.373598820058997,,-0.4355909694555113,0.0781329274479959,-0.0983772819472616,-0.3178807947019867,,,0.2349896480331263,-0.6122448979591837,,0.5531914893617021,,-0.4137641628199748,,-0.6857962697274032,,,,,2.273188405797101,,-2.9964912280701754,0.138375350140056,0.0,0.0,0.0853080568720379,0.1464968152866242,-0.03125,,-0.1168332052267486,,-0.2197273456295108,-0.4157865480822679,-1.2479856759176364,,0.0103555402140144,0.0330172110994028,0.7846153846153846,,,,0.0,-0.0109890109890109,0.0,0.2395209580838323,0.0157885704479148,33.25,0.095989895800442,0.7614852108244179,0.0,0.0,1.5675675675675675,,11.32,0.1413413009953735
2005-09-30,-0.5256030951297224,0.9524291497975708,,0.3335431088735053,-0.39943815292775,-0.5989979588049731,,0.7171384682905421,0.0,,-0.8487712665406427,-0.2058080808080808,0.2282958199356913,-0.5060991435245263,-0.1765810895428929,,-0.0443092962641181,,-0.2523605150214592,-0.2599243856332703,,-0.4948805460750853,,-0.8748994830557151,-0.090417064629099,,,,0.171990171990172,-0.8395756657285126,-0.126232741617357,-0.1565796779566907,,,,-0.9233071455293678,,0.0,,,,,-0.4206642066420664,,,,,,,,,,,-0.6788361544418631,,-0.4914583786133449,,,,,-0.0016946116266936,,,,,-0.6892330383480826,,-0.549800796812749,-0.0984271943176052,-0.3184584178498986,0.3267108167770419,,,0.0714285714285714,0.1088435374149659,,,,-0.2089802769618128,,-0.6571018651362984,,,,,0.4869565217391304,,,0.9282913165266108,0.0,0.0,0.7804107424960506,0.1146496815286624,0.09375,,-0.9254419677171408,,-0.3704891740176423,0.1056142301278488,,,0.6472212633759061,-0.1461187214611872,0.5692307692307692,,,,0.0,-0.0109890109890109,0.0,0.8483033932135728,0.0549167667753561,29.265625,-0.0808335964635301,0.13215859030837,0.0,0.0,0.4648648648648649,,11.7268,-0.0681601118804789
2005-06-30,-0.5560992262175695,0.95748987854251,,0.34235368156073,-0.3973312264068124,-0.6706253479309705,,0.5964450296247531,0.0,,-2.2879647132955263,-0.2626262626262626,0.2443729903536977,-0.4977939268102777,0.095178459611772,,-0.0160729800173761,,-0.2322501532801962,0.0321361058601134,,-0.4098407281001137,,-0.9240666283744974,-0.1127029608404966,,,,0.054054054054054,-0.8439056072743018,-0.291913214990138,-0.1221543586896168,,,,-0.8769173213617658,,0.0,,,,,-0.4059040590405904,,,,,,,,,,,-0.6988604934174134,,-0.5286676809389264,,,,,-0.0192924847152805,,,,,-0.373598820058997,,-0.4355909694555113,0.0781329274479959,-0.0983772819472616,-0.3178807947019867,,,0.0175983436853002,-0.6122448979591837,,,,-0.3483004616030214,,-0.6857962697274032,,,,,0.5992753623188406,,,0.138375350140056,0.0,0.0,0.0853080568720379,-0.3821656050955414,-0.03125,,3.1760184473481936,,-0.723336006415397,-0.4157865480822679,,,0.0103555402140144,0.0330172110994028,0.7846153846153846,,,,0.0,-0.0109890109890109,0.0,0.2395209580838323,0.0157885704479148,33.25,0.0839911588253868,0.7614852108244179,0.0,0.0,-0.2216216216216216,,11.6912,-0.084858697139729
2005-03-31,-0.5238962221210742,-0.5526315789473685,,-0.1686595342983008,-0.4798525151435344,-0.47244386713676,,0.4581961816984858,0.0,,-0.4190296156269691,-0.4722222222222222,0.2636655948553054,-0.3996885543732156,0.8027551659361303,,-0.1350999131190269,,-0.3462906192519926,0.0113421550094517,,-0.3813993174061433,0.2412358882947118,-1.0003446295232623,-0.2527857370264247,,,-0.8120063191153238,-0.0471744471744471,-0.7897813379519376,-0.3865877712031558,-0.0410882842865074,,,,-1.102132435465769,,0.0,,,,,0.1346863468634686,,-0.5583063396575659,,,,-0.4927312775330396,,,,,-0.5093483792454918,0.1612458111571062,-0.4815474896761573,-0.5261334389229856,,,,-0.0231002123742212,,,,,-0.2438053097345132,,0.448871181938911,-0.0832064941653982,0.0780933062880324,0.108167770419426,,,-0.1335403726708074,-0.6802721088435374,,,,-0.3441040704993705,,-0.6542324246771879,,,,,0.0340579710144927,,2.294736842105263,0.6481792717086835,0.0,0.0,0.3759873617693522,0.1719745222929936,0.09375,,0.3136049192928516,,0.1876503608660785,0.2123401889938855,-0.1342882721575649,,-4.119779081808768,-0.1601685985247629,0.7230769230769231,,,,0.0,-0.0109890109890109,0.0,0.6786427145708582,0.0078942852239574,28.953125,-0.0953583833280707,0.2013845185651353,0.0,0.0,-0.0324324324324324,,11.6912,-0.0659384836458191
2004-12-31,-0.5160446062812927,1.2004048582995952,,0.5198237885462555,-0.439469756825564,-0.5106698830951939,,0.3809523809523809,0.0,,-0.502835538752363,-0.3143939393939394,0.0,-0.358681546846613,0.1289918597370069,,-0.2536924413553432,,-0.1559779276517474,-0.1153119092627599,,-0.3137087599544937,0.2284016636957813,-1.010224009190121,-0.2394141992995861,,,-0.7693522906793049,-0.0196560196560196,-0.6074907988742152,-0.3668639053254438,0.0,,,,-1.0594837261503929,,0.0,,,,,-0.0940959409594096,,-0.554141601110597,,,,-0.3819383259911894,,,,,-0.5017147914592323,-0.2629607727183126,-0.4876331232340795,-0.5330627598495348,,,,-0.0522504817884896,,0.693950177935943,,,-0.2718289085545722,,-0.4355909694555113,0.1055301877219685,-0.0709939148073022,-0.0353200883002207,,,,,,,,-0.3785144775493076,,-0.5882352941176471,,,,,0.3456521739130435,,1.0456140350877192,0.4016806722689076,0.0,0.0,0.0,-0.2738853503184713,0.1875,,2.983858570330515,,0.1202886928628708,0.1745414118954975,-0.1056401074306177,,-4.066275457369692,-0.1819459079733052,0.9230769230769232,,,,0.0,-0.0109890109890109,0.0,-0.0998003992015968,-0.027115153595332,28.46875,-0.1092516577202399,0.0188797986154814,0.0,0.0,-0.5891891891891892,,9.7569,0.154352304522953
2004-09-30,-0.4905553026854802,0.8785425101214575,,0.8797986154814349,-0.2958475989816522,-0.590462052328818,,0.674566600833882,-0.3333333333333333,,-0.5431632010081916,-0.5227272727272727,-0.0064308681672025,-0.0321827147677134,0.3469004383218534,,0.1225021720243266,,-0.2165542611894543,0.1805293005671077,,-0.3344709897610921,-0.1727866904337492,-0.9458931648477886,-0.1846545686087233,,,,-0.2732186732186732,-0.7971422385797792,-0.4852071005917159,-0.1288173237090505,,,,-0.5402169846614291,,-0.3333333333333333,,,,,0.3182656826568266,,-0.5461206231682862,,,,-0.392511013215859,,,,,-0.4769332890806505,-0.1257638478218017,-0.5451858291675723,-0.5985943377549,,,,0.0134358370097437,,,,,0.0202064896755162,,0.9136786188579016,-0.2333840690005073,0.1054766734279918,0.0794701986754966,,,-0.1149068322981366,,,,,-0.370960973562736,,-0.7977044476327116,,,,,0.0884057971014492,,2.049122807017544,0.7518207282913165,0.0,0.0,0.2243285939968404,-0.2738853503184713,-0.1875,,0.1983089930822444,,0.1331194867682437,0.1589772095608671,-0.1844225604297224,,-3.8091128753883328,-0.2866174920969441,0.7461538461538462,,,,0.0,-0.0109890109890109,0.0,0.1996007984031936,-0.0683027286768491,26.140625,-0.1881907167666561,0.1510383889238515,0.0,0.0,-0.3351351351351351,,7.1303,0.5795829067500666
2004-06-30,-0.5996813837050523,0.8785425101214575,,0.7312775330396476,-0.408743745061891,-0.6854704026721099,,0.5727452271231073,-0.3333333333333333,,-0.6313799621928167,-0.8181818181818182,-0.0064308681672025,-0.0903192317674539,-0.071383844708829,,-0.0738488271068636,,-0.1770692826486818,-0.0803402646502835,,-0.383674630261661,-0.1879976232917409,-0.9966685812751293,-0.3839541547277937,,,,-0.4226044226044226,-0.7620697120588872,-0.571992110453649,-0.0666296501943364,,,,-0.6030677141788253,,-0.3333333333333333,,,,,0.9492619926199262,,-0.5974857319142373,,,,-0.4345814977973568,,,,,-0.5830290961389534,-0.3891188645771732,-0.583612258204738,-0.6423480498911107,,,,0.0399003679682108,,,,,-0.5063421828908554,,0.3665338645418327,-0.3632673769660071,-0.2332657200811359,-0.5783664459161147,,,-0.0817805383022774,,,,,-0.5060847671002937,,-0.8952654232424677,,,,,-0.8065217391304348,,2.407017543859649,0.0123249299719887,0.0,0.0,-0.0442338072669826,-0.0318471337579617,-0.125,,0.0707148347425057,,-0.0689655172413793,0.0066703724291272,-0.2238137869292748,,-3.734898170521229,-0.3168247277836319,0.6692307692307692,,,,0.0,-0.0109890109890109,0.0,0.0099800399201596,-0.1232194954522052,25.46875,-0.2368171771392485,0.2076777847702957,0.0,0.0,0.081081081081081,,7.0875,-0.0694885361552029
2004-03-31,-0.5158170232134729,0.8836032388663968,,1.2284455632473257,-0.2621367746466508,-0.7214696604193728,,0.5960061443932412,-0.3333333333333333,,-0.6553245116572148,-0.3813131313131313,0.0096463022508038,0.0352971710355567,-0.2316844082654978,,0.235881841876629,,-0.0461066830165542,0.501890359168242,,-0.268202502844141,-0.2364824717765894,-0.9511774842044802,-0.2893982808022922,,,,-0.3842751842751842,-0.8434726131197229,-0.6074950690335306,-0.0177679067184897,,,,-0.570894126449682,,-0.3333333333333333,,,,,0.4529520295202952,,-0.5296159185562239,,,,-0.4077092511013216,,,,,-0.5014935280451377,-0.4900453380642617,-0.5491849597913497,-0.6031478915066324,,,,-0.1881017306765282,,,,,-0.5550147492625369,,-1.6122177954847277,0.2628107559614409,-0.3630831643002028,-0.1545253863134658,,-2.0727272727272728,-0.1418219461697722,-0.8571428571428571,,,,-0.527066722618548,,-0.8866571018651362,,,,,-0.2630434782608695,,1.2280701754385963,0.5417366946778711,0.0,0.0,-0.0063191153238546,-0.1656050955414012,0.0625,,0.1199077632590315,,0.0304731355252606,0.0767092829349638,-0.2202327663384064,,0.2692440455643769,-0.3610818405338953,0.9230769230769232,,,,0.0,-0.0109890109890109,0.0,0.059880239520958,-0.1252788742062811,24.484375,-0.260814651089359,0.1762114537444934,0.0,0.0,-0.4972972972972973,,6.0883,-0.0750291542795197
2003-12-31,-0.4964724624487938,0.8805668016194332,,0.5512901195720579,-0.093231498551488,-0.8817962516236778,,0.5990783410138248,-0.3333333333333333,,-0.6855702583490864,-0.433080808080808,0.0,0.0321827147677134,0.5410144020037571,,0.4695916594265856,,0.0220723482526057,0.9111531190926276,,-0.0136518771331058,-0.0587046939988116,-0.9348650201033888,-0.2559694364851958,,,-0.2385466034755134,-0.3773955773955774,-0.643429313704265,-0.5325443786982249,0.0910605219322598,,,,-1.138047138047138,,-0.3333333333333333,,,,,-2.6983394833948338,,-0.5195896961283356,,,,-0.3143171806167401,,,,,-0.4826861378471069,-0.0035481963335304,-0.5368398174309933,-0.5890912690556326,,,,-0.1834225841298823,,,,,-0.3957227138643068,,0.7171314741035857,-0.0010147133434804,0.2626774847870182,0.1876379690949227,,,1.9803312629399583,,,,,-0.4431389005455308,,-0.4275466284074605,,,,,-2.183333333333333,,10.89122807017544,0.5277310924369748,0.0,0.0,0.0473933649289099,-0.2929936305732484,0.4375,,2.282859338970023,,0.0593424218123496,-0.0233463035019455,-0.6069829901521934,,0.3106662064204349,-0.4973656480505795,0.6,,,,42000000.0,-0.0109890109890109,0.0,0.0798403193612774,-0.1836279389050969,21.453125,-0.2229239027470792,-0.3650094398993077,0.0,0.0,-0.6702702702702703,,6.7378,0.0190566653803912
2003-09-30,-0.4383249886208466,0.8876518218623481,,0.7992448080553808,-0.0270388903520323,-0.8662089441454816,,0.4283519859556726,-0.3333333333333333,,-0.4057971014492754,-0.1931818181818181,0.022508038585209,0.0539839086426161,0.2154038822792736,,0.929192006950478,,0.0998160637645616,2.351606805293005,,0.0025597269624573,-0.0715389185977421,-0.833543940264216,-0.2470550780006367,,,,-0.3105651105651105,-0.92833946741719,-0.4418145956607495,0.005552470849528,,,,-1.4186307519640853,,-0.3333333333333333,,,,,1.2306273062730628,,-0.4450871510103347,,,,-0.4643171806167401,,,,,-0.4261533355459674,-0.2085550956041789,-0.4601608346011737,-0.5017818253811126,,,,-0.0836007702345777,,,,,-0.3588495575221239,,-0.4409030544488712,0.1775748351090816,-0.0010141987829614,-0.2693156732891832,,,,,,,,-0.4204783885858162,,-0.5566714490674318,,,,,0.9869565217391304,,,0.0739495798319327,0.0,0.0,-0.2338072669826224,-0.2738853503184713,-0.3125,,0.0799385088393543,,-0.2101042502004811,-0.3524180100055586,-1.0653536257833482,,0.0207110804280289,-0.2142606252195293,1.0076923076923077,,,,1000000.0,-0.0109890109890109,0.0,-0.3792415169660678,-0.1029689377037926,27.75,-0.203347016103568,0.4405286343612334,0.0,0.0,-0.3567567567567568,,5.296,0.0983761329305135
2003-06-30,-0.0124032771961766,0.8765182186234818,,1.1353052234109502,0.7205688701606532,-1.0447207274076824,,1.5641869651086242,-0.3333333333333333,,-0.4536862003780718,1.4330808080808082,-0.0128617363344051,1.745133662081495,1.0594865372573576,,2.144656820156386,,-0.0071122011036174,2.5198487712665405,,0.0702502844141069,-0.0819964349376114,-0.8151636990235497,-0.1181152499204075,,,,-0.4452088452088452,-0.8586274085299849,-0.4536489151873767,0.0410882842865074,,,,-1.705200149644594,,-0.3333333333333333,,,,,4.237084870848708,,0.0697979330556841,,,,-0.1427312775330396,,,,,-0.0120588560681491,0.3228858663512714,-0.4462508150402086,-0.4859433775490002,,,,-0.2308521251521133,,,,,0.6131268436578171,,1.3280212483399734,-0.319634703196347,0.1774847870182555,-0.3509933774834437,,,0.1935817805383022,,,,,0.1326059588753672,,-0.5480631276901005,,,,,-0.6144927536231884,,2.7508771929824563,-0.0380952380952381,0.0,0.0,-0.1295418641390205,-0.375796178343949,-0.4375,,-0.1706379707916987,,-3.8091419406575775,-0.6003335186214563,6.171888988361683,,-3.852260959613393,-0.2690551457674745,1.6615384615384616,,,,0.0,-0.0109890109890109,0.0,-0.2395209580838323,-0.1475888107087695,26.53125,-0.1825071045153141,1.516677155443675,0.0,0.0,0.0594594594594594,,4.5323,0.0251969198861503
2003-03-31,-0.1590805644060081,0.8775303643724697,,1.15921963499056,0.5657097708717409,-1.1746149563926518,,1.4794821154268158,-0.3333333333333333,,-0.3724007561436673,0.9116161616161615,-0.0096463022508038,1.581624708019725,-0.1778334376956793,,1.8175499565595128,,0.1309625996321275,2.0160680529300565,,-0.0506257110352673,-0.2431372549019607,-0.9047673750717978,-0.3040432983126392,,,,-0.4471744471744471,-0.7824204373240962,-0.4891518737672584,0.011104941699056,,,,-1.809951365506921,,-0.3333333333333333,,,,,3.9649446494464944,,-0.0389480178929507,,,,-0.1711453744493392,,,,,-0.1546631264520411,-0.4561403508771929,-0.514062160399913,-0.5631558107305484,,,,-0.2468835215129433,,,1.3918291550603528,,-0.3160766961651917,,1.0730411686586985,-0.7194317605276509,-0.31947261663286,-0.1015452538631346,,,,,,,,-0.3961393201846412,,-0.6714490674318508,,,,,-9.759420289855072,,1.9649122807017545,0.3988795518207283,0.0,0.0,-0.0853080568720379,-0.3694267515923566,-0.53125,,0.0,,-3.637530072173216,-0.2934963868816009,6.777081468218443,,-3.667587159130135,-0.3442219880576045,1.6076923076923078,,,,0.0,-0.0109890109890109,0.0,-0.1796407185628742,-0.1369486871460442,24.859375,-0.2330281023050205,0.6482064191315292,0.0,0.0,0.0162162162162162,,2.5838,0.1850762442913537
2002-12-31,-0.0558716431497496,0.8906882591093117,,1.0031466331025802,0.7574400842770609,-1.247726850992763,,0.4301075268817204,-0.3333333333333333,,-0.4316320100819155,4.616161616161616,0.0321543408360128,2.1437840643654296,-0.6574827802128992,,0.4800173761946134,,0.3570815450643776,1.379017013232514,,0.1026734926052332,-0.2607248960190136,-0.8565192418150488,-0.4269340974212034,,,-0.3728278041074249,-0.3253071253071253,-0.2571985278198744,-0.5009861932938856,-0.0044419766796224,,,,-1.859334081556304,,-0.3333333333333333,,,,,1.0710332103321034,,0.16049668363412,,,,0.7475770925110132,,,,,-0.0543201681601947,-0.7581312832643406,-0.4775483590523799,-0.5215798851712532,,,,-0.379285517615278,,,,,-0.2364306784660766,,-0.4913678618857902,-0.5104008117706748,-0.7079107505070994,-0.3200883002207506,,,0.9285714285714286,,3.087912087912088,1.421276595744681,,-0.4120856063785145,,-0.3586800573888092,,,,,-4.6579710144927535,,32.79298245614035,-0.1837535014005602,0.0,0.0,-8.76777251184834,-0.6305732484076433,-0.0625,,2.35511145272867,,-6.880513231756215,-1.8010005558643691,9.162041181736797,,-7.15740421125302,1.076220583069898,0.4692307692307692,,,,0.0,-0.0109890109890109,0.0,-1.2674650698602794,-0.1674961386648361,56.453125,-0.4603725923586991,-4.103209565764632,0.0,0.0,-0.6918918918918919,,2.1555,0.1920668058455115
2002-09-30,0.2616067364588074,1.5506072874493928,,1.4449339207048455,0.7486612237731542,-0.2256448320653182,,0.4845292955892034,-0.6666666666666666,,1.3119092627599245,-0.2992424242424242,2.1286173633440515,1.0936932260576175,-0.4132748904195366,,1.2393570807993048,,1.0705088902513795,2.965028355387524,,0.985494880546075,-0.2816399286987522,0.0900631820792648,-0.2063037249283667,,,-0.5102685624012638,-0.2977886977886977,0.3602511366096557,-0.0315581854043392,-0.0644086618545252,,,,-1.8353909465020577,,-0.6666666666666666,,,,,1.6125461254612543,,0.4839580441153787,,,,0.3515418502202643,,,,,0.2543422945016041,-0.6043761088113542,0.2388176483373179,0.2941001781825381,,,,-0.3699334036638389,,,,,0.0644542772861356,,-0.1142098273572377,-0.45662100456621,-0.5101419878296146,-0.7704194260485652,,,0.9347826086956522,,,,,-0.1796055392362568,,-0.1377331420373027,,,,,0.3275362318840579,,2.0701754385964914,-0.9708683473389356,0.0,0.0,-0.9004739336492891,-0.375796178343949,-1.0625,,-0.0184473481936971,,-3.8941459502806737,-0.5113952195664258,6.64816472694718,,-3.943734898170521,-0.2318229715489989,1.3923076923076922,,,,-127000000.0,-0.0109890109890109,0.0,-1.037924151696607,-0.1661232194954522,27.359375,-0.2791285127881275,0.3398363750786658,0.0,0.0,-0.6918918918918919,,1.7915,-0.167345799609266
2002-06-30,0.5015930814747382,1.7753036437246963,,1.5707992448080554,0.9177420770783952,0.1818519205789571,,0.5766951942067149,-0.6666666666666666,,1.5097668557025834,-0.058080808080808,2.842443729903537,1.6568907344926032,-0.3469004383218534,,1.108601216333623,,1.1531575720416922,2.318525519848772,,1.0964163822525597,-0.2901960784313726,0.2419299253302699,-0.0907354345749761,,,-0.4739336492890995,-0.0982800982800982,0.8252868586274086,-0.0039447731755424,0.1277068295391449,,,,-1.235316124205013,,-0.6666666666666666,,,,,2.2001845018450186,,0.7532778034860405,,,,0.6299559471365639,,,,,0.4876645646642327,-0.5625862408831066,0.3537491849597913,0.4249653533953672,,,,-0.3918786055761005,,,,,-0.1317109144542773,,-0.7304116865869854,-0.167427701674277,-0.4563894523326572,-0.0838852097130242,,,0.0486542443064182,,,,,-0.2912295425933697,,0.3988522238163558,,,,,1.9833333333333327,,,-0.6235294117647059,0.0,0.0,-0.7804107424960506,-0.5031847133757962,-0.5625,,-0.2490392006149116,,-0.4250200481154771,-0.3913285158421345,-0.7108325872873769,,-0.2105626510182948,-0.25430277485072,1.1923076923076923,,,,127000000.0,-0.0109890109890109,0.0,-0.6686626746506986,-0.168525828041874,0.4375,-0.1888222292390274,-0.1825047199496538,0.0,0.0,-1.2972972972972974,,3.5545,0.069631363370392
2002-03-31,0.6752389622212107,2.628542510121457,,1.1655129011957206,0.9985075937143358,0.4594544442382631,,0.358130348913759,-0.6666666666666666,,1.5822306238185255,-1.1224747474747474,5.553054662379421,1.3573838567350116,0.0100187852222917,,0.8861859252823632,,1.3944819129368486,2.18241965973535,,1.4573378839590443,-0.2987522281639929,0.6093049971280873,0.0697230181470869,,,-0.0868878357030015,0.3941031941031941,1.437107599047413,0.1538461538461538,0.2720710716268739,,,,-0.7482229704451927,,-0.6666666666666666,,,,,0.4898523985239852,,0.9109208699676076,,,,0.8440528634361234,,,,,0.6564885496183206,-0.3378671397595111,0.6317757009345795,0.7415363294397149,,,,-0.3730684325084477,,,,,0.6205014749262537,,1.0650730411686586,-0.5641806189751395,-0.1673427991886409,0.3443708609271523,,,-0.0238095238095238,,,,,0.136802349979018,,0.4418938307030129,,,,,3.4036231884057973,,,-0.1221288515406162,0.0,0.0,0.4992101105845181,-0.5031847133757962,-0.5625,,0.1952344350499615,,0.0417000801924619,-0.1967759866592551,-1.126230975828111,,0.2916810493614084,-0.045662100456621,0.6692307692307692,,,,0.0,-0.0109890109890109,0.0,0.4790419161676646,0.0332932898575596,0.40625,0.0,0.5475141598489616,0.0,0.0,-0.0864864864864864,,6.4237,-0.1868177549229419
2001-12-31,0.2809512972234865,2.7327935222672064,,0.4820641913152926,0.1197436572732859,0.9344961959547226,,0.2190037305244678,-0.6666666666666666,,1.7794580970384373,-2.91540404040404,5.884244372990354,1.1409291461199065,-0.4796493425172198,,-0.1585577758470895,,0.8645003065603925,0.7466918714555766,,0.7315130830489193,-0.3020796197266785,0.1975875933371625,-0.3301496338745622,,,-0.0631911532385466,0.0029484029484029,0.9898246373673956,0.4536489151873767,-0.359800111049417,,,,-0.019453797231575,,-0.6666666666666666,,,,,-6.154981549815498,,0.5701835569952183,,,,0.2713656387665198,,,,,0.2731496846996349,-0.6461659767396019,0.3201912627689632,0.386755098000396,,,,-0.3909565371623819,,,,,-0.1022123893805309,,-0.9694555112881806,-0.1836631151699644,-0.563894523326572,-0.2008830022075055,,,2.580745341614907,-0.7619047619047619,,6.391489361702128,,-0.2475870751154007,,1.1678622668579628,,,,,-2.4840579710144928,,6.757894736842105,-1.522689075630252,0.0,0.0,0.6824644549763034,-0.2038216560509554,-0.40625,,0.1675634127594158,,0.0962309542902967,-0.2156753752084491,-1.3088630259623992,,0.3503624439074905,-0.3645943097997892,-0.0461538461538461,,,,0.0,-0.0109890109890109,0.0,0.5189620758483033,-0.1108632229277501,-0.40625,-0.2538680138932744,0.868470736312146,0.0,0.0,0.3189189189189189,,11.6697,-0.0183466584402341
2001-09-30,0.2405553026854802,,,-0.303335431088735,0.2033184092704767,0.7819632584895156,,0.4731182795698925,-0.6666666666666666,,1.7466918714555766,-3.421717171717172,,1.3926810277705683,-0.0100187852222917,,-0.0173761946133796,,0.7467811158798283,0.5519848771266541,,0.7016496018202503,-0.3106357694592989,0.0730614589316484,-0.4250238777459408,,,,-0.0088452088452088,1.141805585624594,0.3076923076923077,-0.4131038312048862,,,,-0.2745978301533857,,-0.6666666666666666,,,,,2.6715867158671585,,0.5613913311738393,,,,0.3046255506607929,,,,,0.2338754286978648,-0.3504829489453972,0.2259508802434253,0.2794496139378341,,,,-0.3856085478868829,,,,,1.3078171091445427,,0.3107569721115538,-0.2922374429223744,-0.1835699797160243,-0.6026490066225165,,,2.2453416149068324,-0.7619047619047619,,,,0.5228703315148971,,1.7302725968436157,,,,,0.7043478260869566,,,-2.581512605042017,0.0,0.0,-0.4265402843601896,-0.6687898089171974,-0.84375,,-0.1475787855495772,,-0.2694466720128308,-0.3157309616453585,-0.8146821844225605,,-0.0431480842250604,-0.2262030207235686,-0.0076923076923076,,,,0.0,-0.0109890109890109,0.0,-0.5588822355289421,-0.1215033464904753,-0.046875,-0.143984843700663,0.0,0.0,0.0,-1.481081081081081,,9.4357,0.0987716448978658
2001-06-30,0.1436049157942649,,,0.0,-0.0927047669212536,0.9790313601781406,,0.4165020847048497,-0.6666666666666666,,1.7448015122873346,-3.492424242424242,,1.5743576433947573,-0.1440200375704445,,0.0708079930495221,,0.4161863887185775,0.8676748582230623,,0.2878270762229806,-0.3134878193701723,-0.2191843767949454,-0.4027379815345431,,,,-0.0255528255528255,0.3671790430829184,0.1222879684418146,-0.4153248195446974,,,,0.1294425738870183,,-0.6666666666666666,,,,,2.915129151291513,,0.4191732222736387,,,,-0.111453744493392,,,,,0.1396172142936165,-0.4348511728760103,0.0047815692240817,0.027618293407246,,,,-0.3824735190422741,,,,,-0.1390855457227138,,-1.6733067729083666,0.3571790969051243,-0.2920892494929006,-0.5165562913907285,,,1.7567287784679089,-0.7619047619047619,,,,-0.3013008812421318,,-0.2898134863701578,,,,,0.4507246376811594,,,-0.5002801120448179,0.0,0.0,0.1042654028436018,-0.3375796178343949,0.0,,-0.2167563412759416,,-0.3255813953488372,-0.5136186770428015,-1.3267681289167412,,-0.1035554021401449,-0.2388479100807868,-0.0076923076923076,,,,0.0,-0.0109890109890109,0.0,0.029940119760479,-0.1396945254848121,-0.203125,-0.1490369434796337,0.8999370673379484,0.0,0.0,0.0972972972972973,,30.1772,-0.0567977583026763
2001-03-31,0.1503186162949476,,,-0.0629326620516047,-0.320955140022825,1.0243087771386157,,0.3462804476629361,-0.6666666666666666,,1.6742281033396345,-3.409090909090909,,1.666234103296133,0.6574827802128992,,-0.0347523892267593,,0.2881667688534641,0.8638941398865785,,0.3213879408418658,-0.3168152109328579,-0.3620907524411257,-0.2422795288124801,,,,-0.0668304668304668,0.4200043299415458,-0.0512820512820512,-0.5030538589672404,,,,0.3097643097643097,,-0.6666666666666666,,,,,3.1346863468634685,,0.3505321610365571,,,,-0.344273127753304,,,,,0.1461444850094037,0.0697811945594322,-0.1033688328624212,-0.0955256384874282,,,,-0.4010497029620519,,,,,1.3948377581120943,,2.363877822045153,-0.5357686453576864,0.356997971602434,0.8940397350993378,,,1.943064182194617,-0.7619047619047619,,,,0.5749055812001679,,0.7690100430416069,,,,,2.78768115942029,,,0.2560224089635854,0.0,0.0,0.0726698262243285,-0.3121019108280254,-0.75,,0.0338201383551114,,-0.1764234161988773,-0.330183435241801,-1.0689346463742166,,0.0569554711770797,-0.0723568668774148,0.2461538461538461,,,,0.0,-0.0109890109890109,0.0,-0.0099800399201596,-0.0264286940106401,0.890625,-0.0435743605936217,0.446821900566394,0.0,0.0,-0.0756756756756756,,35.3304,-0.1118954403448412
2000-12-31,-0.3680018206645425,1.8208502024291493,,1.9773442416614224,-0.7277675357738566,0.6643161996659863,,0.2887864823348694,-0.6666666666666666,,1.119092627599244,-3.8737373737373737,2.987138263665595,0.6036854399169478,-0.5309956167814652,,-0.2276281494352736,,-0.1294911097486205,0.5510396975425331,,-0.4328782707622298,-0.5411764705882353,-1.0862722573233774,-0.0372492836676217,,,1.056872037914692,-0.0953316953316953,-0.5849751028361118,-0.0473372781065088,-0.4830649639089395,,,,0.5963337074448185,,-0.6666666666666666,,,,,-4.574723247232472,,-0.451411383618695,,,,-0.7568281938325991,,,,,-0.3577829405907733,-0.6784939877784348,-0.6514236035644425,-0.7195604830726589,,,,-0.6337236874266328,,1.1565836298932384,,,2.844690265486726,,-0.5710491367861886,-0.3774733637747336,-0.6054766734279919,-0.7086092715231788,,,,,,,,0.9592950062945866,,0.8493543758967002,,,,,-1.6652173913043478,,2.371929824561404,-1.8560224089635853,0.0,0.0,0.5276461295418642,-0.1528662420382165,-0.9375,,0.7271329746348962,,-0.2261427425821972,-0.4769316286826014,-1.4306177260519248,,0.0034518467380048,-0.492448191078328,-0.1615384615384615,,,,0.0,-0.0109890109890109,0.0,0.279441117764471,-0.2423202333962588,8.421875,-0.7256078307546574,1.0824417872876022,0.0,0.0,0.5891891891891892,,40.059,-0.1072630819632712
2000-09-30,-0.5458579881656804,,,0.1157960981749528,-0.864191028004565,0.3655594730005567,,0.2190037305244678,-0.6666666666666666,,0.980466288594833,-3.8055555555555554,,0.6446924474435505,-0.2492172824045084,,-0.4969591659426585,,-0.2020846106683016,0.2230623818525519,,-0.4530716723549488,-0.9851455733808676,-1.2790350373348651,-0.2929003502069404,,,,0.342014742014742,-0.997185537995237,-0.0236686390532544,-0.6096612992781788,,,,0.8574635241301908,,-0.6666666666666666,,,,,3.077490774907749,,-0.5686410612370816,,,,-0.791409691629956,,,,,-0.530700298705609,-0.5010841711019121,-0.7973049337100631,-0.8856662047119382,,,,-0.620519500833246,,,,,1.262094395280236,,-0.2231075697211155,-0.2820903094875697,-0.3772819472616633,-1.706401766004415,,,,,,,,0.4968527066722618,,0.7489239598278336,,,,,-1.5855072463768116,,-0.343859649122807,-3.0240896358543417,0.0,0.0,0.1453396524486571,-0.286624203821656,-0.78125,,-0.229054573405073,,-0.2983159582999198,-0.4880489160644802,-1.3052820053715308,,-0.0742147048671039,-0.5697225149279944,-0.2769230769230769,,,,0.0,-0.0109890109890109,0.0,-0.059880239520958,-0.295520851209885,-0.59375,-0.4306915061572466,0.8621774701069855,0.0,0.0,0.2594594594594595,,49.3377,-0.0982234226375211
2000-06-30,-0.5970641784251252,,,0.4493392070484581,-0.9964006671933984,0.3596214511041009,,0.2567478604344964,-0.6666666666666666,,0.8954001260239446,-3.861111111111111,,0.4458863223462237,-0.1314965560425798,,-0.5125977410947002,,-0.4323727774371551,0.2930056710775047,,-0.6934015927189988,-0.9884729649435532,-1.2282596209075245,-0.3845908946195479,,,,-0.227027027027027,-1.3951071660532584,-0.291913214990138,-0.827318156579678,,,,0.9517396184062852,,-0.6666666666666666,,,,,2.8634686346863467,,-0.5936294925188955,,,,-0.9493392070484582,,,,,-0.5804845668768669,-0.4269662921348314,-0.7588785046728972,-0.8419124925757275,,,,-0.5078746728266263,,,,,2.9140117994100296,,1.0305444887118194,-0.6656519533231862,-0.281947261663286,-0.2406181015452538,,,,,,,,0.6806546370121695,,-0.5480631276901005,,,,,0.9072463768115944,,,0.1019607843137254,0.0,0.0,0.0442338072669826,-0.3949044585987261,-0.84375,,-0.4104534973097617,,-0.4843624699278268,-0.6125625347415231,-1.2909579230080572,,-0.2744218156713842,-0.6448893572181243,-0.8615384615384616,,,,0.0,-0.0109890109890109,0.0,-0.1497005988023952,-0.3720610949030375,-0.625,-0.4970003157562362,0.8370044052863436,0.0,0.0,0.0648648648648648,,32.5647,0.3205464813125868
2000-03-31,-1.2363450159308147,,,-0.5928256765261171,-1.695022386094285,-0.0612358508071998,,0.0,-1.6666666666666667,,0.8248267170762444,-4.421717171717172,,-0.0700752660264728,-0.6048841577958672,,-1.244569939183319,,-0.8828939301042306,-0.7372400756143668,,-1.3233788395904438,-1.5379679144385028,-2.031476163124641,-0.743712193568927,,,,-0.0314496314496314,-1.882225589954536,-0.7692307692307693,-0.8384230982787341,,,,1.0542461653572766,,-1.6666666666666667,,,,,1.932656826568265,,-1.2862100879222582,,,,-1.454625550660793,,,,,-1.2020134970682597,-0.7250147841513898,-1.366746359487068,-1.5340526628390418,,,,-0.7705900900048441,,,,,1.141150442477876,,0.4329349269588313,-0.8209030948756976,-0.665314401622718,-0.4900662251655629,,,,,,,,0.4263533361309274,,-0.6083213773314203,,,,,0.2695652173913043,,,-0.1557422969187675,0.0,0.0,0.353870458135861,-0.3885350318471338,-0.53125,,-0.2813220599538816,,-0.3656776263031275,-0.5514174541411896,-1.3589973142345568,,-0.1467034863652054,-0.740428521250439,-0.8384615384615385,,,,0.0,-0.0109890109890109,0.0,0.1297405189620758,-0.3933413420284881,-0.46875,-0.5892011367224502,0.9565764631843928,0.0,0.0,0.7891891891891892,,28.1037,0.0023840277258866
1999-12-31,-1.5233272644515248,,,-0.5651353052234109,-2.087613027828988,-0.1425125255149378,,-0.0342330480579328,-1.6666666666666667,,0.7151858853182105,,,,-0.7964934251721979,,-1.231972198088619,,-1.2576333537706927,-0.6294896030245747,,-1.8014789533560864,-1.5417706476530006,,-0.9879019420566698,,,,-0.6476658476658477,,-0.8047337278106509,-0.8461965574680733,,,,1.0265619154508043,,-1.6666666666666667,,,,,0.5968634686346863,,-1.556918093475243,,,,-1.953524229074889,,,,,-1.4810266622413983,-0.8456534594914252,-1.416300804173006,-1.5904771332409424,,,,-0.8367283890466337,,,,,7.0423303834808255,,-0.0610889774236387,-0.7874175545408422,-0.8204868154158215,-1.3620309050772628,,,,,,,,3.127150650440621,,-0.8780487804878049,,,,,-1.5891304347826087,,0.912280701754386,-0.9988795518207284,,,0.1421800947867298,,-0.59375,,-0.0199846272098385,,-0.5485164394546913,-0.6914952751528627,-1.4019695613249776,,-0.3434587504314808,-0.9048120828942748,,,,,,,,-0.0199600798403193,-0.5127853097648876,3.96875,-0.9163245974107987,1.0320956576463185,,,,,26.6763,-0.0309375738014643
1999-09-30,-2.5217341829767865,,,-0.9880427942101953,-3.493108594504433,-0.5637409537947671,,-0.1764318630678077,-1.6666666666666667,,0.6446124763705104,,,,-0.7551659361302442,,-1.5325803649000869,,-2.62611894543225,-0.8638941398865785,,-3.3791240045506257,-1.9272727272727272,,-1.2174466730340656,,,,-0.9002457002457003,,-1.4398422090729783,-0.9794558578567464,,,,0.8679386457164235,,-1.6666666666666667,,,,,-0.011070110701107,,-2.7990899275026995,,,,-3.56431718061674,,,,,-2.45170925987388,-0.8196333530455352,-2.5927407085416214,-2.930013858641853,,,,-0.833917672665942,,,,,0.7517699115044247,,0.852589641434263,-1.1029934043632674,-0.7870182555780934,-0.6335540838852097,,,,,,,,0.2114981116240033,,-0.4476327116212338,,,,,0.4543478260869565,,,-0.4946778711484594,,,-0.1737756714060031,,-1.03125,,-0.5488086087624904,,-0.6190858059342422,-0.5769872151195108,-0.8755595344673232,,-0.4193993786675871,-1.0713031260976469,,,,,,,,-0.3093812375249501,-0.6092328814141067,-0.71875,-0.8765393116514051,0.1069855254877281,,,,,21.0555,-0.1016931443090877
1999-06-30,-2.6206190259444697,,,-1.024543738200126,-3.614256869458344,-0.5592874373724253,,-0.2958086460390607,-1.6666666666666667,,0.6080655324511657,,,,-1.144646211646838,,-1.788010425716768,,-2.664868179031269,-1.1398865784499057,,-3.512514220705347,-1.950564468211527,,-1.4068767908309456,,,,-1.1282555282555282,,-1.5305719921104537,-1.0061077179344808,,,,0.9569771791994014,,-1.6666666666666667,,,,,0.1743542435424354,,-2.841354311275644,,,,-3.586784140969163,,,,,-2.547848213297931,-1.0648531440961957,-2.6579439252336448,-3.00425658285488,,,,-0.8325243279061286,,,,,1.4877581120943952,,-0.095617529880478,-1.056316590563166,-1.1024340770791077,-0.7064017660044151,,,,,,,,0.2047838858581619,,-0.757532281205165,,,,,0.2442028985507246,,-0.2666666666666666,-0.284593837535014,,,-0.1105845181674565,,-0.96875,,-0.5887778631821675,,-0.6639935846030474,-0.6725958866036688,-1.0832587287376902,,-0.4677252329996548,-1.1970495258166491,,,,,,,,-0.2395209580838323,-0.6802814484297237,-0.6875,-0.9908430691506156,0.4719949653870359,,,,,20.7432,-0.0537621967680975
1999-03-31,-2.742603550295858,,,-1.0509754562618,-3.717671846194364,-0.7329745778437557,,-0.3089752029844195,-1.6666666666666667,,0.5633270321361059,,,,-1.08703819661866,,-1.4317984361424847,,-2.807602697731453,-0.3478260869565217,,-3.6649601820250286,-2.1915626856803327,,-1.402737981534543,,,,-1.133169533169533,,-1.5581854043392505,-0.9927817878956136,,,,1.0392817059483723,,-1.6666666666666667,,,,,-0.2555350553505535,,-3.0087151010334723,,,,-3.897136563876652,,,,,-2.666445403252572,-1.0285826926867732,-2.7653988263420994,-3.126608592357949,,,,-0.9010072899405704,,,,,0.1750737463126843,,-0.1168658698539176,-1.0015220700152208,-1.0557809330628802,-1.022075055187638,,,,,,,,-0.1225346202266051,,-1.2510760401721663,,,,,0.117391304347826,,-0.287719298245614,-0.2033613445378151,,,-0.5023696682464455,,-0.9375,,-0.4811683320522675,,-0.4939855653568564,-0.4424680377987771,-0.7215756490599821,,-0.452191922678633,-1.2047769582016157,,,,,,,,-0.6387225548902196,-0.6809679080144156,0.265625,-1.0363119671613514,-0.3964757709251101,,,,,13.2935,0.4765110768420657
1998-12-31,-2.6725079654073736,,,-1.0862177470106986,-3.736283030462646,-0.4553720541844498,,-0.3085363177529076,-1.6666666666666667,,0.571518588531821,,,,-1.0194113963681903,,-1.490008688097307,,-2.8566523605150214,-0.443289224952741,,-3.706484641638225,-2.194890077243018,,-1.4122890799108565,,,,-1.191154791154791,,-1.5463510848126232,-1.0305385896724042,,,,1.5944631500187056,,-1.6666666666666667,,,,,0.5710332103321033,,-2.909069875057844,,,,-3.890969162995595,,,,,-2.5982962717114724,-0.9860043366844076,-2.797391871332319,-3.163037022371808,,,,-0.9152800197653536,,,,,0.3092920353982301,,0.3134130146082337,-1.1111111111111112,-1.0010141987829615,-0.1766004415011037,,,,,,,,-0.0444817456986991,,-0.6829268292682927,,,,,0.7659420289855072,,0.231578947368421,0.3148459383753501,,,-0.0063191153238546,,-1.0,,-0.4811683320522675,,-0.7297514033680834,-0.6192329071706504,-0.7645478961504029,,-0.4297549188816016,-1.2082894274675096,,,,,,,,-0.1197604790419161,-0.6782220696756478,0.0625,-1.0312598673823807,0.6104468219005664,,,,,16.9069,-0.0817950067723829
1998-09-30,-2.7173418297678653,,,-0.9943360604153556,-3.7768413659906943,-0.4858044164037854,,-0.3032696949747641,-1.6666666666666667,,0.5122873345935728,,,,-1.1546649968691296,,-1.5377932232841007,,-2.899570815450644,-0.5368620037807184,,-3.7869738339021617,-2.203921568627451,,-1.419929958611907,,,,-1.1882063882063882,,-1.514792899408284,-1.0560799555802332,,,,1.6176580621025065,,-1.6666666666666667,,,,,0.1955719557195571,,-2.9661422181089003,,,,-3.9176211453744494,,,,,-2.641885164288085,-1.0711610486891383,-2.7960008693762224,-3.161453177588596,,,,-0.9650436618680592,,,,,0.1721238938053097,,0.0690571049136786,-1.1273465246067986,-1.1105476673427992,-1.17439293598234,,,,,,,,-0.2736046999580361,,-1.1047345767575325,,,,,-0.5782608695652174,,-0.4140350877192982,-0.5394957983193277,,,-0.0979462875197472,,-0.96875,,-0.4873174481168332,,-0.7457898957497995,-0.6025569760978321,-0.675022381378693,,-0.4798066965826717,-1.2118018967334037,-1.9,,,,,,,-0.279441117764471,-0.689891882615411,0.453125,-1.0502052415535206,0.4908747640025173,,,,,13.2266,-0.1231004188529175
1998-06-30,-2.7085798816568047,,,-1.0560100692259282,-3.730840136950224,-0.5526071627389126,,-0.261136712749616,-1.6666666666666667,,0.4612476370510397,,,,-1.1747025673137133,,-1.7245873153779323,,-2.832863274064991,-1.04820415879017,,-3.714163822525597,-2.291859774212716,,-1.4377586755810252,,,,-1.1734643734643735,,-1.5384615384615383,-1.039422543031649,,,,1.682005237560793,,-1.6666666666666667,,,,,0.2749077490774907,,-2.9456270245256824,,,,-3.765198237885463,,,,,-2.6333665228454475,-1.0837768578750246,-2.7873071071506192,-3.151554147693526,,,,-0.9561837976056854,,,,,1.9199115044247788,,0.1593625498007968,-1.178082191780822,-1.1267748478701824,-0.6203090507726269,,,,,,,,0.8736886277801091,,-1.3916786226685796,,,,,0.1644927536231884,,0.0561403508771929,0.5221288515406163,,,-0.1042654028436018,,-1.0625,,-0.6026133743274404,,-0.7906976744186046,-0.6814897165091718,-0.8290062667860341,,-0.5298584742837418,-1.2244467860906216,,,,,,,,-0.2195608782435129,-0.7060236828556719,-0.265625,-1.0325228923271237,0.4845814977973568,,,,,18.7581,-0.0963103939098309
1998-03-31,-2.8757396449704142,,,-1.078665827564506,-3.986656132034062,-0.5596585637409538,,-0.3015141540487163,-1.6666666666666667,,0.4165091367359798,,,,-1.237319974953037,,-2.022154648132059,,-3.192887798896382,-1.5897920604914937,,-4.145904436860068,-2.293285799168152,,-1.4740528494110157,,,,-1.193120393120393,,-1.641025641025641,-1.0616324264297612,,,,1.7231575009352786,,-1.6666666666666667,,,,,0.1964944649446494,,-3.1546351997532005,,,,-3.935242290748899,,,,,-2.7958845004978428,-1.1232012615809186,-3.007433166702891,-3.4021975846367054,,,,-0.9712319360598076,,,,,-0.121386430678466,,0.0664010624169986,-1.1933028919330289,-1.1774847870182557,-1.022075055187638,,,,,,,,-0.2912295425933697,,-0.9842180774748924,,,,,-0.3246376811594202,,-0.2666666666666666,-0.4638655462184874,,,-0.1327014218009478,,-0.96875,,-0.5826287471176018,,-0.8003207698476343,-0.6714841578654808,-0.7752909579230081,,-0.5419399378667588,-1.2125043905865824,,,,,,,,-0.249500998003992,-0.7025913849322121,0.046875,-1.0344174297442374,0.4782882315921963,,,,,18.7135,-0.0440965078686509
1997-12-31,-2.885525716886664,,,-0.8521082441787288,-3.97366341848828,-0.5715346075338653,,-0.2843976300197498,-1.6666666666666667,,0.3755513547574039,,,,-1.256105197244834,,-1.8253692441355345,,-3.1715511955855304,-1.2155009451795842,,-4.125426621160409,-2.2966131907308376,,-1.4326647564469914,,,,-1.2275184275184274,,-1.641025641025641,-1.0416435313714605,,,,1.7530864197530864,,-1.6666666666666667,,,,,0.1319188191881918,,-3.1879531081289527,,,,-4.0187224669603525,,,,,-2.805398827303905,-1.1350285826926867,-3.032992827646164,-3.431300732528212,,,,-1.004934935117592,,,,,2.2871681415929204,,-0.1221779548472775,-1.1364789446981227,-1.1926977687626774,-0.8719646799116998,,,,,,,,1.0776332354175409,,-0.96987087517934,,,,,-0.1289855072463768,,0.0070175438596491,-0.2873949579831932,,,-0.2464454976303317,,-0.8125,,-0.6379707916986933,,-0.9045709703287892,-0.725958866036687,-0.7179946284691137,,-0.6454953400069037,-1.2012644889357218,,,,,,,,-0.5189620758483033,-0.7176934957954351,0.421875,-1.039469529523208,0.5097545626179988,,,,,16.6392,-0.1059005240636568
1997-09-30,-3.1519116977696857,,,-1.222152297042165,-4.299885874813449,-0.5852662831694192,,-0.3638358569234145,-1.6666666666666667,,0.3402646502835538,,,,-1.1859737006887914,,-1.9882710686359688,,-3.494543225015328,-1.275047258979206,,-4.4840728100113765,-2.3023172905525846,,-1.557147405284941,,,,-1.3523341523341523,,-1.7435897435897436,-1.187118267629095,,,,1.7762813318368873,,-1.6666666666666667,,,,,-0.665129151291513,,-3.488739780965602,,,,-4.345374449339207,,,,,-3.0643876535014933,-1.0908732505420855,-3.2223429689198,-3.646901603642843,,,,-0.907277347629788,,,,,0.3048672566371681,,0.1195219123505976,-1.1719939117199392,-1.1359026369168357,-0.9911699779249448,,,,,,,,-0.3323541754091481,,-1.018651362984218,,,,,-0.1326086956521739,,-0.3228070175438596,-0.3910364145658263,,,-0.2369668246445497,,-1.125,,-0.7240584166026134,,-0.8869286287089013,-0.7604224569205114,-0.8683974932855864,,-0.659302726958923,-1.3171759747102212,,,,,,,,-0.4291417165668663,-0.7770722498712889,-0.328125,-1.1133564887906535,0.3901825047199496,,,,,15.6132,-0.0399982066456588
1997-06-30,-3.1787664997724168,,,-1.2473253618628068,-4.275129488192433,-0.7229541658934867,,-0.358130348913759,-2.0,,0.3106490233144297,,,,-1.229805886036318,,-1.9109470026064288,,-3.4508890251379523,-1.1200378071833648,,-4.443401592718999,-2.4686868686868686,,-1.577523081821076,,,,-1.3631449631449633,,-1.7357001972386588,-1.1860077734591894,,,,1.7964833520389076,,-2.0,,,,,-0.9474169741697416,,-3.515270708005553,,,,-4.35352422907489,,,,,-3.090496736364642,-1.1184703331362114,-3.2042599434905457,-3.6263116214610966,,,,-0.9693509187530424,,,,,2.2591445427728614,,-0.2390438247011952,-1.0705225773718925,-1.171399594320487,-0.8520971302428256,,,,,,,,1.069240453210239,,-1.1190817790530847,,,,,0.0050724637681159,,-0.1122807017543859,-0.1165266106442577,,,-0.249605055292259,,-1.25,,-0.7455803228285934,,-0.8708901363271853,-0.7493051695386326,-0.8683974932855864,,-0.6662064204349327,-1.3825079030558485,,,,,,,,-0.3892215568862275,-0.8103655397288485,-0.484375,-1.165772023997474,0.302076777847703,,,,,12.6244,0.0441684357276386
1997-03-31,-3.43525261720528,,,-1.2410320956576464,-4.610481959441665,-0.7904991649656709,,-0.4151854290103138,-2.0,,0.2841839949590422,,,,-1.1045710707576706,,-2.2284969591659425,,-3.91367259350092,-1.674858223062382,,-4.95164960182025,-2.545216874628639,,-1.5791149315504616,,,,-1.4712530712530711,,-1.7357001972386588,-1.201554691837868,,,,1.8121960344182568,,-2.0,,,,,-2.225092250922509,,-3.862178004010489,,,,-4.613215859030837,,,,,-3.3398606040491203,-1.0396215257244237,-3.3537926537709195,-3.796574935656306,,,,-1.062147772553463,,,,,0.7030973451327434,,0.6586985391766268,-1.3120243531202436,-1.0699797160243407,-1.0176600441501105,,,,,,,,0.058749475451112,,-1.1535150645624104,,,,,-0.0818840579710144,,-0.4421052631578947,-0.2929971988795518,,,-0.2654028436018957,,-1.15625,,-0.7578785549577248,,-0.8917401764234162,-0.7682045580878266,-0.88272157564906,,-0.6851915774939593,-1.3747804706708815,,,,,,,,-0.4191616766467065,-0.8103655397288485,-0.4375,-1.1607199242185031,0.3146633102580239,,,,,9.9924,0.3192025939714183
1996-12-31,-3.487141556668184,,,-1.248584015103839,-4.617153893424634,-0.8535906476155131,,-0.4086021505376344,-2.0,,0.2589792060491493,,,,-1.4026299311208517,,-2.1824500434404865,,-3.8724708767627214,-1.5916824196597354,,-4.97155858930603,-2.616042780748664,,-1.6517032792104425,,,,-1.4653562653562653,,-1.6962524654832347,-1.198223209328151,,,,1.8264122708567152,,-2.0,,,,,-2.309963099630996,,-3.8973469072960047,,,,-4.644933920704846,,,,,-3.3903086624626617,-1.2272816873644783,-3.3683981743099327,-3.813205305880024,,,,-1.1015175431597817,,,,,0.2178466076696165,,-0.1274900398406374,-1.2531709791983765,-1.3113590263691683,-0.9624724061810156,,,,,,,,-0.0923206042803189,,-0.90961262553802,,,,,-0.0094202898550724,,-0.3157894736842105,-0.4610644257703081,,,-0.287519747235387,,-1.0625,,-0.7332820906994619,,-0.8773055332798717,-0.7715397443023903,-0.9256938227394808,,-0.6972730410769762,-1.353705655075518,,,,,,,,-0.4491017964071856,-0.802471254504891,-0.078125,-1.156299336911904,0.3335431088735053,,,,,8.2973,0.2983862220240318
1996-09-30,-3.510241238051889,,,-1.3492762743864066,-4.643139320516197,-0.8654666914084246,,-0.4068466096115866,-2.0,,0.2362948960302457,,,,-1.3299937382592362,,-2.1346655082536925,,-3.916860821581852,-1.4650283553875236,,-5.006541524459613,-2.623648247177659,,-1.665074816937281,,,,-1.4771498771498772,,-1.727810650887574,-1.229317046085508,,,,1.8413767302656192,,-2.0,,,,,-2.348708487084871,,-3.9221810890020055,,,,-4.701762114537445,,,,,-3.412766898993252,-1.1815493790656415,-3.389089328406868,-3.836764997030291,,,,-1.1571106459978835,,,,,0.3594395280235988,,0.0876494023904382,-1.2765093860984271,-1.2525354969574036,-0.8653421633554084,,,,,,,,-0.0117498950902224,,-1.09038737446198,,,,,0.0956521739130434,,-0.2666666666666666,-0.161344537815126,,,-0.2906793048973143,,-1.1875,,-0.776325903151422,,-0.8708901363271853,-0.7648693718732629,-0.918531781557744,,-0.6903693476009665,-1.4120126448893573,-2.576923076923077,,,,,,,-0.4191616766467065,-0.8295864081002231,-0.578125,-1.1885064730028418,0.2706104468219005,,,,,7.0259,0.1206393486955407
1996-06-30,-3.5646335912608103,,,-1.317809943360604,-4.71143885523659,-0.8947856745221748,,-0.4362519201228879,-2.0,,0.2161310649023314,,,,-1.358797745773325,,-2.233275412684622,,-3.96026977314531,-1.61531190926276,,-5.063424345847554,-2.647415329768271,,-1.6806749442852595,,,,-1.4948402948402948,,-1.857988165680473,-1.2304275402554137,,,,1.8436213991769548,,-2.0,,,,,-2.4317343173431736,,-3.988354157026068,,,,-4.737444933920705,,,,,-3.4656488549618323,-1.1996846047703529,-3.448033036296457,-3.903880419718868,,,,-1.1913109609513457,,,,,0.8122418879056047,,0.0610889774236387,-1.2897006595636733,-1.2758620689655171,-0.9889624724061812,,,,,,,,0.2459085186739404,,-0.9727403156384504,,,,,-0.0855072463768115,,-0.2807017543859649,-0.4330532212885154,,,-0.3033175355450237,,-1.25,,-0.5872405841660261,,-0.8805132317562149,-0.6181211784324625,-0.4243509400179051,,-0.700724887814981,-1.429574991218827,,,,,,,,-0.4191616766467065,-0.8402265316629484,1.4375,-1.2857593937480265,0.2265575833857772,,,,,4.8178,0.6418517360025024
1996-03-31,-3.487141556668184,,,-1.248584015103839,-4.617153893424634,-0.8535906476155131,,-0.4086021505376344,-2.0,,0.2589792060491493,,,,-1.4026299311208517,,-2.1824500434404865,,-3.8724708767627214,-1.5916824196597354,,-4.97155858930603,-2.616042780748664,,-1.6517032792104425,,,,-1.4653562653562653,,-1.6962524654832347,-1.198223209328151,,,,1.8264122708567152,,-2.0,,,,,-2.309963099630996,,-3.8973469072960047,,,,-4.644933920704846,,,,,-3.3903086624626617,-1.2272816873644783,-3.3683981743099327,-3.813205305880024,,,,-1.1599606725052576,,,,,-0.0004424778761061,,-0.0584329349269588,-1.2572298325722984,-1.289046653144016,-0.9403973509933776,,,,,,,,-0.2081409987410826,,-1.302725968436155,,,,,-0.0347826086956521,,-0.2736842105263158,,,,-0.3033175355450237,,-1.15625,,-0.7901614142966948,,-0.8869286287089013,-0.7715397443023903,-0.9042076991942704,,-0.7076285812909907,-1.4281700035124694,,,,,,,,-0.4291417165668663,-0.8409129912476403,-0.5625,-1.2036627723397535,0.2454373820012586,,,,,4.2379,-0.0532039205399088
1995-12-31,-3.635298133818844,,,-1.3077407174323474,-4.805899394258625,-0.9174243830024124,,-0.43449637919684,-2.0,,0.180214240705734,,,,-1.335003130870382,,-2.2493483927019984,,-4.093930104230534,-1.6521739130434785,,-5.213026166097839,-2.64931669637552,,-1.67621776504298,,,,-1.5036855036855037,,-1.873767258382643,-1.232648528595225,,,,1.8436213991769548,,-2.0,,,,,-2.821955719557196,,-4.086302637667746,,,,-4.847797356828194,,,,,-3.534351145038168,-1.1847033313621131,-3.4848945881330144,-3.9458523064739657,,,,-1.1373187982130897,,,,,0.1765486725663717,,0.0018592297476759,-1.24779299847793,-1.2565922920892494,-0.9728476821192052,,,,,,,0.3616161616161616,-0.1148132605958875,,-1.3784791965566714,,,,,-0.0869565217391304,,-0.2407017543859649,0.0876750700280112,,,-0.3083728278041074,,,,-0.7887778631821676,,-0.8912590216519647,-0.7715397443023903,-0.8945389435989257,,-0.7122885743872972,-1.4256410256410257,,,,,,,,-0.4391217564870259,-0.8406040844345289,-0.50625,-1.2036627723397535,0.2429200755191944,,,,,3.9256,0.005881111872989
1995-09-30,-3.646051433773328,,,-1.3079924480805538,-4.822052497585814,-0.9409166821302654,,-0.4330480579328505,-2.1,,0.1625078764965343,,,,-1.3233562930494678,,-2.257254561251086,,-4.116223175965665,-1.6747637051039697,,-5.236234357224118,-2.6691384432560903,,-1.6710601719197709,,,,-1.5036855036855037,,-1.845759368836292,-1.2299833425874511,,,,1.848709315375982,,-2.1,,,,,-2.8750922509225094,,-4.103378065710319,,,,-4.864052863436124,,,,,-3.544805841354132,-1.177370392272817,-3.494127363616605,-3.95636507622253,,,,-1.1286103840591697,,,,,0.0749262536873156,,0.0409030544488711,-1.2532724505327244,-1.2471602434077078,-0.9028697571743928,,,,,,,0.3686868686868687,-0.1733109525807805,,-1.2705882352941176,,,,,0.0641304347826087,,-0.3185964912280701,-0.0330532212885154,,,-0.3093206951026856,,-1.196875,,-0.7907763259031514,,-0.8867682437850842,-0.7684269038354642,-0.8945389435989257,,-0.7074559889540905,-1.4267650158061116,,,,,,,,-0.4311377245508982,-0.8401922086837137,-0.5703125,-1.2020839911588257,0.2334801762114537,,,,,3.3234,0.1554027445396988
1995-06-30,-3.655473372781065,,,-1.3101321585903083,-4.8323588798174,-0.9510855446279458,,-0.4277375466315558,-2.1,,0.1453056080655324,,,,-1.3301189730745149,,-2.2671589921807125,,-4.131232372777437,-1.7098298676748582,,-5.255176336746303,-2.66951871657754,,-1.6748487742757083,,,,-1.50977886977887,,-1.8402366863905328,-1.2275402554136592,,,,1.8492330714552936,,-2.1,,,,,-2.876660516605166,,-4.114314360635508,,,,-4.871960352422907,,,,,-3.553966146697644,-1.1816282278730534,-3.50615953053684,-3.970065333597308,,,,-1.1286103840591697,,,,,0.0033923303834808,,0.0568393094289508,-1.264840182648402,-1.2526369168357,-0.9022075055187638,,,,,,,,-0.214687368862778,,-1.303586800573888,,,,,-0.0195652173913043,,-0.1536842105263157,0.0,,,-0.3121642969984202,,-1.234375,,-0.8039969254419678,,-0.8939855653568565,-0.7770983879933296,-0.9063563115487914,,-0.7152226441146013,-1.4283807516684228,,,,,,,,-0.4321357285429141,-0.8425261712716664,-0.634375,-1.200947268708557,0.2359974826935179,,,,,3.3903,-0.0263103560156918
1995-03-31,-3.674852071005917,,,-1.2920075519194465,-4.851198314458784,-0.962033772499536,,-0.4468290542023261,-2.1,,0.1286074354127284,,,,-1.3443957420162804,,-2.3012163336229365,,-4.133071735131821,-1.719187145557656,,-5.260551763367463,-2.6711348781937017,,-1.6820757720471189,,,,-1.5162653562653563,,-1.9155818540433924,-1.2553026096612994,,,,1.849532360643472,,-2.1,,,,,-2.8556273062730626,,-4.137081598025605,,,,-4.878325991189428,,,,,-3.5728067264077885,-1.1906169919179972,-3.535787872201696,-4.003801227479707,,,,-1.2052444210895945,,,,,0.0,,-0.0363877822045152,-1.2407914764079149,-1.2641987829614605,-0.9461368653421632,,,,,,,,-0.2167855644146034,,-1.2146341463414634,,,,,-0.0278985507246376,,-0.2764912280701754,-0.1425770308123249,,,-0.3213270142180094,,-1.203125,,-0.805380476556495,,-0.8971932638331996,-0.7778765981100612,-0.9017009847806624,,-0.7186744908526062,-1.447910080786793,,,,,,,,-0.4441117764471058,-0.8527544190835764,-0.6171875,-1.2191979791600884,0.2284455632473253,,,,,3.1672,0.0422770901742864
1994-12-31,-3.681395084205735,,,-1.271491504090623,-4.855605302431744,-0.972351085544628,,-0.4461707263550581,-2.1,,0.1129804662885948,,,,-1.3147150907952412,,-2.3016941789748047,,-4.135205395462906,-1.7213610586011343,,-5.256285551763368,-2.67146761734997,,-1.6728112066220948,,,,-1.5247174447174447,,-1.92465483234714,-1.255635757912271,,,,1.847811447811448,,-2.1,,,,,-2.8670664206642065,,-4.150439611291069,,,,-4.883612334801762,,,,,-3.579168049563005,-1.1719298245614036,-3.5486894153444903,-4.018491387843992,,,,-1.1461296619746222,,,,,-0.0157817109144542,,-0.1843293492695883,-1.1602232369355656,-1.2401622718052738,-0.9454746136865342,,,,,,,,-0.224590851867394,,-1.4195121951219511,,,,,-0.0159420289855072,,-0.2940350877192982,0.0582633053221288,,,-0.325434439178515,,,,-0.8046118370484243,,-0.8987971130713713,-0.7809894385769872,-0.9081468218442256,,-0.7204004142216086,-1.4488935721812437,,,,,,,,-0.4710578842315369,-0.8535781705852068,-0.59375,-1.2210293653299653,0.2347388294524858,,,,,3.4349,-0.0719099806599074
1994-09-30,-3.683147473827947,,,-1.3583385777218375,-4.853059432885612,-0.9806272035628132,,-0.4437129690585912,-2.066666666666667,,0.0921235034656584,,,,-1.215278647463995,,-2.2986967854039966,,-4.14928264868179,-1.7219281663516068,,-5.250028441410694,-2.667379679144385,,-1.6695638331741485,,,,-1.5257002457002458,,-1.921499013806706,-1.2535258189894505,,,,1.8493827160493828,,-2.066666666666667,,,,,-2.886715867158672,,-4.154388400431899,,,,-4.8819383259911895,,,,,-3.580871777851532,-1.109323871476444,-3.549437078895892,-4.019342704414967,,,,-1.177377500813097,,,,,0.0,,0.1200531208499336,-1.195941146626078,-1.1596348884381338,-0.937306843267108,,,,-0.9605442176870748,,,,-0.2161141418380193,,-1.43012912482066,,,,,-0.0181159420289855,,-0.2491228070175438,0.0789915966386554,,,-0.3251184834123223,,-1.159375,,-0.8056879323597232,,-0.8978348035284683,-0.7806559199555309,-0.909221128021486,,-0.7193648602002071,-1.4484018264840182,,,,,,,,-0.4640718562874251,-0.853131971855157,-0.6140625,-1.2197663403852226,0.2341095028319698,,,,,3.4943,-0.0552900437855936
1994-06-30,-3.686549840691853,,,-1.3553178099433607,-4.853445702747783,-0.9907960660604936,,-0.4456001755540926,-2.066666666666667,,0.075992438563327,,,,-1.259361302442079,,-2.292093831450912,,-4.137829552421827,-1.7045368620037806,,-5.246757679180887,-2.66756981580511,,-1.6814708691499525,,,,-1.5282555282555284,,-1.929388560157791,-1.2523042754025542,,,,1.84833520389076,,-2.066666666666667,,,,,-2.891328413284133,,-4.153231528613296,,,,-4.8857709251101324,,,,,-3.5841796658922447,-1.1370786516853932,-3.5472636383394915,-4.0168679469412,,,,-1.177377500813097,,,,,-0.0247787610619469,,0.0443559096945551,-1.202739726027397,-1.1953346855983773,-0.9613686534216336,,,,,,,,-0.2331514897188418,,-1.4275466284074605,,,,,-0.0318840579710144,,-0.2701754385964912,0.04593837535014,,,-0.3232227488151659,,-1.23125,,-0.8029208301306687,,-0.8912590216519647,-0.7749861033907727,-0.9056401074306176,,-0.7122885743872972,-1.4515630488233229,,,,,,,,-0.4580838323353293,-0.8532692637720954,-0.65,-1.2211556678244395,0.2278162366268093,,,,,3.3174,-0.0800024115270995
1994-03-31,-3.687847064178425,,,-1.352045311516677,-4.850144851198315,-0.9964742994989794,,-0.4612244897959183,-2.1,,0.0598613736609955,,,,-1.2677520350657483,,-2.2944396177237185,-0.7356700047687172,-4.128706315144084,-1.7054820415879015,,-5.2380830489192265,-2.662341057635176,,-1.6853231454950652,,,,-1.5371990171990173,,-1.9250493096646943,-1.2529705719044977,,,,1.8478862701084924,,-2.1,,,,,-2.897509225092251,,-4.153123553910227,,,,-4.880440528634361,,,,,-3.585440867352584,-1.1423615217819831,-3.5459769615301022,-4.01540289051673,,,,-1.2916318839788274,,,,,0.221976401179941,,0.4549800796812749,-1.3664129883307965,-1.202129817444219,-0.9538631346578368,,,,-0.961904761904762,,,,-0.2154427192614351,,-1.4223816355810617,,,,,0.0,,-0.2926315789473684,0.0504201680672268,,,-0.3475513428120063,,-1.240625,,-0.8164488854727133,,-0.9045709703287892,-0.7856586992773763,-0.9102954341987466,,-0.7266137383500173,-1.4533192834562698,,,,,,,,-0.4880239520958084,-0.8569761455294319,-0.6578125,-1.2224186927691822,0.2347388294524858,,,,,3.5386,-0.0750014129881874
1993-12-31,,,,,,,,,,,,,,,,,,,,,,,,,,,,,,,,,,,,,,,,,,,,,,,,,,,,,,,,,,,,,-1.17500881095938,,,,,,,,,,,,,,,,,,,,,,,,,,,,,,,-0.4255924170616114,,,,-0.7239046887009992,,,-0.7080600333518622,,,-0.593545046599931,,,,,,,,,-0.6317365269461078,-0.8549510897545907,,,-0.5777218376337319,,,,,4.0081,-0.0730021706045257
1993-09-30,,,,,,,,,,,,,,,,,,,,,,,,,,,,,,,,,,,,,,,,,,,,,,,,,,,,,,,,,,,,,-1.1638794585610186,,,,,,,,,,,,,,,,,,,,,,,,,,,,,,,-0.3693522906793049,,,,-0.7268255188316679,,,-0.7101723179544192,,,-0.5968243010010356,,,,,,,,,-0.8093812375249501,-0.855603226360048,,,-0.4537444933920704,,,,,3.6509,0.0176942671669999
1993-06-30,,,,,,,,,,,,,,,,,,,,,,,,,,,,,,,,,,,,,,,,,,,,,,,,,,,,,,,,,,,,,-1.2148236772859118,,,,,,,,,,,,,,,,,,,,,,,,,,,,,,,-0.3734597156398104,,,,-0.7274404304381246,,,-0.7106170094496943,,,-0.5975146703486365,,,,,,,,,-0.7964071856287425,-0.8557405182769865,,,-0.4594084329767149,,,,,3.4104,0.0894616467276565
1993-03-31,,,,,,,,,,,,,,,,,,,,,,,,,,,,,,,,,,,,,,,,,,,,,,,,,,,,,,,,,,,,,-1.2422551796762389,,,,,,,,,,,,,,,,,,,,,,,,,,,,,,,-0.3756714060031595,,,,-0.7263643351268255,,,-0.7098387993329628,,,-0.5963065239903348,,,,,,,,,-0.7894211576846307,-0.8555002574223443,,,-0.4682190056639396,,,,,3.4668,-0.0650455751701858
1992-12-31,,,,,,,,,,,,,,,,,,,,,,,,,,,,,,,,,,,,,,,,,,,,,,,,,,,,,,,,,,,,,-1.2360970864071774,,,,,,,,,,,,,,,,,,,,,,,,,,,,,,,-0.3943127962085308,,,,-0.7452728670253651,,,-0.7235130628126737,,,-0.6175353814290645,,,,,,,,,-0.7305389221556886,-0.8597219838681998,,,-0.4279421019509125,,,,,3.1115,0.0417162140446729
1992-09-30,,,,,,,,,,,,,,,,,,,,,,,,,,,,,,,,,,,,,,,,,,,,,,,,,,,,,,,,,,,,,-1.1965360100707034,,,,,,,,,,,,,,,,,,,,,,,,,,,,,,,-0.3895734597156398,,,,-0.7600307455803228,,,-0.7341856586992773,,,-0.6341042457714877,,,,,,,,,-0.7455089820359282,-0.8630169898747211,,,-0.3580868470736312,,,,,2.3546,0.3765820096831733
1992-06-30,,,,,,,,,,,,,,,,,,,,,,,,,,,,,,,,,,,,,,,,,,,,,,,,,,,,,,,,,,,,,-1.3229821724249156,,,,,,,,,,,,,,,,,,,,,,,,,,,,,,,-0.404739336492891,,,,-0.791391237509608,,,-0.7568649249583101,,,-0.669313082499137,,,,,,,,,-0.6976047904191617,-0.870018877638579,,,-0.2599118942731278,,,,,2.1476,0.0129912460420934
1992-03-31,,,,,,,,,,,,,,,,,,,,,,,,,,,,,,,,,,,,,,,,,,,,,,,,,,,,,,,,,,,,,-1.316712114735698,,,,,,,,,,,,,,,,,,,,,,,,,,,,,,,-0.4044233807266982,,,,-0.7886241352805534,,,-0.754863813229572,,,-0.6662064204349327,,,,,,,,,-0.6986027944111777,-0.8694010640123563,,,-0.2706104468219005,,,,,4.1558,-0.171134318302132
1991-12-31,,,,,,,,,,,,,,,,,,,,,,,,,,,,,,,,,,,,,,,,,,,,,,,,,,,,,,,,,,,,,-1.2835176925972014,,,,,,,,,,,,,,,,,,,,,,,,,,,,,,,-0.409478672985782,,,,-0.7916986933128363,,,-0.7570872707059477,,,-0.6696582671729375,,,,,,,,,-0.6826347305389222,-0.8700875235970482,,,-0.2680931403398364,,,,,3.7983,-0.1094963536318878
1991-09-30,,,,,,,,,,,,,,,,,,,,,,,,,,,,,,,,,,,,,,,,,,,,,,,,,,,,,,,,,,,,,-1.2163911917082162,,,,,,,,,,,,,,,,,,,,,,,,,,,,,,,-0.3993680884676145,,,,-0.7835511145272867,,,-0.751195108393552,,,-0.6605108733172247,,,,,,,,,-0.7145708582834331,-0.8682684056976145,,,-0.2813089993706734,,,,,2.9942,-0.0647919310667291
1991-06-30,,,,,,,,,,,,,,,,,,,,,,,,,,,,,,,,,,,,,,,,,,,,,,,,,,,,,,,,,,,,,-1.44211326852005,,,,,,,,,,,,,,,,,,,,,,,,,,,,,,,-0.4107424960505529,,,,-0.8004611837048424,,,-0.7634241245136186,,,-0.6794960303762513,,,,,,,,,-0.6786427145708582,-0.8720439334134202,,,-0.2347388294524858,,,,,2.2532,0.1111111111111111
