,totalAssets,intangibleAssets,earningAssets,otherCurrentAssets,totalLiab,totalStockholderEquity,deferredLongTermLiab,otherCurrentLiab,commonStock,capitalStock,retainedEarnings,otherLiab,goodWill,otherAssets,cash,cashAndEquivalents,totalCurrentLiabilities,currentDeferredRevenue,netDebt,shortTermDebt,shortLongTermDebt,shortLongTermDebtTotal,otherStockholderEquity,propertyPlantEquipment,totalCurrentAssets,longTermInvestments,netTangibleAssets,shortTermInvestments,netReceivables,longTermDebt,inventory,accountsPayable,totalPermanentEquity,noncontrollingInterestInConsolidatedEntity,temporaryEquityRedeemableNoncontrollingInterests,accumulatedOtherComprehensiveIncome,additionalPaidInCapital,commonStockTotalEquity,preferredStockTotalEquity,retainedEarningsTotalEquity,treasuryStock,accumulatedAmortization,nonCurrrentAssetsOther,deferredLongTermAssetCharges,nonCurrentAssetsTotal,capitalLeaseObligations,longTermDebtTotal,nonCurrentLiabilitiesOther,nonCurrentLiabilitiesTotal,negativeGoodwill,warrants,preferredStockRedeemable,capitalSurpluse,liabilitiesAndStockholdersEquity,cashAndShortTermInvestments,propertyPlantAndEquipmentGross,propertyPlantAndEquipmentNet,accumulatedDepreciation,netWorkingCapital,netInvestedCapital,commonStockSharesOutstanding,investments,changeToLiabilities,totalCashflowsFromInvestingActivities,netBorrowings,totalCashFromFinancingActivities,changeToOperatingActivities,changeInCash,beginPeriodCashFlow,endPeriodCashFlow,totalCashFromOperatingActivities,issuanceOfCapitalStock,depreciation,otherCashflowsFromInvestingActivities,dividendsPaid,changeToInventory,changeToAccountReceivables,salePurchaseOfStock,otherCashflowsFromFinancingActivities,changeToNetincome,capitalExpenditures,changeReceivables,cashFlowsOtherOperating,exchangeRateChanges,cashAndCashEquivalentsChanges,changeInWorkingCapital,stockBasedCompensation,otherNonCashItems,freeCashFlow,researchDevelopment,effectOfAccountingCharges,incomeBeforeTax,minorityInterest,sellingGeneralAdministrative,sellingAndMarketingExpenses,grossProfit,reconciledDepreciation,ebit,ebitda,depreciationAndAmortization,nonOperatingIncomeNetOther,operatingIncome,otherOperatingExpenses,interestExpense,taxProvision,interestIncome,netInterestIncome,extraordinaryItems,nonRecurring,otherItems,incomeTaxExpense,totalRevenue,totalOperatingExpenses,costOfRevenue,totalOtherIncomeExpenseNet,discontinuedOperations,netIncomeFromContinuingOps,netIncomeApplicableToCommonShares,preferredStockAndOtherAdjustments,adjusted_close,10%DDret
2023-09-30,0.5940642518186018,1.6533167441341337,,22.369035519050627,0.0144489705506304,1.304512964374321,,-6.273751370178764,-0.8175989623354727,0.4462809917355372,1.4967693955237984,,,-0.9616608054452638,1.362063041411935,2.447844228094576,-0.5010861386911194,1.5923913043478262,0.5574763820250546,-0.5710078166409992,-0.5071614583333334,0.5370244234698842,-0.8295715634492739,0.3917429150352401,0.0560068445875992,-0.031597614057714,,7.728834268635061,0.7879764839749668,0.6137460508738836,0.9474942837108624,0.8169287857069466,,,,-0.5334452748149588,,,,,,,0.0149258539413918,,1.5214696824519225,0.1569560047562425,0.7260416666666667,-0.539440203562341,1.0152961197812072,,,,,0.5940642518186018,0.9630764119601328,,0.905565307375761,,0.5481313703284258,0.4876148932855585,-1.4567563268883663,-1.3101449275362318,,-1.78173719376392,,-1.1449318556944117,,-0.3110567802353902,3.6846360474121074,3.697913698895529,1.3098539471251618,,1.0272533333333334,-0.4988555666412348,-2.4699031526890582,0.6983263668563563,-0.7902995720399429,-0.5310934540686533,-0.0257394906154807,,1.5596766524013317,,,,,-0.2859555214723926,-0.4009433962264151,2.4197674418604653,0.7219037352801868,,,1.5988804558579577,-1.0,1.640552020293561,,1.3966441551207964,1.0103823870220163,2.169392758528806,1.464392579293836,1.0103823870220163,,1.1276231512070356,0.8928242501902054,1.169673834870506,0.6126760563380281,0.094017094017094,1.6896551724137931,,,,1.433823422225721,0.9379628500418432,1.884738262754989,0.781437034075005,-0.1881939373648923,,1.1146881287726358,1.4631751227495908,,75.8895,-0.0424767828066447
2023-06-30,0.5952587663837471,1.6960528309202996,,22.077428107150933,0.0362090268401173,1.2810003405276558,0.0078853046594982,-6.320465502228141,-0.8225591178198133,0.3471074380165289,1.4640123109043297,,,-0.9654422386084326,1.2244326449742684,2.047287899860918,-0.5002348957582091,1.7483695652173914,0.6496496954373061,-0.5643776136352335,-0.5013020833333334,0.6010508903376471,-0.8297414653598039,0.1172109063188488,0.042586084589133,0.0,3.329528897523069,8.182785286471729,0.7346048603397362,0.7015804166030483,1.050844791317338,0.7521733768055483,,0.7536231884057971,,-0.4516489540869899,,-0.8297887411834947,,1.2535726734053678,,,0.02609339933639,,1.5456866949031696,0.1521997621878715,0.7364583333333333,-0.4694656488549618,1.0691247872732468,,1.3920454545454546,,,0.5952587663837471,0.8434750830564784,4.2168560606060606,0.8879636748727024,-1.2204930931981115,0.4489241223103057,0.4997663187412369,-1.384520475968282,-0.8260869565217391,-1.7250866625410453,-0.0489977728285077,-1.3422038980509745,-5.030807828342372,,-1.1875032108515953,4.110605532662063,3.8259022535628593,4.114438898132741,,1.0391051851851851,0.0,-2.4863878013599834,3.7014983932503016,0.6571564431764146,-4.513267063389779,-0.013859725716028,0.0292825768667642,0.5832937074021239,0.5184313725490196,0.0599022004889975,,-0.7033218785796106,2.2462530674846626,0.0235849056603773,0.0941860465116279,3.451091838567952,,,1.826990115624496,-0.3333333333333333,1.7258466517346385,,1.4982942282253011,1.0219698725376594,2.4184005091859424,1.625972471573908,1.0219698725376594,0.2413793103448276,1.8064385732812307,1.155813039987949,1.56483391421865,0.5915492957746479,0.6239316239316239,0.4827586206896552,,2.608695652173913,,1.3988378974865816,1.19809837581277,1.987004341391704,1.042078927575143,-3.409131183925329,,1.323943661971831,1.8101472995090016,,74.6966,0.0306064800807532
2023-03-31,0.6585680383364518,1.707734027975185,,27.48484381042137,0.1520454941536136,1.2989996594723443,0.0236559139784946,-7.179759668083799,-0.831652736207771,0.1652892561983471,1.4620684839049325,,,-0.9911559841179808,0.2170546043819033,-0.8845618915159944,-0.3409578847558943,2.240217391304348,1.1928056545224688,0.6762070376658149,0.5950520833333334,0.958353605137686,-0.7786009902902757,0.104732178649922,0.1724479146695297,1.4091568595840722,3.289703739679456,8.78628558822188,0.1960120289344639,0.4826785705490551,1.4881790189323496,1.1983493733978416,,0.7536231884057971,,-0.4654348508388948,,-0.8385191822672042,,1.2488672011153712,,,-0.0563746281959045,,1.5120630743097023,0.0202140309155766,0.4765625,0.5279898218829516,1.0846936941786367,,1.375,,,0.6585680383364518,-0.0319401993355481,4.169507575757576,0.8771319010246664,-1.1543976219618814,0.6065685164212911,1.1409876927870384,-1.3243239335348789,-0.017391304347826,-2.673761864563144,-0.1492204899777283,1.012368815592204,1.2450705022400377,,-3.282061629781848,5.25731538695494,4.264219221601663,-3.5006470696986502,,1.0035496296296296,-0.2347555607723458,-2.5028724500309085,-0.0021065652092197,0.9044222539229672,-2.279364794746221,4.7182466258992735,-0.2284040995607613,0.8368996671421779,0.7223529411764706,-0.2279951100244499,,-1.981672394043528,-4.270618098159509,2.099056603773585,-2.708139534883721,-3.341662991817336,,,2.425495658576302,0.6666666666666666,1.8570691616439885,,1.772610178931978,0.98720741599073,2.8349648771076934,1.8892878515858769,0.98720741599073,0.5369458128078818,2.128740855910624,1.0585651551294446,1.0432226094791,0.7394366197183099,0.5555555555555556,1.3448275862068966,,0.3043478260869565,,1.6437365706605558,1.1148847798723134,2.144336770063572,0.9419199299267847,-2.416297480684478,,1.8148893360160965,2.60556464811784,,78.2839,-0.0682911812007323
2022-12-31,0.5911899511462207,0.5108386907173017,,23.617875956968888,0.0723020543382483,1.227651007799705,0.0810035842293906,-8.072655227167957,-0.8147055383029407,0.5041322314049587,1.4209601425473133,,10.04443945039239,-0.5574256003025146,0.4808461975540976,-0.1168289290681502,-0.4644826925759793,2.5918478260869566,0.8562926100448225,-0.2859090873930742,-0.2552083333333333,0.7003016444487691,-0.8302511710913938,0.0739810283229236,0.0643149341104592,-0.0319200386909559,3.0089849441476444,9.076899090294887,1.0353282219392592,0.7376992212019572,1.4881790189323496,1.771790335461091,,0.5797101449275363,,-0.4865732258584822,,-0.8222488147930181,,1.149355176019519,,,0.5810345012724559,,1.5007551304791615,0.0963139120095124,0.9619791666666668,-0.4312977099236641,1.098275081053551,,1.3636363636363635,,,0.5911899511462207,0.1972956810631229,4.104572510822511,0.8504393154705777,-1.08515474733345,0.4317100792751981,0.4536532170119956,-1.2882060080748363,-1.3159420289855073,-0.2294128500587003,-2.5367483296213806,0.2769865067466266,-0.1376222589012025,,-1.081042203742847,5.646651496473399,5.444168499562122,-0.2837862821223886,,0.9442903703703704,-2.6996889488819766,-2.2885720173088813,-1.235763815858552,-0.1550166428911079,-1.5247690451375269,5.209276908409983,-2.945827232796486,1.7942621651608812,-0.1513725490196078,0.295843520782396,,-0.6330660557464681,-0.5282868098159509,0.1650943396226415,-7.463953488372093,-0.7464027308213697,,,2.009929545734293,-1.6666666666666667,1.7980190321847809,,1.3298057508876977,0.9292699884125144,1.852896925917867,1.2504488330341113,0.9292699884125144,1.4433497536945812,1.3688997203262456,1.2487133723468966,0.8377393682180652,0.4859154929577465,1.2222222222222223,1.206896551724138,,1.565217391304348,,1.2239102737908858,1.2755808028020503,2.20726974153232,1.1305844448887492,0.3313120701448556,,1.517102615694165,2.111292962356792,,91.5019,-0.1217804565820354
2022-09-30,1.3853928226472496,1.645339341267383,,-0.8391108932273122,1.4777801810840612,1.2017060435551088,0.4207885304659498,1.1947729344875275,-0.8299993510463242,0.1983471074380165,1.3815796474113804,2.4531907583956025,,-0.588811495556816,0.5993612611531993,0.2280945757997218,1.6572876089768296,2.717934782608696,0.971221928513964,0.3365933059260386,0.11328125,0.8096720832927897,-0.8304210730019238,0.0008913376906376,1.464228018712374,1.3646622601966791,2.865225837785333,9.432211218741813,0.9201863942998022,0.4624301497890607,1.2612042315783056,1.3001613457746066,,0.5217391304347826,,-0.3500928480146241,,-0.8369318293428935,,1.0540257929592192,,,-0.5808197407840905,,1.4378109121657965,-0.0297265160523186,0.4380208333333333,0.4910941475826972,0.9558361455361544,,1.3125,,,1.3853928226472496,0.3002857142857142,3.992288961038961,0.9771323845859988,-0.9966777408637874,0.1925254813137032,0.2168562081321078,-1.17985223169471,-0.0115942028985507,-0.2318620975682238,-0.0890868596881959,-1.9486506746626688,-7.154835180381985,-0.0207253886010362,-0.2788708943653036,5.759959379549887,5.844790208349588,6.913477537437604,,1.0154014814814816,0.90967779799284,1.3875046363074386,1.1657205226519944,1.007132667617689,-7.128202829360498,-8.539571001889872,0.4743777452415813,0.9256617530511968,0.8070588235294117,0.8202933985330073,,-0.1382206949217258,4.171099693251533,0.2594339622641509,1.6290697674418604,5.835660737909746,,,2.048324240942522,2.0,1.6503937085367624,,1.3980366218756528,0.9987949015063732,2.297387396717054,1.545182525433872,0.9987949015063732,1.1182266009852218,1.7128088598916866,1.120880074289757,0.2529024507828121,0.5140845070422535,1.170940170940171,1.3793103448275863,,1.2173913043478262,,1.270557640109738,1.1603619776537255,1.8965381949053792,1.0089464834861424,-1.6774444922261698,,1.5432595573440644,2.1505728314238954,,78.2962,0.0784099356035159
2022-06-30,1.5169387391338836,1.697477367146505,,-0.4249438444422374,1.6833931680589738,1.2338129368077964,0.3347670250896057,1.3631896737181786,-0.8481865878222395,-0.1652892561983471,1.3954744107774408,1.7048870566005323,,-1.0860699565135186,0.2304353373688986,-0.8456189151599444,1.914930470004328,3.188043478260869,1.6582693943224918,2.097280548568263,1.6673177083333333,1.3537997470078815,-0.8302511710913938,0.0176039193900932,1.6609380152613211,1.4244720296630662,3.0434677027683343,10.099349513646636,1.2358104630056082,0.5694184270479499,1.444582787110149,0.9475625296756632,,0.5797101449275363,,-0.236588964757274,,-0.8543927115103127,,1.0876612059951205,,,-0.4974926712983345,,1.4824422656916485,-0.0083234244946492,0.6416666666666667,0.6195928753180662,1.0273868666332653,,1.1477272727272727,,,1.5169387391338836,-0.0203122923588039,4.007942949907235,0.9953142906880594,-0.9987760097919216,0.3528878822197056,1.2057952952173236,-1.1196556892613063,-0.0695652173913043,-1.7014106032823182,-0.0979955456570155,-1.0213643178410794,-3.329322329639236,-0.7633851468048359,-3.91340016031047,7.123913671320241,5.961382521847909,0.4575707154742096,,0.979845925925926,-0.5282000117377781,1.4122316093138263,3.2630695090814354,-2.3404660009510225,-1.1512067928559957,-0.7662448360146953,0.9370424597364568,0.5579331114281185,-1.9537254901960783,-0.2823960880195599,,-2.3802978235967927,-1.434728527607362,0.3537735849056603,2.7453488372093022,0.227024025348294,,,2.7010340594824167,1.3333333333333333,1.6372714575458274,,1.8004595140291026,0.9640324449594438,2.846600753306625,1.8937761819269896,0.9640324449594438,1.4137931034482758,2.13774371296731,1.2969178140963669,-0.126451225391406,1.119718309859155,0.7008547008547008,-0.7241379310344828,,0.0434782608695652,,2.2734760159650613,1.353956398978527,1.8808049520381924,1.1850435196557272,-1.0655818611591334,,1.9517102615694164,2.8216039279869065,,75.1718,0.0570998698980202
2022-03-31,1.6303429656623722,1.7553135379304494,,-0.441848621943669,1.9249688827937568,1.1794095899074089,0.3706093189964157,1.820086667008144,-0.8638937468559847,-0.4793388429752066,1.3372315943880997,1.8702224512582668,,-1.08228852335035,0.5611305954760698,0.1168289290681502,2.185720305217883,3.3793478260869567,1.975474313297322,2.7323066586760443,2.229817708333333,1.6560280237423373,-0.8302511710913938,0.0430070435732658,1.840264932193208,1.4434950830243432,2.718067022826615,10.266929562287276,0.959199154723524,0.758221269269519,1.872161214597116,1.1474433872094592,,0.5797101449275363,,-0.1557117038127654,,-0.8694725642912657,,0.946671314046706,,,-0.5176801572046775,,1.505658575149042,-0.0095124851367419,1.0010416666666666,0.7849872773536896,1.167341402112568,,1.1534090909090908,,,1.6303429656623722,0.267063122923588,4.022050865800866,1.0167844138511308,-0.984437838783004,0.3270668176670441,1.4809160305343512,-1.1196556892613063,-0.1101449275362318,2.610081429315533,-0.1804008908685968,2.7140179910044977,6.375935864182976,1.056419113413932,4.432647629540454,5.615981693535402,7.364873453508157,-2.7537437603993347,,0.979845925925926,-2.9344445096543224,1.403989284978364,-3.863703914360225,-1.8059914407988589,,14.004262855638087,-0.0585651537335285,0.1394832778570296,-1.5129411764705882,-1.223716381418093,,2.7682321496754487,-4.120311349693251,2.287735849056604,0.9546511627906976,-2.502164077939471,,,2.14092321173884,3.333333333333333,1.6864798987618337,,1.5177887627932882,0.9640324449594438,2.26247976812026,1.5182525433871934,0.9640324449594438,1.3054187192118227,1.685800288721626,1.0363697555264448,0.1738704349131833,0.6126760563380281,0.8717948717948718,-1.3793103448275863,,0.0434782608695652,,1.433823422225721,1.0834749967892428,1.9398046127901432,0.9237161273123684,-1.0309481273251502,,1.5975855130784709,2.2258592471358427,,87.0345,-0.0653671819795598
2021-12-31,0.5422148539752605,0.562976716596424,,21.33361789708794,0.1072875340611659,1.0826024420697595,0.0953405017921147,-7.081414126927214,-0.8779475207282831,-0.7603305785123967,1.2776208997399232,2.4875461650777293,10.099252216833822,-0.5680136131593874,0.3011620688715885,-0.6397774687065368,-0.421447633189962,2.046195652173913,0.9604185725778646,0.049284509009525,0.041015625,0.7701663909701275,-0.8271929367018539,0.064399148148569,-0.0107774135000063,-0.0612606803159761,-1.2484215638659544,8.022629670365802,0.5482105605375092,0.711430999675478,1.4439730496021463,1.2421434938687297,,0.463768115942029,,-0.3317116523454176,,-0.882965064147908,,0.8023701638201464,,,0.5690079139239963,,1.487045499463373,0.0178359096313912,0.9119791666666668,0.8206106870229007,1.111856467928466,,1.1363636363636365,,,0.5422148539752605,0.0411495016611295,3.997893475572047,0.84212206055155,-0.9375764993880048,-0.3066817667044167,-7.011060912914784,-1.143734306234668,-0.0956521739130434,-0.4833181752126355,-2.4966592427616927,0.5138680659670165,0.9394821975949068,0.0,-0.454655347963469,5.789777243517383,5.813231386650794,0.8476613052320207,,0.979845925925926,-0.4695111215446916,1.255627446940037,-4.341630896201962,0.8930099857346647,0.3430422162701303,2.524450041133686,-1.2298682284040996,1.6484387383103505,0.7129411764705882,-0.0721271393643031,,-0.2466590301641848,0.0407315950920245,0.2594339622641509,-2.266279069767442,0.2907214137553693,,,1.5537102262012177,-5.0,1.5454157006092826,,1.1738494743438,0.9640324449594438,1.3455727236444497,0.928785158587672,0.9640324449594438,1.3842364532019704,1.300478006695425,1.0092166206169328,-0.063225612695703,0.6619718309859155,-0.4786324786324786,-0.4137931034482758,0.0,3.4782608695652173,,1.5154563132837122,1.0417937680534148,1.7706722519678846,0.8998760008759152,1.7974734691168108,,1.060362173038229,1.3355155482815058,,64.8303,0.2547419956409272
2021-09-30,1.1611973702015277,1.4575854666534944,,-0.6320273688347748,1.2235653917380194,1.0372798326549806,0.0078853046594982,0.9833300210008707,-0.8903479094391346,-1.008264462809917,1.236296577604593,2.549815339689084,,-0.6001557950463225,0.5687767286114956,0.1390820584144645,1.244907699255872,1.7760869565217392,1.0252387081944605,0.2003057996964103,0.0,0.8522915247640362,-0.8322899940177537,0.0550401023968739,1.1268556757033117,-0.0833467676930517,-1.0313258863525985,7.890050517960232,0.6422204762807835,0.7221024646706102,0.939110392975824,0.5792427472538373,,-0.1159420289855072,,-0.287596782739322,,-0.8948702110802393,,0.7023353084698502,,,-0.4794527902756451,,1.36505980451267,0.0,0.6296875,0.0063613231552162,1.0316931600326285,,0.9431818181818182,,,1.1611973702015277,0.2737076411960132,3.985911410018553,1.0283898858311693,-0.9001573701696101,-0.2237825594563986,-0.3545723632964636,-1.143734306234668,-0.0028985507246376,0.6294566099475372,-2.285077951002227,-0.5423538230884558,-1.7278132515916058,0.8791018998272885,2.4643569167159254,4.959136747279972,5.992064709610625,4.737474579404696,,0.8613274074074074,-17.137155936381244,1.2638697712754996,0.1690518580398871,-0.6894912030432715,0.3430422162701303,-0.972160760938541,0.5446559297218155,0.5832937074021239,-0.592156862745098,0.491442542787286,,1.5540282550591829,3.2109769938650308,0.0235849056603773,1.6872093023255814,4.001502605059859,,,0.7451631153455692,-2.333333333333333,1.3288985592588554,,0.7226902457703822,0.8481575898030127,0.845230047090391,0.5921603830041892,0.8481575898030127,-0.5270935960591133,0.317366016105211,0.8191446762503504,-0.3161280634785151,0.0,0.0,-0.3103448275862069,3000000.0,0.0869565217391304,,0.4192432047906845,0.8371091626542592,1.5110737446593014,0.7150959793588682,0.6083819408167211,,0.5291750503018109,0.497545008183306,,57.2417,0.4210846288632237
2021-06-30,0.513658490152254,1.3325111859926493,,23.61998905415657,0.1286566911358717,1.0076052798002235,0.0365591397849462,-5.31242370537315,-0.899854874117454,-1.1983471074380163,1.2133306215746795,1.785407541011767,,-1.0342643221781056,0.1597086058662089,-1.0514603616133518,-0.3901408097684856,1.3016304347826086,1.019262383634065,0.2931286417771301,0.2565104166666667,0.8055852875352729,-0.8322899940177537,0.2930272657971222,0.0536422344926313,-0.0889891987747864,-1.0060709082078678,7.065938506607215,0.5270786486413265,0.6706605308479218,0.9813347154050182,0.1390556902131182,,-0.1159420289855072,,-0.3082756278671793,,-0.9039974903950266,,0.6467410247472987,,,-0.1014743307526281,,1.309620858653204,0.0487514863258026,0.834375,0.0407124681933842,1.111359587920847,,0.0681818181818181,,,0.513658490152254,-0.0817740863787375,1.039676097711812,0.8388338434905391,-1.0264032173456898,0.0,-0.2299423586228384,-1.143734306234668,-0.0202898550724637,-0.8196814998538615,0.0801781737193764,-1.0753373313343328,-3.001097854279651,0.9896373056994818,2.107836334770351,4.251175462794548,5.137346621934959,4.484193011647254,,0.81392,-0.4988555666412348,1.2638697712754996,1.7213270965837109,-0.3946742748454588,0.3430422162701303,-5.7399064072522,0.1346998535871156,0.3677286416230781,-0.3490196078431372,0.4462102689486552,,1.3340969835815195,2.8290751533742333,0.8254716981132075,0.4313953488372093,3.833276169010404,,,1.1336270903935344,30.666666666666668,1.3912292514657965,,0.9134581911856854,0.8018076477404403,1.1756889311400482,0.798623578695392,0.8018076477404403,0.0049261083743842,0.5676454422811079,1.007386072196067,-0.648062530130956,-0.0422535211267605,0.8888888888888888,0.4137931034482758,1000000.0,1.0,,0.3376103137326931,1.0295871224950652,1.585806648278439,0.9016278312530348,0.9893530129905364,,0.8893360160965795,1.1063829787234043,,57.4632,0.415606857954308
2021-03-31,0.5427001255173508,1.3276677628235505,,-0.579199939142801,0.2323101329220205,0.9407969968703886,0.0566308243727598,1.0431568918711265,-0.9341626162174764,,1.177261831696979,1.785407541011767,,-7.427911514463982,-0.1748097188086751,,1.238854416177399,0.9793478260869564,1.65045420066659,1.572021132667047,1.2161458333333333,1.305925853848399,-0.8324598959282837,0.0441212156865628,1.1264722254176414,1.0849588908592616,1.2314230208839243,6.311828287724337,0.5110942537454959,0.6720286673857593,1.1822432242919425,0.3524116617379565,,-0.1739130434782608,,-0.3804218208688147,,-0.9369350635744768,,0.5594283722551412,,,-0.5906987232488967,,1.2836025808130211,0.0772889417360285,0.8369791666666667,1.078880407124682,1.1171565213430668,,0.1306818181818181,,,0.5427001255173508,-0.3724717607973422,1.0307861781076066,1.0316781028921804,-0.9645042839657284,-0.1975084937712344,0.0,-1.1678129232080292,0.0,-0.6139447090538883,0.2048997772828507,1.0258620689655171,2.1486309832586654,1.0270581462291306,3.0362753502536184,3.2237370643716567,4.408863821054468,0.0268071732298021,,0.8850311111111111,-0.2347555607723458,1.255627446940037,-1.5688644395664293,-1.0033285782215882,0.3430422162701303,5.058799886350249,0.7964860907759883,-0.1331431288635283,-0.8509803921568627,0.928484107579462,,1.906834669721268,-1.178593558282209,2.6179245283018866,2.222093023255814,0.0244989955411828,,,1.1313685789106973,1.3333333333333333,1.424034878943134,,1.0318178653484649,0.871332560834299,1.4828760627918425,1.0050867743865948,0.871332560834299,0.0738916256157635,0.6414688701459408,0.6940572008245095,0.0948384190435545,0.0774647887323943,-0.4786324786324786,-0.7586206896551724,,2.565217391304348,,0.5475234621675282,0.7294078448315034,1.6251397554464062,0.5879740272104957,0.5044807393147716,,0.8511066398390342,1.0310965630114566,,53.7539,0.0700637535136984
2020-12-31,0.4625183353319677,0.3911776477160375,,-0.665836923837638,0.1470289542305881,0.8734211678477031,-0.0623655913978494,1.216900681247759,-0.9482163900897748,,1.1426329136706832,2.644292708064932,8.095845603399487,-7.57500926451125,-0.2283326507566565,,1.2076421753040238,0.7092391304347826,1.3720953913343297,1.0416048922057912,0.748046875,1.064804904154909,-0.8446928334864433,0.0779920479307929,0.9987832802893772,1.0989843624052875,0.8190869354055367,5.767723446251881,0.3349949879439733,0.5209863936085039,1.022034694064205,0.525716600011641,,-0.0579710144927536,,-0.5302285655728477,,-0.9504275634311188,,0.4756012547926107,,,-0.0056911529416817,,1.3075193823661122,0.1153388822829964,0.5494791666666666,1.1463104325699744,1.0207617998650145,,0.0852272727272727,,,0.4625183353319677,-0.4189833887043189,1.0661525974025974,0.8539209570645893,-0.9263857317712888,-0.953114382785957,-0.6580464246767409,-1.17985223169471,0.008695652173913,1.529963277615674,-0.0044543429844097,1.3294602698650675,2.9842829521339307,-0.8474381116868164,1.0085645404381611,2.894036682788192,3.3516432941448744,-2.1325568496949527,,0.8850311111111111,-0.4108222313516051,1.2061735009272614,-3.751792637620424,0.3452211126961483,0.2235022955400402,0.013859725716028,-0.6559297218155198,0.4438104295450943,0.2611764705882353,-0.6589242053789731,,0.6559755631920581,-2.405587423312884,0.7783018867924528,-1.894186046511628,-2.031783363548761,,,0.9777897980777808,2.0,1.1451870453857655,0.0,0.7588943813966441,0.871332560834299,1.18732480733898,0.8150807899461401,0.871332560834299,0.7635467980295566,0.8017197257549683,0.6392170210494,-0.189676838087109,-0.4014084507042254,-0.4444444444444444,0.0,,0.8260869565217391,,-0.2454817652529599,0.6613036943077844,1.6251397554464062,0.5332102862909752,1.7282060014488445,,0.8511066398390342,1.0245499181669395,,47.2092,0.2184086999991526
2020-09-30,0.3698687993728798,1.3350753511998192,,-0.3509854428734741,0.0296940399270972,0.8173151826687639,-0.0021505376344086,0.9579240895354196,-0.9746705526729244,,1.1088679187552308,1.7016662372240832,,-6.651583286065419,0.3107197352908708,,0.8033017821716626,0.3434782608695652,0.6937825537294564,-0.3161133455304512,-0.4453125,0.5453926243067043,-0.8326297978388137,0.0479094008717728,0.7099173984176285,1.0556182492342414,0.4951432734337057,5.337106359238593,0.3149467638373384,0.5311106039885011,0.5722008475351361,0.1038706703476186,,-0.2318840579710145,,-0.5968603998737212,,-0.9758252102200924,,0.3938654583478564,,,-0.1049104985664737,,1.2670909814144435,-0.9227110582639716,0.56875,1.0725190839694656,1.024239959918346,,0.1477272727272727,,,0.3698687993728798,0.0494551495016611,0.8270910636982065,0.8278086451095025,-0.8536457422626333,-1.0640996602491506,-1.4288830035831126,-1.1918915401813908,6.223188405797101,0.6866057185030853,6.271714922048997,-1.1053223388305846,-3.1180514029709974,-0.3177892918825561,-0.5437854934498627,3.09850203570817,3.0123859608828405,-2.520798668885192,,0.7546607407407407,17.40125594225013,1.2061735009272614,-1.4780188149188265,0.0161673799334284,0.3056859910419772,0.0217795689823298,0.5036603221083455,0.019020446980504,-0.0101960784313725,-0.934596577017115,,-0.3016418480336006,-2.497611963190184,0.8726415094339622,2.0127906976744185,-2.265340454374704,,,-0.2779425863795948,0.3333333333333333,1.0533312884492203,,0.3272296873912135,0.7438702201622248,-0.6208903539749898,-0.3638539796529024,0.7438702201622248,-2.6157635467980294,0.4740157288915637,0.4367126019911028,0.3003216603045894,-1.028169014084507,0.0598290598290598,-1.103448275862069,,0.1739130434782608,,-1.2833856658474223,0.4490271508174601,1.1806756444483777,0.3395949463501947,-2.046870986455324,,-0.0885311871227364,-0.4877250409165303,,43.2256,-0.0053764435889842
2020-06-30,0.8641738578620989,1.3171261947496296,,-0.3953604838147321,0.8888253641470498,0.8203150691595453,0.0021505376344086,0.6796881626799159,-0.9974045986428188,,1.107572034088966,1.680194108047754,,-1.1148088485536018,0.7981607226742733,,0.699450144356614,0.1875,0.8714632800827491,-0.0818461726600632,-0.23046875,0.7454510071032402,-0.8327996997493438,0.0516975860569827,0.6616665708040953,1.1014025471546025,0.4810587663914522,4.871488375990234,0.426837528108152,0.7253859923614201,0.3990353952623395,-0.0645682545404115,,-0.2898550724637681,,-0.576641084637594,,-0.9976513129293666,,0.390728476821192,,,-0.1581710996810806,,1.2972121415294244,-0.9369797859690844,0.9385416666666668,1.0229007633587786,1.1358723349633757,,0.1477272727272727,,,0.8641738578620989,0.4730431893687707,0.8303764687693259,0.8310968621705134,-0.8137786326280818,-0.9087202718006796,-1.113880666770525,-1.1918915401813908,1.1565217391304348,-1.3381055560363335,1.2939866369710469,-2.500374812593704,-6.6172261259137,-0.3131836499712147,-7.453847606019998,5.680729055293395,3.222778105541466,-0.1192457016084304,,0.8257718518518519,2.1714889371441988,1.2061735009272614,1.5844003579844252,-0.2387066096053257,-0.4937372288405001,-11.291716536929734,-0.2752562225475842,-0.183864320811539,-0.2203921568627451,-0.0372860635696821,,-4.564337533409699,-0.64025,0.1650943396226415,0.5476744186046512,-0.0914629166870825,,,0.5170534555790315,1.0,1.059892413944688,,0.4191324932117246,0.8133951332560835,0.6008766469128275,0.4305804907241173,0.8133951332560835,0.2118226600985221,0.0526820186386149,0.5199262822896347,0.0948384190435545,-0.2816901408450704,-0.4615384615384615,-0.6896551724137931,1000000.0,0.6956521739130435,,-0.0472304583978379,0.5349946850851054,1.188542265881971,0.4225403063798996,1.1394325262711302,,0.4064386317907444,0.3109656301145663,,36.7975,0.1683728514165365
2020-03-31,1.0155039218339532,1.3119978643352896,,-0.1164316550411103,1.175680237927322,0.7888568000129725,0.0021505376344086,0.873510833376018,-1.0036047929982446,,1.0883497448727064,2.4961350167482608,,-0.7060359236150501,7.547784747971504,,1.1258282711965402,0.2766304347826087,0.8204346626824502,2.36985556102752,1.9498697916666667,1.3894132528948138,-0.8317802882861638,0.0628393071899532,0.9259277260119892,1.0802837336772528,0.3086449732880039,4.927701936610195,0.3298474709436211,0.7201870735176378,0.5825663851711838,0.1386813814911449,,0.0579710144927536,,-0.6037533482496736,,-1.0036038863955323,,0.3441965841756709,,,-0.1654729562855026,,1.2891064472792138,-0.961950059453032,0.9286458333333332,0.9134860050890584,1.118481534696717,,0.0681818181818181,,,1.0155039218339532,6.338491694352159,0.8400394248608535,0.8407680888205455,-0.7648190243049484,-1.0776896942242356,-0.1825829568468608,-1.1678129232080292,5.927536231884058,0.5037285711253313,4.708240534521158,2.784482758620689,6.421208205611884,0.6591824985607369,11.290717157243526,1.812926129223807,5.879855565792692,-1.7350711776668517,,0.8376237037037038,-0.2934444509654322,1.2144158252627242,0.1690518580398871,-0.5011887779362815,-0.4937372288405001,-0.0732585502132912,1.5402635431918008,-0.0063401489935013,-0.4368627450980392,-1.3496332518337408,,6.9988545246277205,-2.083501533742332,1.4386792452830188,1.0244186046511627,-1.5646691818968756,,,0.1172969231168813,31.666666666666668,1.1451870453857655,,0.2005152126992968,0.8249826187717265,0.3867765248524862,0.2944344703770197,0.8249826187717265,0.4778325123152709,-0.2246059787073427,0.4338905065089344,0.0316128063478515,-0.9577464788732394,-0.2478632478632478,0.3103448275862069,7000000.0,1.7826086956521738,,-1.1667672500502917,0.437415951383908,1.2908083445186858,0.3346441213713785,0.8739072335439256,,0.2434607645875251,0.055646481178396,,32.1182,-0.0221712300191169
2019-12-31,0.8513328262867862,0.4279306823521401,,-0.3636640259995478,0.8737757443779735,0.8100992394882356,-0.2172043010752688,0.6518235926855503,-1.0180719131609046,,1.0834541805779283,1.5395516619427982,7.914963474142763,-1.107624125543581,0.1272125400406487,,0.7869390013501659,-0.0842391304347826,0.879508332375589,0.3925816868636156,0.2044270833333333,0.683954461418702,-0.8428239124706134,0.1125313834430013,0.619231405856564,1.108979526035789,0.4266634288489558,4.248896676293681,0.395139660263878,0.4627037770966282,0.6343940733514222,0.2532198504150054,,-0.3478260869565217,,-0.4387821171185453,,-1.0174932244832522,,0.332345765074939,,,0.3731463485347965,,1.3292346373327262,-0.9655172413793104,0.4385416666666666,0.9681933842239184,0.9444079053609212,,-0.0056818181818181,,,0.8513328262867862,-0.1100132890365448,0.8831362090290662,0.883901759679689,-0.7532785452002099,,,-1.17985223169471,5.797101449275362,0.9609214395697162,5.0534521158129175,-0.0003748125937031,-0.3168252770572978,-0.8894645941278065,-0.0362388316523429,1.842743993191304,1.8999374960003577,-3.8759474949158808,,0.9087348148148148,7.541522389811608,1.1649618792499483,-1.406922239107659,-0.0028530670470756,0.7614319388254456,0.0257394906154807,-1.6046852122986823,0.4247899825645903,-0.0258823529411764,-1.569682151589242,,0.0114547537227949,-3.471538343558282,0.1179245283018868,-2.324418604651163,-3.567053750796217,,,0.3905768125401591,25.0,1.112381417908428,,0.5040729652579544,0.8945075318655852,0.2564547114244523,0.2196289646918013,0.8945075318655852,0.1527093596059113,0.7224945836561233,0.5201551008422429,0.2212896444349606,-0.8661971830985915,-0.1623931623931624,0.2413793103448276,-46000000.0,4.478260869565218,,-1.015163309514022,0.5385673618338908,1.2514752373507183,0.4215501413841364,-0.3382734506454862,,0.4607645875251509,0.425531914893617,,41.9858,-0.1208622915366624
2019-09-30,0.7694712499941674,1.3709736641001984,,-0.5073546347617166,0.7527272875340612,0.7862623035885129,-0.0623655913978494,0.4403806791988936,-1.0337790721946498,,1.0613521476588583,1.5749806750837414,,-1.130312724522594,0.2801352027491671,,0.6248245139048169,-0.3255434782608695,0.8560627514078841,0.4065787820980098,0.2356770833333333,0.6796730563393987,-0.8321200921072237,0.2919130936838251,0.4806141275866917,-0.0412703530549734,-2.387323943661972,-0.4518297513981797,0.1683779903009943,0.451485057486361,0.4674784305356544,-0.0361207916704331,,-0.0579710144927536,,-0.4341868182012438,,-1.0325730772642052,,0.2788428023701638,,,-0.2810140990260611,,1.3268329501474787,-1.0,0.4171875,0.6997455470737913,0.9205576649952176,,-0.034090909090909,,,0.7694712499941674,0.0660664451827242,0.8821699134199135,0.8829346370146858,-0.6623535583143906,,,-1.17985223169471,6.008695652173913,-0.351058809698367,4.8240534521158125,-0.3069715142428785,-1.2090676727186984,-0.7132987910189983,0.733746591855114,1.6076088373333288,1.9306196837630736,-2.2360880014790165,,0.8850311111111111,0.0586888901930864,1.1649618792499483,0.1163877278093927,0.2558250118877793,-0.0753475062851849,-0.0059398824497263,0.0409956076134699,-0.0760817879220161,0.1874509803921568,-0.9504889975550124,,0.4864452080946926,-2.261415644171779,0.0235849056603773,0.1058139534883721,-1.9893184379440445,,,0.4063863929200182,25.0,0.8630586490806633,,0.3773584905660377,0.871332560834299,0.728871285101075,0.5203470975463794,0.871332560834299,-0.1034482758620689,0.1463117320281591,0.551579515400442,0.2529024507828121,-0.176056338028169,-0.188034188034188,0.0689655172413793,5000000.0,2.3043478260869565,,0.127697165297858,0.5681163757769688,0.9525436228741684,0.4587194119943256,-0.0265698461396374,,0.2776659959758551,0.1080196399345335,,36.9007,0.0002872574233008
2019-06-30,0.7997820570847312,1.4120003074149177,,-0.4249438444422374,0.800156392260847,0.7929107006761906,-0.0580645161290322,0.5792937560825693,-1.0457661146151396,,1.050265134403038,1.6318818174010137,,-1.1004394025335602,0.1214779401890793,,0.6798715568996787,-0.3902173913043478,0.9528332375589011,0.6040114938252551,0.53125,0.7454510071032402,-0.8317802882861638,0.143505368192659,0.5042602285363703,-0.0335321618571658,0.3013598834385624,-0.4751636822215599,0.1805694779334073,0.4706389690160854,0.5008615590988079,-0.0009357718049335,,0.0579710144927536,,-0.3124113968927507,,-1.0440813859654587,,0.2520041826420355,,,-0.2367734384227989,,1.3710640224757893,,0.4536458333333333,0.7926208651399491,0.9447391586993338,,-0.034090909090909,,,0.7997820570847312,-0.1083521594684385,0.9099992269635128,0.9107877697667784,-0.6483650987934954,,,-1.143734306234668,5.353623188405797,-0.5788388280840516,4.182628062360802,-0.3407046476761619,-1.3769526055175667,-0.5371329879101899,0.4143635705288698,1.482373808669842,1.6886687174056545,-1.7775929007210205,,0.8731792592592592,-1.7019778155995071,1.1649618792499483,0.8326198989441171,0.1569186875891583,-0.3592548180191488,0.0178196473491789,0.1639824304538799,-0.0634014899350134,0.1058823529411764,-0.8374083129584352,,0.2894234440626193,-1.6755260736196318,-0.8726415094339622,1.0476744186046512,-1.587534911068646,,,-0.1108127366496563,1.0,0.9417921550262732,,0.2297570145512776,0.8597450753186558,0.3984124010514178,0.3064033512866547,0.8597450753186558,-0.1428571428571428,0.243542588240378,0.5287739329904869,0.4425792888699212,-0.5915492957746479,-0.1965811965811965,-0.3793103448275862,19000000.0,5.913043478260869,,-0.5603514879052125,0.5361855773347005,1.0469430800772896,0.4341176201765159,-1.0194035493804892,,-0.0643863179074446,-0.4549918166939443,,36.1111,-0.0760471251390479
2019-03-31,0.8197528474707554,1.3874982843241823,,-0.5876523278935168,0.8397675126920089,0.7852893674293405,-0.1369175627240143,0.4809482149259847,-1.0474194997765864,,1.0542967755869728,1.5470669071545131,,-1.101951975798828,0.2686660030460283,,0.7516597109084417,-0.3739130434782609,1.043627399149523,0.9708827268109572,0.85546875,0.8373066069864746,-0.8333094054809337,0.1555384270162671,0.5498908125311553,1.1163952926003546,0.2702768334142787,-0.4698605161253371,0.2350247893581859,0.4635246590193306,0.6002487729032652,0.1753636362445381,,-0.463768115942029,,-0.3638787447665289,,-1.0456687388897696,,0.2617636807249913,,,-0.2320487076787612,,1.3531514388858172,,0.4401041666666667,0.7035623409669212,0.919729531649186,,-0.0568181818181818,,,0.8197528474707554,0.0129102990033222,0.9204352195423624,0.9212326945488132,-0.5619863612519671,,,-1.143734306234668,5.266666666666667,-0.7168131044538749,-0.0222717149220489,1.01311844077961,2.1259948125442114,-1.0633275762809442,-3.022098705446533,2.539630071060229,1.5598035288022465,-4.286374560916991,,0.8376237037037038,-55.84247901872176,1.173204203585411,0.1479862059476893,0.0408939610080836,,4.987521296953533,0.2459736456808199,0.019020446980504,0.0101960784313725,-1.212713936430318,,-1.8304696449026343,-3.627980061349693,1.0613207547169812,-1.1034883720930233,-3.825109837163343,,,-0.018213765853339,0.3333333333333333,1.1287842316470968,,0.1684884773376035,0.8249826187717265,0.2192199075878712,0.1867145421903052,0.8249826187717265,-0.0541871921182266,0.0778900183973383,0.4607385500149685,0.3161280634785151,-0.3943661971830985,-0.4273504273504273,0.0,-17000000.0,0.4782608695652174,,-0.0355686168181248,0.4622758270942054,1.271141790934702,0.3618355754857997,0.4929361613701105,,-0.0724346076458752,-0.4615384615384615,,37.6977,-0.0691884453002691
2018-12-31,0.7332251986580376,0.2723713264504966,,-0.4798843713218902,0.6831472273030071,0.7922620765700757,-0.3992831541218638,0.4362829483173692,-1.0573398107452674,,1.052424942180146,1.310873486214893,5.478536005821116,-1.121993571563623,2.3159181500563184,,0.6017463721681394,-0.3543478260869565,0.4535802781289507,-0.1481482027177202,-0.2037760416666666,0.5461710615938503,-0.8416345990969034,0.0784377167761117,0.5707249447192505,0.74592938900532,0.3120446818844099,-0.4730424157830708,0.0261439679228414,0.4698180870933829,0.5799750007621719,0.1779837972983519,,-0.463768115942029,,-0.3013826794912269,,-1.0551928564356348,,0.2572324851864761,,,-0.0602403169864808,,1.088565567311036,,0.4520833333333333,-0.1348600508905852,0.7840812895692464,,-0.0568181818181818,,,0.7332251986580376,1.7919800664451828,0.853567563388992,0.8543078061305905,-0.4930931981115579,,,-1.131694997747987,6.973913043478261,0.0955206528714161,5.051224944320713,0.4523988005997001,0.6659618014619194,-0.6252158894645942,3.006565301758154,1.5224149402833378,2.647706243474556,-2.565169162506933,,0.7191051851851852,-3.668055637067903,1.1072656089017103,-0.5340142805372137,-0.621017593913457,-0.2322436522434281,-0.0257394906154807,0.9077598828696926,0.5832937074021239,-0.5356862745098039,-0.8361858190709046,,1.888507063764796,-2.6601886503067487,0.0235849056603773,1.35,-2.4498995541182813,5.651302605210421,0.0,-0.02498930030185,0.6666666666666666,0.7974473941259884,,0.342546821694632,0.7091077636152955,-0.0670226469058459,-0.0122681029323758,0.7091077636152955,-1.1773399014778323,0.3101637304598614,0.4925443288275146,0.2529024507828121,,,,29000000.0,5.652173913043479,0.0,-1.038486992673448,0.510134809374808,0.8738774085382343,0.4012898422400578,-2.173861343846596,0.0,0.0945674044265593,-0.1931260229132569,,35.8538,-0.0265885345486391
2018-09-30,0.6895880884500707,0.9903375844580818,,-0.5221463150754693,0.6069218804206727,0.7955051971006503,-0.5455197132616487,0.6030605951954106,-1.06519339026214,,1.0488972561442031,1.2314266082624754,-1.3620972460695822,-1.120859141614672,0.247639136923607,,0.5896398060111938,-0.6282608695652174,0.5790830938972532,0.1701015415590333,-0.1985677083333333,0.4418604651162791,-0.8336492093019937,0.063284976035272,0.4989558329179288,0.7494760599709818,0.3135016998542982,4.214956413277855,0.0023028365527891,0.2049468533680511,0.5296716563519405,0.0046788590246675,1.068836775172092,-0.5797101449275363,0.0,-0.2673774675031948,0.0,-1.0627327828261113,0.0,0.2486929243638898,0.0,,-0.4734394966014152,,1.0839623335393114,,-0.0520833333333333,-0.099236641221374,0.6114983002563072,,-0.0738636363636363,,,0.6895880884500707,-0.0053621262458471,0.8404259431045146,0.8411549378865468,-0.438188494492044,,,-1.1196556892613063,4.028985507246377,0.0089805742015861,2.868596881959911,0.2162668665667166,0.2528516859231313,-0.3189407023603914,1.5309662264834134,1.0129554359243922,1.6010053237978938,-1.4503605102606767,,0.6835496296296296,-5.868889019308645,1.0990232845662478,-0.8315666163395072,-0.0846409890632429,0.3430422162701303,1.0315595854358042,-0.5915080527086384,-0.1204628308765256,-0.0933333333333333,-0.4125916870415648,,0.9782359679266897,-1.738409509202454,0.2122641509433962,0.0825581395348837,-1.2837473663579793,0.0,0.0,0.697734374205992,19.666666666666668,0.7187138881803785,,0.3495091554689132,0.6743453070683662,0.8242854699323141,0.5562537402752843,0.6743453070683662,0.3201970443349753,0.1949271601342686,0.4791203070744976,0.0948384190435545,,,,0.0,0.0434782608695652,0.0,0.139359006877571,0.4991934868316531,0.7794779513351131,0.3897125284434415,1.1509771042157912,0.0,0.5352112676056338,0.530278232405892,,42.9574,-0.0585600821077431
2018-06-30,0.65565640908391,0.9245240108073866,,-0.4101521641284847,0.5660077626069069,0.7730465874264217,-0.4924731182795699,0.7112406904676536,-1.0866873973609492,,1.0239874731148928,1.2861805376621145,-1.3620972460695822,-1.117833995084137,0.1253010067567923,,0.5962605843782735,-0.7592391304347826,0.5411564188024365,0.5531799374477181,-0.1953125,0.3972949304271674,-0.8355181303178236,0.0773235446628147,0.4466787773048558,0.7246493632113493,0.1823700825643516,4.082377260872286,-0.0177453875538457,0.0,0.4488814365415688,-0.1723691664687509,1.068836775172092,-1.2173913043478262,0.0,-0.2117743506038452,0.0,-1.0833683708421522,0.0,0.1883931683513419,0.0,,-0.4858956049266056,,1.0748559362952474,,-0.4421875,-0.0814249363867684,0.4958908851503269,,-0.034090909090909,,,0.65565640908391,-0.1116744186046511,0.8526012677798392,0.8533406834655873,-0.416156670746634,,,-1.131694997747987,4.318840579710145,-0.9796990038093965,3.6280623608017817,-0.926911544227886,-2.623828342372082,-0.4657455382843984,0.8179250625922636,0.7488543550694202,1.076778230023485,0.2061379182843409,,0.7665125925925926,0.1173777803861729,1.0990232845662478,2.2413853826098435,0.2710413694721826,0.3430422162701303,-5.015240748385589,-1.1888726207906295,-0.0760817879220161,0.2,-0.6259168704156479,,0.5383734249713631,-0.0835015337423312,0.6367924528301887,-2.1267441860465115,0.1682264360494553,0.0,0.0,0.7429046038627322,18.33333333333333,0.8040085196214559,,0.5207825663162292,0.7554577056778679,0.991842087196929,0.6744464392579294,0.7554577056778679,-0.1921182266009852,0.3695825870339952,0.5684358154425827,0.126451225391406,,,,0.0,1.0434782608695652,0.0,0.0227405910804404,0.5935716976120639,0.8817440299718277,0.476923214608742,0.2620446024768892,0.0,0.5955734406438632,0.6284779050736498,,39.9253,0.0117621105618338
2018-03-31,0.7431919295609692,0.9632713961601768,,-0.2918187216184634,0.7167645597741905,0.7748303037182377,-0.4422939068100358,0.6120756031347642,-1.111901521073014,,0.9968458887159044,0.2490766984454178,-1.3620972460695822,2.3357489128379654,0.0220782094285423,,0.7444714372527553,-0.5543478260869565,0.8700841282611194,1.0695990826745796,-0.57421875,0.6652719665271967,-0.8350084245862336,0.1163195686282112,0.591047809859785,0.7103014670320813,0.1959689169499757,4.195865015331453,0.1434531711413941,0.1849720599156243,0.7334764184018779,0.1012505092938048,1.068836775172092,-1.0434782608695652,0.0,-0.0003906004079706,0.0,-1.1075755029378926,0.0,0.122690833042872,0.0,,-0.5348609962739055,,1.0834619820423848,,-0.0901041666666666,-0.0356234096692111,0.6196140070474148,,0.0,,,0.7431919295609692,-0.201375415282392,0.8864216141001855,0.8871899767406999,-0.3909774436090225,,,-1.1557736147213489,6.956521739130435,-0.971534845444318,5.436525612472161,1.1390554722638682,2.5259004951662343,-1.2556131260794474,-0.2392574963713508,0.8485312146179096,0.805021709839427,-7.131632464411166,,0.7191051851851852,0.2054111156758025,1.1072656089017103,-0.8605318879662791,-0.3756538278649548,0.3430422162701303,5.78346554521686,-0.2869692532942899,0.0063401489935013,-0.3333333333333333,-1.397921760391198,,-0.1137838869797632,-6.12184509202454,0.4009433962264151,-0.9988372093023256,-6.335440246949875,0.0,0.0,0.3183044450893749,1.0,0.6498220704779698,,0.1141822738982106,0.7091077636152955,0.5403700906783833,0.3782166367444644,0.7091077636152955,0.3103448275862069,-0.091363694268376,0.4695099278649512,0.1580640317392575,,,,0.0,0.6956521739130435,0.0,-0.1871725573543946,0.4787994570573372,0.6968784262823822,0.3817150419392001,1.0470759027138417,0.0,0.2535211267605634,0.0621931260229132,,36.6525,0.0993530813755533
2017-12-31,0.7007493339181478,0.2720864192052555,,-0.1650328903577262,0.670117253476967,0.7372911835768376,-0.4193548387096774,0.2854864518772729,-1.1243019097838651,,0.9822311894241412,0.2673280082452976,5.144178130528381,2.2710864057477784,0.0354589424155377,,0.6768449153604422,-0.0103260869565217,0.522078151936559,-0.0155441426024062,-0.57421875,0.3719957185949207,-0.8433336182022033,0.1196620849681023,0.5283536881526644,0.682734160889892,-0.0104419621175327,4.639209700975677,0.0039283682371108,0.1756687314583295,0.6348513764824243,0.3086175412670687,1.068836775172092,-0.8115942028985508,0.0,-0.0858631602697808,0.0,-1.119480649870224,0.0,0.0873126524921575,-7.628294036061026,,-0.1139304390778184,,1.0678510153382752,,-0.1078125,-0.0139949109414758,0.6194483803782085,,-0.034090909090909,,,0.7007493339181478,-0.1897475083056478,0.8893205009276438,0.8900913447357095,-0.3203357230285015,,,-1.1557736147213489,1.0811594202898551,0.7029340352332418,0.6859688195991092,0.1510494752623688,0.0434671068144305,0.4565342544617156,0.2088690684352398,0.7940071205059155,0.907587880360507,-0.4205953041227583,,0.7783644444444444,0.4108222313516051,1.0742963115598598,-1.1765166693492457,-0.0865430337612934,-0.2098299171065362,0.2712546318708352,-4.0,1.001743540973213,-0.0949019607843137,-0.2365525672371638,,0.1626575028636884,-0.1586549079754601,-0.8254716981132075,-0.6151162790697674,-0.6631061459813481,5.170340681362726,0.0,0.4967268522334985,1.3333333333333333,0.4857939330912825,,0.183805611641022,0.767045191193511,0.1703492275523585,0.1478156792339916,0.767045191193511,0.2019704433497537,0.4992237286502872,0.5033750736509717,0.0474192095217772,,,,0.0,1.434782608695652,0.0,-3.883976338123434,0.5192897935435702,0.5002128904425466,0.419341311778203,0.746916876152654,0.0,1.0503018108651911,1.3551554828150574,,34.2185,0.1803585529201884
2017-09-30,0.6636447252383196,0.9544392715577026,,-0.5728606475797642,0.6538949360635472,0.6806176523050479,0.5856630824372759,0.2584414280592122,-1.127608680106759,,0.9441465789544732,0.0257665550115949,-1.3620972460695822,2.2608765362072227,-0.5112395767674156,,0.6109208793339497,-0.0413043478260869,0.5517299161015975,-0.1105770523517145,-0.57421875,0.3414420550744381,-0.8346686207651737,0.07910622004409,0.4781856091107788,0.6783814283411252,-0.3712967459932005,-0.2025809448757096,-0.0058248218688195,0.1680071668464398,0.5057394591628304,0.1420501599889055,1.025376268813441,-0.927536231884058,0.0,-0.1805263179661942,0.0,-1.1226553557188457,0.0,-0.0048797490414778,0.0,,-0.8874977181698112,,1.0469363227667436,,-0.1223958333333333,-0.3002544529262086,0.6936491281826199,,-0.034090909090909,,,0.6636447252383196,-0.2312757475083056,0.8541473407544836,0.8548880797295925,-0.2692778457772338,,,-1.1076163807746258,-0.3768115942028985,0.1077668904190335,-0.2360801781737193,0.2477511244377811,0.0227172836595142,0.5382843983880253,3.2615765513442248,-0.3109577242324668,0.8514833084515401,1.0306895914217045,,0.6835496296296296,-0.1760666705792593,1.0248423655470842,-0.6314429214636283,-0.3509272467902996,-0.8897132162589235,0.013859725716028,1.0424597364568082,0.310667300681566,-0.3129411764705882,0.3643031784841076,,0.7124856815578465,0.5775414110429448,-0.2594339622641509,1.1988372093023256,0.7970339882731474,0.0,0.0,-0.2214797993086696,1.0,0.5350023743072887,,0.0069623337742811,0.6743453070683662,0.1726764027921448,0.137342908438061,0.6743453070683662,-0.8522167487684729,-0.156184265076522,0.4193986648437455,-0.0316128063478515,,,,0.0,4.652173913043479,0.0,-0.6303225373834909,0.4267723519031519,0.5592125511944973,0.334339455218836,-1.2964734200523549,0.0,-0.1509054325955734,-0.5957446808510638,,36.2865,-0.0976563884337847
2017-06-30,0.6206422008930863,0.933641042655102,,-0.5813130363304799,0.5908950126146434,0.6677262481960142,0.3734767025089606,0.3080239717256569,-1.133395528171823,,0.955161598617723,0.2104268659280254,-1.3620972460695822,2.184491586311212,-0.6737199058952165,,0.5681695675922357,-0.1679347826086956,0.4894382254913228,0.0242370754321879,3.9615885416666665,0.2721611365184392,-0.8346686207651737,0.0766550413948365,0.4181756394033513,0.6458165403836853,-0.4611461874696455,-0.2280361421375789,-0.1301779957194332,0.0205220480675618,0.4325709582024938,-0.0537133016031829,1.016100805040252,-0.927536231884058,0.0,-0.3174662257017825,0.0,-1.1282110909539336,0.0,0.021784593935169,0.0,,-0.8260762184973208,,1.0256213489976709,,-0.403125,-0.0814249363867684,0.608351393541388,,-0.1818181818181818,,,0.6206422008930863,-0.4123388704318937,0.8520214904143476,0.8527604098665854,-0.1706592061549222,,,-1.047419838341222,0.0898550724637681,-1.933272700850542,0.1692650334075723,-0.2035232383808096,-1.3147031360528176,0.3103051237766264,-0.0461421811508311,-0.2777321043829704,-0.2855109066411157,1.1490109077463486,,0.6242903703703704,0.6749222372204942,1.033084689882547,1.1235892184675988,0.183547313361864,-1.621895230730725,-0.0178196473491789,-0.3338213762811127,0.3613884926295768,0.1278431372549019,1.0427872860635696,,0.0053455517373043,0.8413450920245399,-0.2122641509433962,0.663953488372093,0.8884969049602299,0.0,0.0,0.1353650149795774,-0.3333333333333333,0.7088721999371772,,0.1113973403884982,0.6164078794901506,0.2890351647814608,0.2046678635547576,0.6164078794901506,-0.270935960591133,0.1589157319075208,0.4265683128254705,0.0790320158696287,,,,0.0,1.0,0.0,0.2793011058341278,0.4354063207127163,0.767678019184723,0.3374622832823969,0.3774903819234999,0.0,0.0100603621730382,-0.320785597381342,,34.6128,-0.0436948181019738
2017-03-31,0.6883189167246038,0.9091390195643668,,-0.2728008469293528,0.7279051873954548,0.6442136243493489,0.4824372759856631,0.60633877990063,-1.1441425317212277,,0.9673285157620972,0.1524521171519368,-1.3620972460695822,2.071804878048781,-0.5915239746893878,,0.7744541050008158,0.1782608695652174,0.5317322146879669,0.2651344513083416,0.2317708333333333,0.3163374525639778,-0.8344987188546437,0.0378818518520994,0.5642062898628526,0.5977752700306304,-0.6024769305488101,-0.1909139794640196,0.1228631031399853,-0.0068406826891872,0.5572622785890674,0.1293236634418098,0.999241628748104,-0.8695652173913043,0.0,-0.5164426688209428,0.0,-1.138528884961954,0.0,0.0512373649355176,0.0,,-0.8814844244955813,,0.9783881676878008,,-0.4552083333333333,-0.1501272264631043,0.5954325133432985,,-0.1875,,,0.6883189167246038,-0.2827707641196013,0.8183944032158318,0.8191045411244735,-0.0381185521944395,,,-0.9872232959078184,-0.3333333333333333,-0.7094653619253045,-0.267260579064588,0.2305097451274362,-0.2225078990804055,0.3172135866436384,-0.3259118044831225,-0.1482373808669842,-0.251322183134089,0.2320207062303568,,0.6005866666666667,-2.318211162626915,1.049569338553472,0.2217159882703815,0.2976699952448882,-1.5098265550462655,-0.0692986285801404,-0.5446559297218155,0.0317007449675067,0.2219607843137254,0.1888753056234718,,-0.1672394043528064,0.0560690184049079,0.5424528301886793,-1.0453488372093025,0.1633266369412187,0.0,0.0,0.3047533761923529,0.3333333333333333,0.6760665724598398,,0.0849404720462299,0.5932329084588644,0.465900483005221,0.3153800119688809,0.5932329084588644,0.3793103448275862,0.2957591591691623,0.430687046772419,0.0,,,,0.0,0.4347826086956521,0.0,0.3959195216312584,0.4387557051647024,0.7283449120167559,0.3423369417230775,1.312601195441046,0.0,0.1408450704225352,-0.1145662847790507,,38.2183,-0.1027361237940986
2016-12-31,0.6935075893669539,0.2472994888692793,,0.001901787468911,0.7337035257480427,0.647132432826866,0.4637992831541219,0.6432183578343492,-1.1536494963995472,,0.974455881426553,0.134200807352057,4.793376425303217,1.9179005483078089,-0.3181747150979111,,0.7338781918654279,0.2402173913043478,0.4354214458108263,-0.3418974683306511,-0.4049479166666667,0.2626252797509,-0.8385763647073635,0.0349850043575271,0.5999310748111507,0.5321618571658875,-0.5781932977173385,-0.1654587822021503,0.1781311804069247,0.143107081857798,0.5827188195481845,0.2008166293387293,1.0022751137556878,-0.8695652173913043,0.0,-0.5274713862224667,0.0,-1.1476561642767416,0.0,0.0684907633321715,-7.628294036061026,,-0.2097136168887648,,0.9363586419459672,,-0.1697916666666666,-0.1717557251908397,0.6812271279921494,,-0.1988636363636363,,,0.6935075893669539,-0.4970564784053156,0.8158820346320347,0.8165900221954652,0.0,,,-0.9390660619610958,0.5101449275362319,0.1689980781571208,0.6258351893095768,0.0003748125937031,-0.7223900023579345,0.4271732872769142,0.0182295905893421,-0.1371621742504853,-0.1180738248502928,0.065631355148826,,0.5650311111111112,2.6996889488819766,0.967146095198846,-2.318011692095213,0.5525439847836424,-1.4948840649550044,0.049499020414386,0.1464128843338213,0.4184498335710889,0.432156862745098,0.4504889975550122,,-0.0969835815196639,-0.0681641104294478,-0.2122641509433962,-2.15,-0.0832965848400215,4.929859719438878,0.0,0.6909588397574811,0.6666666666666666,0.5087578723254187,,0.3049502193135139,0.5584704519119351,0.3728134734137682,0.251047277079593,0.5584704519119351,0.270935960591133,0.623463156032567,0.5301468443061363,-0.0158064031739257,,,,0.0,0.8260869565217391,0.0,1.3871760559068684,0.5513694535170379,0.5277460654601236,0.445542600896861,0.8508180776546036,0.0,0.3138832997987927,0.1636661211129296,,37.3664,-0.0805700934827852
2016-09-30,0.6966431901004605,0.9296523412217264,,0.0209196621580216,0.7137025159250712,0.6780231558805883,0.425089605734767,0.6682145162116478,-1.0672601217139486,,0.9563134960988472,0.2050588336339431,-1.3620972460695822,2.1035689166193987,-0.1614289858216797,,0.6926402008933321,0.3108695652173913,0.4492129640271233,-0.3035896287417827,-0.2708333333333333,0.290259803444585,-0.8327996997493438,0.0561542745101709,0.567849067576722,0.6113171046267935,-0.393152015541525,-0.2078841109719324,0.2970659153097992,0.1677335395388723,0.3383665132160605,-0.0533389928812095,1.024151207560378,-0.2898550724637681,0.0,-0.3399831903965605,0.0,-1.0647169739815,0.0,0.0245730219588706,0.0,,-0.886209155239619,,0.9949998373857636,,-0.1229166666666666,-0.0877862595419847,0.7025929683197588,,-0.1079545454545454,,,0.6966431901004605,0.0644053156146179,0.834241651205937,0.8349653528305263,-0.02203182374541,,,-0.8668302110410114,-0.5623188405797102,-0.0963370687079239,-0.3496659242761692,-0.1990254872563718,-1.2732034897429851,0.2924582613701785,0.9590477929457204,-0.4498237764239521,-0.1066775836812839,2.2897023479386207,,0.6124385185185185,-0.3521333411585187,0.9836307438697712,0.9432145724281554,0.0028530670470756,-1.6517802109132476,0.0376192555149333,0.4158125915080527,0.1902044698050404,-0.0211764705882352,0.0666259168704156,,0.6254295532646048,1.7401180981595092,-0.3537735849056603,-0.1151162790697674,1.9403204468616784,0.0,0.0,0.354440628814767,1.0,0.8072890823691896,,0.4149550929471559,0.6048203939745075,0.5659690183160327,0.3812088569718731,0.6048203939745075,-1.3645320197044335,0.37318372985667,0.4800355812849305,-0.0474192095217772,,,,0.0,0.4782608695652174,0.0,0.6058326700660935,0.5015752713308433,0.8856773406886244,0.3885700303714071,-0.7423336787086235,0.0,0.1488933601609658,-0.1080196399345335,,34.5231,-0.010433593738685
2016-06-30,0.7057886922398547,0.9333561354098608,,-0.5601820644536905,0.7222371487811274,0.6875092834325187,0.4867383512544803,0.7485300414895252,-0.9936844820295634,,0.9481782201384076,0.2909473503392596,-1.3620972460695822,2.092980903762526,-0.862961700997008,,0.7911006334666159,0.1239130434782608,0.6055168371451557,0.6879940652316207,0.60546875,0.3511725211637637,-0.8334793073914637,0.0447897189545411,0.588555383002927,0.6068031597614058,-0.3358426420592521,-0.0593954602776949,0.2114545799355205,-0.1149234691783464,0.4560458522606018,-0.1121054622310334,1.030743203826858,-0.5217391304347826,0.0,-0.316087636026592,0.0,-0.9940797688496672,0.0,0.0048797490414778,0.0,,-0.9038195152855778,,0.9870942837343234,,-0.6609375,0.0139949109414758,0.5518726993420481,,-0.1022727272727272,,,0.7057886922398547,-0.3126710963455149,0.8243854359925789,0.8251007016474935,0.0213324007693652,,,-0.8066336686076079,-1.0115942028985507,-0.3535080572078904,-0.2316258351893095,0.5993253373313343,0.8376194293798632,0.0926885434657455,-0.8705960268999731,-0.1329024793979858,-0.4284022382217656,-1.2432982066925495,,0.5531792592592593,5.487411233053583,0.991873068205234,-0.2325121349676329,-0.6038991916310034,-1.0839655874453198,-0.0455390987812351,-0.5622254758418741,0.1331431288635283,-0.5215686274509804,-0.0287286063569682,,-0.5032455135547919,-1.1264463190184049,-0.1650943396226415,-0.9406976744186046,-1.1661521877603018,0.0,0.0,0.1895692905676655,1.3333333333333333,0.672786009712106,,-0.0696233377428113,0.546882966396292,0.0702806922415468,0.0550568521843207,0.546882966396292,0.8226600985221675,-0.0103379807581936,0.4879679577753497,-0.2529024507828121,,,,0.0,0.5217391304347826,0.0,0.4075813632109714,0.4864658259141056,0.7244116012999592,0.3996141784010739,1.809018047061472,0.0,0.0362173038229376,-0.2945990180032733,,34.8735,-0.0203765036489024
2016-03-31,0.6902226743128042,0.9401939092956472,,0.3252056571837908,0.6818442299204032,0.7072923186690233,0.3949820788530466,0.6350228960713005,-0.9271357292813271,,0.9404029121408196,0.3607317701623293,-1.3620972460695822,1.862691624125544,-0.1518713194023973,,0.70493593214648,0.2309782608695652,0.349914032869785,-0.0707958343171204,-0.0651041666666666,0.2071616230417437,-0.8334793073914637,0.0646219825712284,0.5951379462402699,0.5086248589392229,-0.2372510927634774,0.0774262250048524,0.1578120343529029,-0.0355715499837739,0.4429364958385415,-0.0376180265583267,0.0,-0.5217391304347826,0.0,-0.2283174267061311,0.0,-0.9301888136461556,0.0,-0.0139421401185081,0.0,,-0.982421854027296,,0.935057728053958,,-0.5098958333333333,0.0966921119592875,0.6000700600810742,,,,,0.6902226743128042,0.5195548172757475,0.8415854978354979,0.8423154850845507,0.0171358629130966,,,-0.7705157431475658,-0.1304347826086956,-0.9805154196459042,-0.4164810690423162,0.5543478260869565,0.5339174722942702,0.3483016695451928,-0.454655347963469,0.0408930705839956,-0.1022944140008959,-0.481604732852653,,0.6716977777777777,-6.925289042784201,1.0001153925406965,0.463970987330656,-0.3509272467902996,-1.868446317236536,-0.0257394906154807,0.2869692532942899,-0.0951022349025202,-0.3129411764705882,0.2286063569682151,,-0.2466590301641848,-0.6111088957055215,0.3537735849056603,0.2104651162790697,-0.4344488542636419,0.0,0.0,-0.0385403691988721,4.666666666666667,0.5251606860640874,,-0.0153171343034185,0.6627578215527231,0.1238057227566321,0.1044284859365649,0.6627578215527231,-0.9408866995073892,-0.1723894077785585,0.386601338969897,-0.1738704349131833,,,,0.0,0.5652173913043478,0.0,-0.0938778247166901,0.3937995227424879,0.5474126190441072,0.3018163434349205,-0.2574614050328587,0.0,-0.0804828973843058,-0.4713584288052373,,29.288,0.0866020213056542
2015-12-31,0.7079910784693416,0.2604052221503702,,0.5005927237611439,0.7127252678881181,0.7085895668812532,0.3118279569892473,0.6612483737130564,-0.8010651107210041,,0.9327715913283716,0.3242291505625698,4.62619748765685,1.7322321799962186,0.2380814705043246,,0.7652795978350054,0.6472826086956521,0.1262615791288357,-0.5842682226525305,-0.5748697916666666,0.0575070545879147,-0.8331395035704037,0.0561542745101709,0.6500352454720912,0.4530066097049814,-0.2372510927634774,-0.0148488650694237,0.247216276990599,-0.0552727161286332,0.4930874058717722,0.1514078780382405,0.0,-0.4057971014492754,0.0,-0.3197638751604333,0.0,-0.8091531531674536,0.0,-0.0324154757755315,-6.51872399445215,,-0.2664103858172173,,0.896730803389381,,-0.5473958333333333,0.0534351145038167,0.5729072863312451,,,,,0.7079910784693416,-0.0136677740863787,0.834241651205937,0.8349653528305263,0.1112082531911173,,,-0.6982798922274814,0.1014492753623188,0.0,1.21826280623608,-0.6210644677661169,-2.672873378920066,-0.5434657455382844,0.5208245776376179,-0.1209753338109871,0.0765389089589358,2.0327232390460344,,0.5887348148148148,15.963378132519514,0.9176921491860704,-1.1436015879551868,0.7712791250594389,-1.5397115352287882,-0.7622849143815444,0.6383601756954612,0.7037565382786496,0.6125490196078431,0.3814180929095354,,0.3550973654066438,1.1864371165644172,-0.2594339622641509,-2.312790697674419,1.5810018455909975,4.488977955911824,0.0,0.8535716665217455,-0.3333333333333333,0.5481246252982237,,0.0807630717816612,0.5816454229432213,-0.2601781918081104,-0.1529024536205864,0.5816454229432213,3.2660098522167487,0.1373088749714722,0.5390707678578579,-0.126451225391406,,,,0.0,4.521739130434782,0.0,-1.1667672500502917,0.5472013306434551,0.5749457940616841,0.4535400874011025,3.656150518207242,0.0,0.8993963782696177,1.126022913256956,,29.319,-0.1409495548961424
2015-09-30,0.7348676561851124,0.7475966115126602,,4.530269060664907,0.7620437188196798,0.7043735101915063,0.4767025089605735,1.2119834041899298,-0.7051687713570861,,0.8930311282295875,0.2888001374216267,-1.3620972460695822,1.5269003592361503,-0.1251098534284066,,0.8243936903982162,0.0103260869565217,0.3779567865762556,0.0456010628952107,,0.2336284908047095,-0.8333094054809337,0.0666274923751631,0.727747836701305,0.365468321779784,-0.254735308402137,-0.0371221626735593,-0.0023028365527891,-0.0415913507502587,0.3688533886162007,0.0009357718049335,0.0,-0.463768115942029,0.0,-0.1892573859090673,0.0,-0.7170866835574246,0.0,-0.128616242593238,0.0,,-1.018501616072675,,0.8470959348942633,,-0.5213541666666667,0.0114503816793893,0.5947700066664734,,,,,0.7348676561851124,0.3634086378737541,0.8433248299319728,0.8440563058815564,0.1500262283616016,,,-0.5538081903873129,-0.2028985507246377,0.7249772628189532,0.8040089086859689,-0.078335832083958,-1.652359349210092,,-0.3135326176100123,0.0042596948524995,-0.0900215388958094,0.75337400628582,,0.5057718518518518,12.794178062092843,0.9424191221924584,0.3941910147752508,0.113171659533999,-4.319014692203382,-0.0019799608165754,0.3045387994143484,0.5325725154541132,0.0698039215686274,-0.7640586797066015,,-0.1596029018709431,0.8183389570552148,0.070754716981132,-2.0337209302325583,0.4948797099318928,0.0,0.0,0.0992288312541853,0.3333333333333333,0.6432609449825023,,0.3926756248694562,0.5005330243337196,0.7498158622591519,0.4859365649311789,0.5005330243337196,-2.3694581280788176,0.2759528736444511,0.5333503040426518,-0.189676838087109,,,,0.0,2.8260869565217392,0.0,0.3492721553124062,0.5561330225154182,0.6890118048487888,0.4456187674349966,-2.427842058629139,0.0,-0.0342052313883299,-0.3993453355155483,,32.886,0.0164051572097548
2015-06-30,0.7233331249154275,0.7598476230580277,,2.710892382073329,0.6976104982499116,0.7595876372245375,0.3906810035842294,0.8907213030784203,-0.4550942656882484,,0.8871996472313964,0.5099630679378168,-1.3620972460695822,1.584,0.1558855392984959,,0.7041792717616709,-0.2271739130434782,0.3765776347546259,0.049284509009525,,0.2610684051766079,-0.8334793073914637,0.0659589891071849,0.6985417066094047,0.3898113815895534,0.076007770762506,-0.1516705503519711,0.0575709138197285,-0.0043780369210798,0.4324185238254931,-0.0196512079036035,0.0,-0.5217391304347826,0.0,-0.1171111929074318,0.0,-0.4769995537554091,0.0,-0.1427326594632276,0.0,,-0.9794152071901812,,0.8619063392032903,,-0.4505208333333333,0.2735368956743002,0.6414767273826432,,,,,0.7233331249154275,0.4281926910299003,0.8427450525664811,0.8434760322825545,0.2070292009092498,,,-0.4093364885471443,-0.1072463768115942,-1.697328524099779,0.2561247216035635,0.4269115442278861,-0.3338024050931384,,-0.0065287831568783,0.0238542911739974,0.0388436497075987,0.1451284895544463,,0.6005866666666667,5.105933446798521,0.967146095198846,0.7128090026697422,-0.2653352353780314,-4.124762321016986,0.0059398824497263,0.1932650073206442,0.6403550483436361,-0.2423529411764705,0.7493887530562348,,0.0297823596792668,-0.1831947852760736,-0.2122641509433962,-0.3709302325581395,-0.070230453884724,0.0,0.0,0.4583321570252693,-1.0,0.6695054469643723,,0.2186172805124277,0.5932329084588644,0.4845178849235115,0.3273488928785159,0.5932329084588644,0.3300492610837438,0.0220723046458793,0.5908600335981908,0.063225612695703,,,,0.0,1.3478260869565215,0.0,0.6874655611240849,0.6023545279528275,0.7204782905831625,0.5024390048841793,1.0355313247691806,0.0,0.2273641851106639,0.0392798690671031,,38.0303,-0.1027233547986736
2015-03-31,0.7661490063598568,0.7222398666862018,,4.5408345466033015,0.7593725741853417,0.7768572540498467,0.3849462365591398,1.24230661271321,-0.2207269190531559,,0.8718650120139307,0.4734604483380572,-1.3620972460695822,1.547320098317262,0.199850804827195,,0.8343248579488356,0.0364130434782608,0.260499023100793,-0.0184908994938576,,0.1672667120755084,-0.8302511710913938,0.0516975860569827,0.7821338688855657,0.3741737868773174,0.1634288489558037,-0.0487891280852494,0.1017311912438026,-0.1110926868724015,0.5127514405048627,0.0271373823430715,0.0,0.5797101449275363,0.0,-0.19706939406848,0.0,-0.2519922767343467,0.0,-0.1798536075287556,0.0,,-0.9815628120738348,,0.8457950210022541,,-0.6536458333333334,0.2302798982188295,0.5705885129623572,,,,,0.7661490063598568,-0.0468903654485049,0.8303764687693259,0.8310968621705134,0.2734743836335023,,,-0.2648647867069757,0.2869565217391304,-1.7879506819521482,0.0,0.5918290854572713,0.1302390945531714,,-0.4670345348365792,0.2019095360084785,0.0590062302373837,-0.4409317803660565,,0.49392,-3.785433417454076,1.0001153925406965,0.9023998714995224,1.022349025202092,-3.885682479556806,-0.0019799608165754,-0.5505124450951684,0.310667300681566,0.8196078431372549,0.1375305623471882,,-0.2542955326460481,-0.6080414110429447,0.2594339622641509,-1.882558139534884,-0.5030460417789537,0.0,0.0,0.8287280402105385,0.0,0.6006136292619636,,0.4107776926825872,0.4889455388180764,1.012786664355006,0.6535008976660682,0.4889455388180764,0.0344827586206896,0.3101637304598614,0.6031399625881666,0.0,,,,0.0,0.0,0.0,1.31720500642859,0.6261723729447293,0.6378787655304315,0.5163013148248645,1.081709636547825,0.0,0.448692152917505,0.3895253682487725,,37.1866,0.0076317813405904
2014-12-31,0.85245268369161,0.194876555744916,,4.7838407231863815,0.8531232358637,0.8476383596296356,0.453763440860215,1.6074144342570302,-0.0012400388710851,,0.8489710495765876,0.5174783131495319,4.146585781294322,1.5673616940820572,0.5993612611531993,,0.96361920120309,0.0505434782608695,0.0398347316400413,-0.5592207890751935,-0.5670572916666666,0.0211151114138367,-0.826513329059734,0.0799975577347276,0.91838653706047,0.3827180396582298,0.5767362797474502,0.0668198928124068,0.2412559941480859,-0.1157443511010489,0.6654906862595653,0.4703189091595777,0.0,1.855072463768116,0.0,0.0961106768553634,0.0,-0.0412711760320819,0.0,-0.2352736144998257,-3.74479889042996,,-0.295617812234905,,0.8638076748916114,,-0.6625,0.2824427480916031,0.582513633145209,,,,,0.85245268369161,0.3002857142857142,0.8549203772418058,0.855661777861595,0.2542402517922714,,,-0.1444717018401685,-0.7565217391304347,1.010722805596694,-6.071269487750556,-0.2380059970014992,-1.9824701721292148,0.7081174438687392,-8.466465092240416,3.1325795945281665,0.2422227228776035,0.6202625254205953,,0.8731792592592592,-71.89389048653089,0.8105419328250567,-2.581332343247685,-1.035663338088445,-3.2506266506782024,0.0019799608165754,-0.240117130307467,0.5959740053891266,-0.8776470588235294,0.4407090464547677,,-5.189003436426117,-0.0006794478527607,-0.4009433962264151,-1.905813953488372,0.3609518676400934,3.1663326653306614,0.0,1.5198325539586626,1.3333333333333333,1.0566118511969542,,0.8967485901274107,0.8597450753186558,1.5573456704650046,1.0514661879114302,0.8597450753186558,1.7586206896551724,1.1402271510863973,0.8455350826511681,0.0790320158696287,,,,0.0,3.217391304347826,0.0,2.413418114921618,0.878343806796489,1.1846089551651744,0.747771424219055,2.10917707362266,0.0,0.8752515090543259,1.0703764320785598,,40.552,-0.1032698757151312
2014-09-30,0.7701058358569008,0.040741736069478,,4.881043193819614,0.6682930571413215,0.8987985859994486,0.2530465949820789,1.3644189929826358,0.1748454808230055,,0.8095905544406548,-0.1631881817401013,-1.3620972460695822,0.4888969559463036,7.175035757619491,,0.7885469046678852,-0.0195652173913043,-0.7851279163314562,-0.5128093680348336,,-0.0078816775323538,-0.8299113672703338,0.0877967625278069,0.9574345578179122,-0.0770594873448331,0.8929091792132103,-0.1103058548014335,0.0632602747148546,-0.1737533403053571,0.4612286210786256,0.0241429125672843,0.0,0.6956521739130435,0.0,0.4508677532710486,0.0,0.127781910407023,0.0,-0.3306029975601254,0.0,,-0.9300202948661506,,0.58190964152317,,-0.7729166666666667,-0.5241730279898219,0.4192057373078213,,,,,0.7701058358569008,6.014571428571428,0.8616844465058751,0.8624316365166176,0.0276272075537681,,,-0.0963144678934457,0.0608695652173913,1.4164814763410856,0.2182628062360802,-0.0056221889055472,-0.5790275878330582,,7.252626399234966,0.6542891293439304,3.2578434629845705,5.837493067110372,,0.4702162962962963,0.2934444509654322,0.8187842571605193,0.956380604985779,3.500713266761769,-1.2184479982666712,0.1643367477757615,0.2693997071742313,0.0760817879220161,2.863529411764706,-1.2475550122249388,,4.50782741504391,4.1128174846625765,-0.4952830188679245,-1.1151162790697675,5.1039574044130855,0.0,0.0,1.6033974788236318,0.3333333333333333,0.4464271801184775,,0.923205458469679,0.4657705677867902,1.1733617559002618,0.7537402752842609,0.4657705677867902,-0.6945812807881774,1.2284551502419292,0.618089441358572,-0.0316128063478515,,,,0.0,0.0,0.0,2.3434470654433395,0.6716495707261417,0.453013161840986,0.5348097835918235,0.2505000245322281,0.0,0.9617706237424548,1.220949263502455,,39.6661,-0.1240706800013109
2014-06-30,0.6995174907728416,0.0467247882195412,,3.655446824965821,0.547830949119581,0.8925555789780927,0.2057347670250896,0.8239282897095733,0.2372607706676245,,0.7669703476390601,-0.1406424461049557,-1.3620972460695822,0.4794433730383815,1.6143854348809905,,0.6126233651997701,-0.2201086956521739,-0.0978505918859901,-0.470081393108788,,0.0078816775323538,-0.8299113672703338,0.1134227211336389,0.8308320551657145,-0.0810897952603579,0.8725109276347741,-0.0912144568550315,0.6110644523312834,-0.1674599122313048,0.6121386543093198,-0.0619480934865977,0.0,0.6956521739130435,0.0,0.6342201800713834,0.0,0.1877044832997575,0.0,-0.4337748344370861,0.0,,-0.9042490362623083,,0.5909159684678487,,-0.7609375,-0.4974554707379134,0.4210276306690903,,,,,0.6995174907728416,1.7903189368770764,0.8839092455163884,0.8846754578116915,0.0167861514250743,,,-0.0240786169733614,0.2666666666666666,-1.6116048612664569,0.33184855233853,-0.0206146926536731,-1.1694543739684036,,1.404698520377689,0.1882785124804799,0.7077153429348126,1.9550748752079867,,0.4583644444444444,-0.2054111156758025,0.8352689058314444,3.05372959141522,-2.551592962434617,-2.03281370824041,-0.5563689894576986,-0.0819912152269399,0.0951022349025202,-2.127843137254902,0.8765281173594132,,0.9003436426116839,1.0008542944785277,-0.3537735849056603,0.3732558139534884,1.6691982295392556,0.0,0.0,0.9303610569382036,-0.3333333333333333,0.3644131114251339,,0.5082503655225231,0.4541830822711472,1.1617258797013303,0.7447636146020347,0.4541830822711472,-0.6354679802955665,0.5802494421604696,0.8964853470319374,-0.0316128063478515,,,,0.0,1.3478260869565215,0.0,1.3871760559068684,0.9230022661563048,0.3546803939210682,0.8147218112402769,-0.130471047641587,0.0,0.5271629778672032,0.5204582651391162,,34.0751,0.0560996152615839
2014-03-31,0.7560329611362819,0.0481493244457467,,4.7838407231863815,0.6566963804361458,0.8826640613598404,0.192831541218638,1.2505020744762587,0.3625046966472242,,0.7399007568326419,0.0,-1.3620972460695822,0.4620487804878049,0.5687767286114956,,0.7606450529780497,-0.3788043478260869,0.039604873003103,-0.4207232151769767,,0.0178067529434659,-0.8292317596282138,0.1116400457523636,0.9310403964875954,-0.0885055618249234,0.7943176299174356,0.0,0.2501964184118555,-0.1718379491523846,0.9734081278009816,0.2184091392714792,0.0,0.927536231884058,0.0,0.5937815495991291,0.0,0.3079464673163041,0.0,-0.4993028929940746,0.0,,-0.9055375991925004,,0.5855121723010415,,-0.7692708333333333,-0.3307888040712468,0.4385840576049555,,,,,0.7560329611362819,0.2737076411960132,0.882363172541744,0.8831280615476864,0.0730897009966777,,,0.0240786169733614,0.1014492753623188,-1.1519627453125485,0.2583518930957684,-0.8766866566716641,-2.778508842254185,,-4.995341093020305,1.924530134359295,0.2281965799003618,-1.1859863190978,,0.5294755555555556,-0.1467222254827161,0.8435112301669071,-0.0337050433475164,0.7998097955301949,-0.9644256667152298,0.0257394906154807,-1.089311859443631,-0.0443810429545094,0.636078431372549,0.113080684596577,,-3.0477281405116456,-0.6908634969325154,-0.0235849056603773,-2.4755813953488373,-1.0697894719649828,0.0,0.0,0.0969703197713483,0.3333333333333333,0.2561545407499202,,-0.183805611641022,0.5237079953650058,0.2401644847459481,0.1612806702573309,0.5237079953650058,0.1330049261083744,0.1211037322694357,0.8710102148415527,0.189676838087109,,,,0.0,0.0,0.0,0.1626826900369972,0.8636065152077499,0.2248811402667768,0.7917956832614511,1.1509771042157912,0.0,-0.0040241448692152,-0.3502454991816694,,33.3389,0.0794207367369648
2013-12-31,0.842187324147392,-0.1116836401345132,,4.859912221942824,0.7984624956634618,0.8901232385801618,0.1469534050179211,1.4107233519438611,0.4207865235882261,,0.7320534552424834,0.0128832775057974,0.1781414909346536,0.4503263376819815,4.464481561111002,,0.9689158238967536,-0.5157608695652174,-0.1537062406619928,0.4655139199270383,,0.2507541111219227,-0.8361977379599436,0.1194392505454429,1.078285306185053,-0.2929227793003385,0.4902865468674113,-0.0201520311656465,0.3658800899460865,-0.1734797129977896,0.9805725435200148,0.5403146401686036,0.0,0.8695652173913043,0.0,0.6401940686638755,0.0,0.3639006578982613,0.0,-0.518299058905542,-2.219140083217753,,-0.2530952355385656,,0.5859124534985828,,-0.7723958333333333,-0.3155216284987277,0.4342777642055924,,,,,0.8421126669870703,3.659089700996678,0.8891272418058133,0.8898979202027089,0.121000174855744,,,0.0240786169733614,-0.9971014492753624,1.2091118538680965,-0.3162583518930957,0.0483508245877061,-0.0433048809243103,,-0.2739192196160595,2.036134139494783,2.014776541626524,0.1358846367165834,,0.6361422222222223,5.340689007570867,0.5715145270966413,-3.028977450206888,0.3642415596766524,0.2982147459963465,0.081178393479593,1.3762811127379209,0.3740687906165795,0.2768627450980392,-0.0165036674816625,,-0.1351660939289805,-0.5436242331288343,-0.3537735849056603,0.8383720930232558,-0.0097995982164731,2.364729458917836,0.0,0.677407770860459,1.0,0.4169021153888738,,0.5054654320128107,0.6279953650057938,0.9150453042839806,0.6086175942549371,0.6279953650057938,0.6157635467980296,1.0537997233422027,1.0999050403006676,0.2212896444349606,,,,0.0,10.26086956521739,0.0,1.8886352438345304,1.1201693642298916,0.4176133653898157,1.0166393038378414,-1.1463939067717608,0.0,0.2152917505030181,0.0,,33.1503,-0.1034560773205672
2013-09-30,0.7561822754569252,-0.0105415680739208,,4.931757526323908,0.6892713150012459,0.8401791824093142,-0.0910394265232975,0.5797035291707218,0.409212827458098,,0.7141270506924884,0.4187065189384179,0.1507351077139376,0.5062915484968803,4.714892421296201,,0.7887360697640875,0.4065217391304347,-0.1805997011837719,0.4633038522584497,,0.2534786416269339,-0.8311006806440437,0.11676523747353,0.9223488566790649,-0.2896985329679187,0.2906750849927149,-0.2227329760413562,-0.0814120451897808,-0.1688280487691422,0.650856986067498,-0.0477243620516085,0.0,0.2898550724637681,0.0,0.4834943755838902,0.0,0.3527891874280854,0.0,-0.5616939700243987,0.0,,-0.6598516005025395,,0.5995220142149861,,-0.7635416666666667,0.1653944020356234,0.4722062714538295,,,,,0.7561822754569252,4.278691029900332,0.8868081323438466,0.8875768258067012,0.1493268053855569,,,0.0361179254600421,-0.0463768115942029,0.4996464919427921,0.0645879732739421,-0.4928785607196402,-1.5523829285545865,,3.526491150428784,0.8400118249129105,2.1296155872526907,4.136624144943612,,0.6242903703703704,-0.3521333411585187,0.5797568514321039,1.4580064454312385,0.3357108892058963,-0.2845423675628425,0.0851383151127439,-0.0058565153733528,0.1394832778570296,0.2533333333333333,-0.1552567237163814,,2.2092401680030544,2.941038343558282,-0.4481132075471698,-0.5686046511627907,3.585019680859751,0.0,0.0,0.8716397583844415,1.6666666666666667,0.3742547996683351,,0.4859708974448235,0.6164078794901506,1.094237797747527,0.7223219628964692,0.6164078794901506,-0.5270935960591133,0.7819134402302571,0.8902309732606453,0.3793536761742181,,,,0.0,1.0,0.0,1.678722095399695,0.915484758830736,0.3664803260714584,0.808247655498748,0.227410868642906,0.0,0.4245472837022133,0.3338788870703764,,28.0105,0.0733260741507648
2013-06-30,0.7110146934623658,-0.0125359187906086,,4.511251185975796,0.6464678509827043,0.7976132254455237,-1.929032258064516,0.4457077293448753,0.42657337165329,,0.688929293292897,0.4036760285149876,0.1315506394594364,0.4601580639062204,2.031099690761703,,0.7291490644603711,-0.1206521739130434,0.2892313527180783,0.9333115764449514,,0.3780286075703026,-0.8319501901966937,0.1091888671031101,0.8549894231629536,-0.2901821699177817,0.0279261777561923,-0.287431602415274,-0.0616347430305329,-0.1682807941540073,0.7904868754001403,-0.0368694091143799,0.0,0.0,0.0,0.3732072015686512,0.0,0.3694563931333493,0.0,-0.6226908330428721,0.0,,-0.7015151352454175,,0.5839110475108764,,-0.7625,1.7595419847328244,0.46773435138526,,,,,0.7110146934623658,1.5444717607973422,0.8802373222016079,0.8810003916846794,0.1647141108585417,,,0.0240786169733614,0.1942028985507246,-1.702227019118826,0.3340757238307349,-0.9793853073463268,-2.674759726479604,,1.040750426308248,0.4992362367129468,0.8988215409997309,3.1567757441301536,,0.6242903703703704,0.0880333352896296,0.5715145270966413,2.8799379616545884,0.0694246314788397,0.2608585207681934,0.0059398824497263,-0.7320644216691069,-0.0063401489935013,0.0337254901960784,0.8264058679706602,,0.6758304696449027,2.732449386503068,-0.7783018867924528,-0.6151162790697674,2.7569536315677725,0.0,0.0,-0.013696742887665,1.0,0.4497077428662113,,0.0,0.6164078794901506,0.2820536390621018,0.2001795332136445,0.6164078794901506,-0.9310344827586208,0.1535140176735087,1.0061657065821563,0.4109664825220697,,,,0.0,0.0,0.0,0.0810497989790057,1.0009312777391834,0.4569464725577828,0.9222689630877916,-0.1766493594202313,0.0,-0.0885311871227364,-0.4942716857610474,,25.4976,0.0327648114901256
2013-03-31,0.8225524909828149,-0.0128208260358497,,6.288365920813796,0.8435462051015605,0.7946133389547423,-1.929032258064516,0.4215311171438816,0.4369070289123329,,0.6810819917027384,0.4133384866443356,0.1288100011373649,0.5085604083947817,1.2664863772191108,,1.014693777177704,0.5554347826086956,0.6889555223537525,1.913844932075412,,0.6386104894424443,-0.8319501901966937,0.1160967342055518,1.0357862328565768,-0.2788973077543124,0.0104419621175327,-0.2853103359767848,-0.0526943187667632,-0.1660917756934673,1.1279765860796926,0.1514078780382405,0.0,0.0,0.0,0.3948051064799688,0.0,0.3793773489102921,0.0,-0.6416869989543394,0.0,,-0.6714486668742685,,0.599822225113142,,-0.7583333333333333,1.756997455470738,0.4687281114004977,,,,,0.8225524909828149,0.8800199335548172,0.886228354978355,0.8869965522076992,0.2126245847176079,,,0.0120393084866807,1.127536231884058,-1.2287058339442845,0.9576837416481068,-0.4703898050974512,-1.3769526055175667,,-0.608157265190036,0.7258520028659227,0.5481679665686882,0.1358846367165834,,0.6242903703703704,0.4401666764481484,0.5715145270966413,1.7542421779777695,-0.301474084640989,0.3430422162701303,-1.6809867332725486,-1.0366032210834553,0.3360278966555714,-0.272156862745098,0.1198044009779951,,-0.3413516609392898,0.2002407975460122,-0.2594339622641509,-1.6732558139534883,0.0,0.0,0.0,0.1172969231168813,0.3333333333333333,0.3972187389024713,,-0.0710158044976676,0.6164078794901506,0.3332514943374008,0.2330939557151406,0.6164078794901506,-0.0246305418719211,0.1931265887229312,0.946749155754882,0.3951600793481439,,,,0.0,0.0,0.0,0.2443155810949886,0.9403446345410332,0.3940135010890354,0.864153894490303,0.9085409673779088,0.0,0.0,-0.3436988543371522,,25.3701,0.0577817206685888
2012-12-31,0.8938500790899292,-0.1085496604368611,,,0.9716308478115344,,,,,,0.6715068438908937,,0.147994469391866,,1.7749542307249346,,1.0951835256117717,,0.7218253074359269,1.4180530850887103,,0.7182057020531284,,,1.1570204315093882,,,0.1315185191863246,0.6554956517027445,,1.345652876436694,,,,,0.4595988212139217,,0.363106981436106,,,,,-0.7427491490115649,,0.6011231390051511,,,,0.653401847565495,,,,,0.8938500790899292,,0.8864216141001855,,,,,0.0,,,,,-1.967379391652912,,1.2363415789033898,0.3177732359964662,0.7813525935653316,3.164170826400444,,0.5176237037037037,,0.4890912837420152,1.7924236723948783,-0.9215406562054208,,-9.541431175077046,,0.3613884926295768,,,,,0.4793819018404908,,-1.51046511627907,2.4874646806147616,,,0.8558301780045825,,0.5382829370550224,,0.263176216667827,0.5121205098493626,0.6125125231117591,0.3991621783363255,0.5121205098493626,,0.4470071577215029,1.1677116047235776,0.3951600793481439,,,,,,,1.2588957985300249,1.1780764998664526,0.1698147902316228,1.089149848142965,-1.6197216025028645,,,,,20.4768,0.2810302390998593
2012-09-30,0.355422638850653,-0.167810367447011,,23.79326302354624,0.0808366871943046,0.7291833822504014,-1.929032258064516,3.521874302105209,0.4183064458460558,,0.6430693748256405,,0.1205880861711501,-1.4725324257893742,0.8593297877576807,,-0.3126777028736542,-10.541847826086956,1.072819446040685,0.8964771153018087,,0.9221562712853946,0.2056407774099779,0.0628393071899532,0.2847349399900303,-0.3288731259068193,-0.3358426420592521,0.0583348270584504,-0.2017013898295901,0.1548730560832002,1.324769366787598,0.2262696224329206,0.0,10.492753623188406,0.0,0.3290923319625556,0.0,0.3615196285117951,0.0,-0.7337051237364935,0.0,,-0.5352905172506363,,0.5235686569815295,,-0.1473958333333333,1.0903307888040712,0.854141370643501,,,,,0.355422638850653,1.3683920265780731,0.8400394248608535,0.8270349469774999,0.2276621787025703,,,0.0,-0.9304347826086956,1.71202400915692,-0.6703786191536748,0.1383058470764617,0.1604206555057769,,-0.0882314165194059,0.3654818183444611,0.361444938184158,0.3688297282307266,,0.5057718518518518,-0.0586888901930864,0.4890912837420152,-1.933563541412604,0.8739895387541607,0.3430422162701303,6.108179119135232,1.1010248901903368,0.3613884926295768,0.6972549019607843,-0.8349633251833741,,-0.0206185567010309,-0.0604953987730061,0.070754716981132,1.5476744186046512,0.1992584970682868,0.0,,-0.0633839955100791,0.6666666666666666,0.246312852506719,,-0.0013924667548562,0.5005330243337196,0.4565917820460757,0.2974266906044285,0.5005330243337196,-0.3201970443349753,0.3425740158639344,0.9456050629918408,0.3951600793481439,,,,,6.3478260869565215,,0.314286630573267,0.9463735265546084,0.2130812081163866,0.8665150571725077,-0.8116011463765899,,-0.1730382293762575,-0.6284779050736498,,20.4619,-0.0538610464403872
2012-06-30,0.355422638850653,-0.0695173678388296,,19.875580837589464,0.0808366871943046,0.7291833822504014,-1.929032258064516,2.876481688265123,0.4067327497159277,,0.638245804123433,0.3725414412093103,0.2905076621395889,0.33763962941955,0.9663756516536436,,-0.3126777028736542,-9.033695652173911,1.0599473623721412,0.8964771153018087,,0.9221562712853946,0.200883523915138,0.0470180631811351,0.2847349399900303,-0.3248428179912945,-0.4961146187469645,-0.2927347685114967,-0.0835794207688764,0.1515895283923903,1.0950507606475413,-0.22290084393516,0.0,10.26086956521739,0.0,0.2495936606932376,0.0,0.3504081580416192,0.0,-0.7453816660857442,-2.219140083217753,,-0.5653569856217853,,0.5235686569815295,,-0.1536458333333333,1.1068702290076335,0.854141370643501,,,,,0.355422638850653,0.9115813953488372,0.8263180272108843,0.8270349469774999,0.3011015911872705,,,0.0,0.6347826086956522,-0.4147392449459777,0.5256124721603563,0.0565967016491754,-0.1904399905682622,,1.2214865546556577,-0.037485314701996,0.4105364386045039,0.697910889258643,,0.5413274074074074,0.792300017606667,0.4973336080774778,1.0314269905642337,-0.889205896338564,0.0143074342623826,-0.013859725716028,0.5329428989751098,0.56427326042162,-0.7568627450980392,0.0323960880195599,,0.787323405880107,0.2247806748466257,-0.6367924528301887,1.5476744186046512,0.4377153870024662,1.0821643286573146,0.0,0.2098958939131986,3.0,0.259435103497654,,0.0083548005291373,0.5352954808806489,0.4472830810869305,0.2959305804907241,0.5352954808806489,-0.4975369458128079,0.3245683017505605,1.0115048061430154,0.5532241110874015,,,,0.0,15.304347826086955,0.0,0.4542287295298237,1.010905000329542,0.2288144509835735,0.9320182799691524,0.6661048305400264,0.0,0.0462776659959758,-0.2945990180032733,,21.2898,-0.0887186919783259
2012-03-31,0.3606113114930032,0.0019943507166877,,19.45930069161671,0.0650052689956659,0.760155183317388,-0.6774193548387096,2.678971059775649,0.4348402974605244,,0.6261508805716292,0.0042944258352658,0.2713231938850878,0.3588156551332955,0.0622204083895284,,-0.3241221911938918,-9.12391304347826,1.1709690840133318,0.8073377193354032,,0.9241023645032596,0.2124368538311776,0.0443440501092222,0.2908062361798126,-0.3159761405771401,-0.3062166100048567,-0.0254551972618692,-0.1813822437755682,0.1537785468529302,1.2535825127282705,0.0196512079036035,0.0,10.144927536231885,0.0,0.4720061282906361,0.0,0.3773931577549035,0.0,-0.7746601603346114,0.0,,-0.6005777057137028,,0.5279717501544835,,-0.1494791666666666,-0.3256997455470738,0.8339349170003354,,,,,0.3606113114930032,0.5444717607973422,0.8239989177489178,0.8247138525814922,0.3147403392201434,,,0.0240786169733614,0.5768115942028985,-1.491591733299806,0.2182628062360802,0.8332083958020989,1.814747465220467,,-0.0634730427731854,0.0017038779409998,-0.0041114131602039,-1.97171381031614,,0.4702162962962963,-0.9977111332824696,0.4890912837420152,-0.8987133823833876,4.103661436043747,-0.0753475062851849,-0.0059398824497263,-0.849194729136164,0.9256617530511968,3.3607843137254902,-0.6583129584352079,,-0.0053455517373043,-1.7890230061349692,-0.6367924528301887,-1.4755813953488373,-2.0138174334852272,1.1623246492985972,0.0,0.5531896393044237,2.0,0.285679605479524,,0.2798858177261017,0.4657705677867902,0.903409428085049,0.5801915020945542,0.4657705677867902,-0.0049261083743842,0.6810814411953634,0.8813070497089237,0.5532241110874015,,,,0.0,3.695652173913044,0.0,0.920702392718346,0.8977702366180089,0.2602809367179472,0.801392667066541,0.2620446024768892,0.0,0.2716297786720322,0.0818330605564648,,22.9376,-0.0574521873409274
2011-12-31,0.2961075249751532,0.0005698144904822,,16.498851531678497,-0.022425855377063,0.7288590701973439,-0.6430107526881721,2.831406648568356,0.4546809193978867,,0.6057047002816749,-0.2469294855277849,0.2576200022747298,0.3013378710531291,0.1501509394469265,,-0.4331758691545029,-9.877173913043478,0.9001956097000344,-0.042064954625469,,0.7038046122409264,0.2205921455366173,0.0,0.2028043956184414,-0.3388682895373207,-0.4864011656143759,0.1506099171327266,0.3645254802091517,0.2137029272102109,1.1290436267186976,0.3992002519846316,0.0,9.565217391304348,0.0,0.4076719434484134,0.0,0.3964413928466337,0.0,-0.8241547577553154,0.0,,-0.6130338140388931,,0.4928470750702368,,-0.0354166666666666,-0.6234096692111959,0.8026314765203493,,,,,0.2961075249751532,0.8966312292358803,0.7855403525046383,0.7862223705143642,0.5025354082881622,,,0.0722358509200842,-0.3101449275362319,0.3339140771317025,-0.9443207126948776,-0.2739880059970015,-1.250567319028531,,-1.078566366368225,0.3901880484889584,0.0362137478993659,1.2396006655574043,,0.3872533333333333,-5.340689007570867,0.5055759324129404,-1.767671531186546,-0.02377555872563,-1.0540806072627973,-0.0653387069469895,1.692532942898975,1.3567918846092883,0.1654901960784313,0.6210268948655256,,-0.6315387552500955,0.707909509202454,-0.6367924528301887,3.768604651162791,0.7121041370637137,1.1623246492985972,0.0,-0.4563649935237183,1.0,0.3545714231819326,,0.0083548005291373,0.3846581691772885,0.4286656791686399,0.2645122681029324,0.3846581691772885,0.1527093596059113,0.3065625876371866,1.0618448877168294,0.2370960476088863,,,,0.0,0.0,0.0,-0.5370278047457865,1.0578708134229484,0.3428804617706781,0.9800793655327372,-2.635644461633038,0.0,-0.3762575452716298,-0.962356792144026,,20.6926,0.0402855348821838
2011-09-30,0.3209310307820804,0.0051283304143398,,7.49071822060312,0.0050022395267513,0.7486421054338485,-0.7304659498207885,1.2054270347794909,0.5332167145666126,,0.607648527281072,-0.0504595035643734,0.3014702154278753,0.2344065040650406,1.0218101168854814,,-0.4013961329925208,-9.478804347826086,0.864107803700724,0.2054626242564503,,0.7619927994550939,0.2528735085373161,0.012033058823608,0.2531641998031622,-0.3477349669514751,-0.2969888295288975,0.0572741938392058,1.7849692503589716,0.1907182333745416,0.931945977256791,1.6100889675685823,0.0,0.1739130434782608,0.0,0.4945230929854141,0.0,0.4718406567513989,0.0,-0.8194492854653189,0.0,,-0.6461069292471571,,0.4805384282458427,,-0.0791666666666666,-0.3905852417302799,0.8167097434028827,,,,,0.3209310307820804,1.5079269102990034,0.7959763450834879,0.7966672952963989,0.5375065570904004,,,0.1565110103268492,0.863768115942029,0.5731239172284969,0.0267260579064587,-0.5243628185907047,-2.020197123319972,,1.7958808255679726,-0.2104289257134776,0.4359588227507545,3.33425771861712,,0.3872533333333333,-3.433300076295557,0.4231526890583144,0.9945620994028876,-1.6861626248216832,-1.4500565946812207,-0.1880962775746668,0.2928257686676427,1.572356950388334,-1.4141176470588237,0.382640586797066,,1.1416571210385644,2.2094432515337425,0.3066037735849056,0.7686046511627908,2.507063877047708,0.0,0.0,0.7609726957254282,0.3333333333333333,0.3020824192181927,,0.3160899533523637,0.3846581691772885,0.9732246852786384,0.6146020347097546,0.3846581691772885,-0.1724137931034483,0.7603065832942084,0.9366811394401192,0.5058049015656242,,,,0.0,0.0,0.0,1.3405286895880162,0.9533700185209796,0.2799474903019308,0.8563087410623328,1.0470759027138417,0.0,0.3843058350100604,0.281505728314239,,17.9896,0.2248521367901455
2011-06-30,0.3672184701814636,-0.0698022750840707,,8.090837821903943,0.0578387833913438,0.7834245731242602,-0.6974910394265234,0.9292399733647492,0.6274596687690837,,0.5822347891037698,-0.0869621231641329,0.2877670238175173,0.4896532425789374,-0.325820848233337,,-0.3347154365812192,-9.209782608695653,1.215101942305482,0.7248285263747634,,0.921961661963608,0.2967082014540545,-0.0225062766886002,0.2991782340836177,-0.2835724649363211,-0.0881495871782418,0.3044017339231868,1.6440898377177535,0.6252383977917182,1.0741672509984452,1.677090228801821,0.0,0.4057971014492754,0.0,0.7472645334370033,0.0,0.5623197734371171,0.0,-0.8809689787382363,-1.5256588072122053,,0.0926691507296487,,0.5325749839262082,,0.7479166666666667,-0.4338422391857506,0.834266170338748,,,,,0.3672184701814636,0.723873754152824,0.7660211811997526,0.7666864926812992,0.5284140584018185,,,0.1805896273002107,0.5391304347826087,-0.5714910855554812,0.3853006681514476,-2.954647676161919,-4.719560481018628,,-0.5512130055737289,-0.0034077558819996,-0.1820681021839581,3.929561841375485,,0.4465125925925925,1.3791889195375315,0.3819410673810014,2.1795050295890124,1.383737517831669,-1.2035055081754098,6.916003132298012,-0.1874084919472913,0.8812807100966873,1.0674509803921568,0.0165036674816625,,-0.3062237495227186,2.873553680981595,-0.6839622641509434,-3.068604651162791,3.211001682264361,2.404809619238477,0.0,0.995857889940477,-0.6666666666666666,0.3545714231819326,,0.4052078256631622,0.442595596755504,1.371171651282099,0.8779174147217235,0.442595596755504,4.014778325123153,1.1708368650791328,1.006852162239981,0.7587073523484363,,,,0.0,0.0,0.0,3.5096312234146456,1.0254189996214824,0.3428804617706781,0.9251632915369457,1.4280469748876568,0.0,0.2193158953722334,0.0229132569558101,,21.738,-0.0514076731990063
2011-03-31,0.4336633428676748,0.0014245362262055,,0.6146999718958074,0.314398968026073,0.6084582204997648,-1.187813620071685,0.7804923423654152,-0.0132270812915748,,0.5622205703692371,0.2791376792922786,0.2658419172409446,0.4923002457931556,0.1386817397437876,,0.0300894514448666,-9.095652173913043,2.064659464429376,3.5662388589567966,,1.688527780480685,0.0282631828166644,-0.0637306448805908,0.4243108439740787,-0.2830888279864582,-1.1313744536182613,3.5679701495386777,1.809894069518572,0.6482230916273874,1.280563397457395,1.7343594632637511,0.0,0.2898550724637681,0.0,0.5965387289495101,0.0,-0.0527794847333356,0.0,-0.9294179156500524,0.0,,-0.3828105705112373,,0.5147624706356215,,0.7916666666666666,0.0,0.8476819305444563,,,,,0.4336633428676748,6.238823920265781,0.7302682436611008,0.7309029540761802,0.5962580870781605,,,0.2769040951936564,-0.4289855072463768,-1.5030215550109154,-0.4120267260579064,1.1885307346326837,2.8409205376090543,,0.8723934848339486,-0.2862514940879695,0.0309539442829002,-1.7554076539101495,,0.327994074074074,-1.261811139151359,0.3736987430455388,-0.7301881656458055,-0.02377555872563,0.2832722559050853,0.0257394906154807,0.0058565153733528,0.4628308765255983,0.6392156862745098,0.2224938875305623,,0.5719740358915617,-1.904053680981595,-0.7311320754716981,-1.5453488372093025,-1.7034968232969114,0.0,0.0,1.056837699977076,-3.333333333333333,0.2627156662453877,,0.4915407644642484,0.326720741599073,1.2455041883336375,0.782166367444644,0.326720741599073,-1.354679802955665,0.8413322968043909,0.7869575331834572,0.6322561269570303,,,,0.0,0.0,0.0,1.6204128875011297,0.8175338713015399,0.2327477617003702,0.7077078251597118,0.6891939864293486,0.0,0.5995975855130785,0.6677577741407529,,25.8333,-0.095253026132937
2010-12-31,0.7995580856037664,-0.0005698144904822,,7.330122834339519,1.0035542836853326,0.5440822779678607,-1.146236559139785,1.121833324796394,-0.0095069646783194,,0.5279516203057928,0.1674826075753671,0.2466574489864434,0.4404946114577425,-0.4959473104965637,,1.1963868520799883,,1.7794048959889668,3.643591227357396,,1.3824073173104992,0.0297923000114344,-0.0906936100223792,1.0672291562815548,-0.300983395131388,-1.5,0.1919746126832641,1.8632656931538023,0.2372348756610151,1.1654754428218652,1.8983066834881008,0.0,-0.2898550724637681,0.0,0.4591392913221915,0.0,-0.0492079406536362,0.0,-1.012373649355176,0.0,,-0.403427577394311,,0.4889443333942094,,0.009375,-0.1323155216284987,0.5573383794258552,,,,,0.7995580856037664,0.399953488372093,0.7068838899196042,0.7074985855831024,0.6193390452876377,,,-0.2407861697336142,-0.4231884057971014,1.337289140199826,-0.8418708240534521,2.782233883058471,6.747546333411931,,-0.7814658814135793,0.0,-0.2600885224948651,-6.462377518949898,,0.4346607407407407,-5.751511238922472,0.3324871213682258,-4.629967009213919,-0.02377555872563,-0.0678762612395542,-0.0257394906154807,0.5446559297218155,0.7291171342526549,-3.713725490196079,-0.1136919315403423,,-0.4482626956853761,-6.252213190184049,-0.4481132075471698,-1.7430232558139536,-5.930390187335653,0.0,0.0,1.5243495769243365,-1.0,0.3184852329568614,,0.5945833043236093,0.4310081112398609,1.5480369695058591,0.9901256732495513,0.4310081112398609,0.1231527093596059,1.874860286912052,0.8476707224755117,2.3867668792627894,,,,0.0,0.0,0.0,2.1568576001679305,0.881023314358078,0.2996140438859143,0.7670415583673702,-2.6702781954670214,0.0,0.9235412474849096,1.1718494271685762,,21.4849,0.1155741939687874
2010-09-30,0.1746776537120939,-0.0165246202239841,,0.2871699078055697,-0.0533720432139081,0.5036243493489435,-1.3627240143369177,0.7350075295804948,0.0082669258072343,,0.4820917018385364,0.0987717942111139,0.0931817029504341,0.4340661750803554,0.1463278728792135,,-0.3492811489887943,-8.666847826086956,0.8328470290771176,0.6113783860538836,,0.6463948623139049,0.0370980821642241,-0.1544242549029701,0.0167670986873218,-0.3043688537804288,-1.7243807673627976,0.0593954602776949,1.1992360001083688,0.2334040933550702,0.6121386543093198,1.4805781497657855,0.0,-0.2318840579710145,0.0,0.4940635630936839,0.0,-0.0321438967172946,0.0,-1.1233879400487974,0.0,,-0.3127986513041331,,0.458623032680458,,0.0020833333333333,-0.2137404580152671,0.577047953061402,,,,,0.1746776537120939,0.7504518272425249,0.6516117810760668,0.6521791691449185,0.735093547823046,,,-0.2407861697336142,-0.6260869565217392,1.2809564474807855,-0.5367483296213809,1.0183658170914542,2.359901909926904,,-0.405138600471028,0.1567567705719833,0.0344604800272107,-2.134405620262525,,0.9205866666666668,1.0564000234755562,0.3324871213682258,-1.5938799014259142,-3.228720874940561,0.1114336198555808,-0.013859725716028,-0.9136163982430454,0.8876208590901886,-2.6862745098039214,-0.0867970660146699,,-0.2161130202367315,-1.9101886503067484,0.2122641509433962,-0.4174418604651163,-2.1477452757770266,0.0,0.0,0.3137874221237009,-1.0,0.2167877877771153,,0.0013924667548562,0.9060950173812282,0.510116812561161,0.3842010771992818,0.9060950173812282,-1.2660098522167489,0.3839871583246943,0.5627153516273766,0.5690305142613272,,,,0.0,0.0,0.0,0.4192432047906845,0.5735498216657464,0.1776814116652162,0.4848445345748479,1.116343370381808,0.0,0.1448692152917505,-0.0949263502454991,,22.6859,-0.0529447806787476
2010-06-30,0.3866293318650758,-0.0931646691938414,,0.3674676009373699,0.365802214769801,0.4405456550292692,-1.299641577060932,0.3973545049428879,0.0136404275819366,,0.4642372908811116,-0.0193249162586962,0.0712565963738614,0.3054974475326149,0.4980499971088059,,0.2987984706001972,,0.4790945868291001,-0.1275209044775602,,0.3826992312931789,0.039306807001114,-0.1980998017442141,0.4138937778800312,-0.3527325487667258,-2.0891209324915008,-0.0615167267161841,0.6433041640703313,0.2323095841248003,0.396748879607329,0.9239810801913392,0.0,-0.0579710144927536,0.0,0.2532698998270789,0.0,-0.0269849997132843,0.0,-1.166608574416173,-1.162274618585298,,-0.1568825367508885,,0.4049853522099275,,0.0,-0.3536895674300254,0.5078160053331787,,,,,0.3866293318650758,0.8667308970099667,0.6137329931972789,0.6142679606767925,0.8557440111907676,,,-0.2407861697336142,-0.4492753623188406,-1.0066407264141546,-0.4253897550111358,0.1285607196401799,-0.0150096675312426,,-1.4672728341838863,0.6789953594884277,0.1957611242654903,-0.6923645775559253,,0.7665125925925926,1.966077821468396,0.3324871213682258,0.4652875905864184,1.383737517831669,-0.4040822882929326,0.6316075004875653,-0.7320644216691069,1.1539071168172452,-0.8086274509803921,0.3410757946210269,,-0.8713249331806033,-0.943930981595092,1.1556603773584906,-0.1034883720930232,-0.9423946951508322,2.244488977955912,0.0,0.5125364326133575,-0.3333333333333333,0.0527596503904279,,0.1657035438278911,0.7554577056778679,0.8522115728097499,0.5846798324356672,0.7554577056778679,-2.0541871921182264,0.5946540134511688,0.4663064681284358,0.584836917435253,,,,0.0,0.0,0.0,0.2443155810949886,0.4919737025684829,-0.0189841241746193,0.3923783572781887,0.5391144731487548,0.0,0.352112676056338,0.2356792144026186,,18.2589,0.1766754842843763
2010-03-31,0.4156709672301727,-0.0199435071668773,,0.1857412427969799,0.4074981310131293,0.4514911868199581,-1.3197132616487457,0.3981740511191927,0.0524949788759378,,0.4393275078518012,-0.1148758910933608,0.060294043085575,0.2230622045755341,1.6698199001128282,,0.3615066999912511,,0.3089991954947707,-0.2800155736101713,,0.3579838474262917,0.0552775865909334,-0.2136982113303727,0.4820201119674834,-0.3741737868773174,-2.02161243322001,-0.0477284948660049,0.5766573650131397,0.2541997687301996,0.4894289808237553,1.2488810508642507,0.0,0.1159420289855072,0.0,0.4311079679266517,0.0,0.0103177940080204,0.0,-1.2269083304287207,0.0,,-0.3742201509766233,,0.3761651059869558,,0.0416666666666666,-0.4669211195928753,0.5040065919414344,,,,,0.4156709672301727,1.9065980066445185,0.6002048546691404,0.6007282433667475,0.8302150725651337,,,-0.1926289357868914,-0.3652173913043478,-0.5225061353650113,-0.3830734966592428,-0.3062218890554722,-1.0525008252770574,,0.8971518585801692,0.3876322315774587,0.7331377270810632,2.054908485856905,,0.8020681481481482,-0.8509889077997536,0.3324871213682258,0.8813342194073245,1.2829291488349976,0.3430422162701303,-0.2870943184034388,-0.4919472913616398,0.6086543033761294,1.5474509803921568,-0.2334963325183374,,0.5872470408552882,1.7984003067484662,4.316037735849057,-3.487209302325581,1.6251000375651266,0.0,0.0,0.4764002488879654,-1.6666666666666667,0.1314931563360379,,0.1169672074079231,0.7902201622247972,0.4682276582450073,0.3423099940155595,0.7902201622247972,-1.6305418719211822,0.5532408709904089,0.4282463155445977,0.3161280634785151,,,,0.0,0.0,0.0,0.3959195216312584,0.4504413353638542,0.0754153330285017,0.3525432578332524,-0.6153433213173518,0.0,0.2937625754527163,0.1538461538461538,,20.3241,-0.1107256901904636
2010-02-04,0.4605772491636065,-0.167810367447011,,0.1857412427969799,-0.1412592166705485,0.4514911868199581,-1.3197132616487457,,0.0524949788759378,,0.4393275078518012,,0.073997234695933,-1.4725324257893742,1.016075517033912,,0.395934747500065,,,-0.4936554482403993,,-1.0001946093217866,-0.9228477123302404,-0.2136982113303727,0.557943268530235,-0.3741737868773174,-2.02161243322001,-0.1431854845980147,0.5766573650131397,0.2541997687301996,0.6276869607633914,2.1169029771205667,0.0,0.1159420289855072,0.0,0.5951601392743195,0.0,0.0059525734661656,0.0,-1.2269083304287207,0.0,,-0.1916737358660753,,0.3761651059869558,,0.0416666666666666,-0.4669211195928753,0.5040065919414344,,,,,0.4156709672301727,6.061083056478405,0.599045299938157,,0.8302150725651337,,,,-0.3652173913043478,-0.5225061353650113,-0.3830734966592428,-0.3062218890554722,-1.0525008252770574,,0.8971518585801692,0.3876322315774587,0.4333289209425217,2.054908485856905,,0.8020681481481482,-0.8509889077997536,0.3324871213682258,0.8813342194073245,-0.02377555872563,0.3430422162701303,-0.3029340049360423,-0.4919472913616398,0.6086543033761294,1.5474509803921568,-0.2334963325183374,,0.5872470408552882,,,,,0.0,0.0,0.4764002488879654,-1.6666666666666667,0.1314931563360379,,0.1169672074079231,,0.4682276582450073,,,-1.6305418719211822,0.3011608734031745,-0.6860237628066884,0.3793536761742181,,,,0.0,0.0,0.0,0.3959195216312584,0.4504413353638542,0.0754153330285017,0.3525432578332524,-0.638432477206674,0.0,0.2937625754527163,0.1538461538461538,,21.0334,-0.1233276598172431
2009-12-31,0.1207751839599091,-0.0185189709406718,,-0.1777114734837999,-0.1108342277867449,0.4556261654964407,-1.136200716845878,0.3907981355324489,0.0479481696819589,,0.4159295902664663,0.096624581293481,0.073997234695933,-4.91477103422197,1.016075517033912,,0.395934747500065,-3.0081521739130435,0.4896680841282611,-0.4936554482403993,,0.4443903862995037,0.0585057228910033,-0.2150352178663292,0.557943268530235,-0.3741737868773174,-2.013841670713939,-0.1431854845980147,0.901492779930102,0.3877298948231355,0.6276869607633914,1.4083365664249194,,0.4057971014492754,,0.5951601392743195,,0.0059525734661656,,-1.2835482746601603,,,-0.1848014002383841,,0.3776661604777356,,0.2958333333333333,-0.2162849872773536,0.6386610740061365,,,,,0.1207751839599091,1.1889900332225911,0.599045299938157,0.5995676961687436,0.8449029550620738,,,-0.1926289357868914,0.4028985507246377,0.389430354014235,-0.2004454342984409,0.0161169415292353,-0.0904635699127564,,-2.6061580265100286,1.3017627469238613,0.4333289209425217,-1.6555740432612314,,0.7191051851851852,-1.7900111508891368,0.2830331753554502,-2.7156258753354456,-0.9728958630527818,,0.0296994122486316,0.3982430453879941,1.5660168013948328,-0.8258823529411765,0.2744498777506112,,-1.5738831615120277,-2.157121165644172,-10.023584905660377,1.408139534883721,-1.899488787626374,0.0,0.0,1.041028119597217,-2.0,0.1413348445792391,,0.342546821694632,0.7091077636152955,0.7474886870193655,0.5113704368641532,0.7091077636152955,-0.7339901477832512,0.837731153981716,0.4679081979966936,0.3793536761742181,,,,0.0,0.0,0.0,1.6204128875011297,0.5076041633444184,-0.2628493886160155,0.3987001799434463,1.6012156440575729,0.0,0.5855130784708249,0.6317512274959084,,21.9081,-0.0928423733687541
2009-09-30,0.398313177455404,-0.0165246202239841,,-0.2897056244307844,0.4114722730300715,0.4079522936969952,-1.4759856630824373,0.4440686369922655,0.0417479753265332,,0.3798608003887654,0.0955509748346646,0.0931817029504341,0.1686095670259028,3.0671507306119152,,0.2963393243495676,,0.2457880703367429,-0.4325102427427824,,0.4467256981609419,0.0508601369171536,-0.2752005119843695,0.4791442348249549,-0.3969047235208769,-2.288246721709568,-0.0466678616467603,0.7728048549212971,0.4356146736474465,0.3247998536629981,1.0265416700120509,0.0,0.7536231884057971,0.0,0.5758598838216528,0.0,0.0,0.0,-1.3708609271523178,0.0,,-0.3338451791639374,,0.3341355802451222,,0.3869791666666666,-0.2175572519083969,0.6282265938461411,,,,,0.398313177455404,3.122544850498339,0.5468653370439085,0.5473430722585699,,,,-0.2046682442735721,0.1594202898550724,-0.6082297981983336,-0.3741648106904232,-0.070839580209895,-0.3130525819382221,,3.355658371579863,0.1644242213064825,1.3739571343537935,3.158624514697726,,0.256882962962963,0.0,0.2830331753554502,0.8971334584764727,1.332382310984308,0.3430422162701303,-0.0178196473491789,-0.6852122986822841,1.9147249960374069,1.0752941176470587,0.3710268948655256,,2.1038564337533407,2.143492331288344,-1.6745283018867925,0.6406976744186047,2.263707188005292,0.0,0.0,0.8897078502471376,0.3333333333333333,0.1282125935883041,,0.2311494813061338,0.2571958285052144,0.5636418430762464,0.3348294434470377,0.2571958285052144,-0.645320197044335,0.7242951550674607,0.4048305503276872,0.2687088539567379,,,,0.0,0.0,0.0,1.5854273627619906,0.433768843869523,0.071482022311705,0.3292362971637485,1.624304799946895,0.0,0.4567404426559356,0.3993453355155483,,20.356,-0.0098545883277658
2009-06-30,0.3880104893310251,-0.094874112665288,,-0.2537829722402422,0.4419624117830053,0.3505490603058263,,0.5522487322645085,-0.0396812438747246,,0.3544470622114631,0.0837413037876835,0.0959223412725057,0.1258793722820949,0.5152537966635142,,0.3283082256077519,,0.6278131249281692,-0.3588413204564968,,0.5103629463851318,0.0173894605427448,-0.3678996318106834,0.4953130552040594,,,2.628249117288003,0.9654303595134242,0.4977280724652671,0.4228151580744489,1.0168096432407423,,,,0.5032541609282871,,,,,-1.0610263522884882,,-0.0263081598247554,,0.2811983918702889,,,,0.649758060842957,,,,,0.3880104893310251,5.094305647840532,0.4664695423623995,0.4668784665303023,,,,-0.2046682442735721,,,,,0.1660796981843904,,-2.7547082689873514,1.1296710748828798,0.2036508296901888,-1.4669994453688298,,0.1976237037037037,7.130700158460003,0.2830331753554502,-0.5893116172792328,6.975748930099857,1.090166720833193,12.151019531323476,,1.5279759074338246,,,,,-0.3933174846625767,0.6367924528301887,-3.1848837209302325,-1.7230960197298577,2.004008016032064,0.0,-0.5896171710111017,0.6666666666666666,0.0166734601653567,,-0.6210401726658776,0.1992584009269988,-0.527803344383537,-0.374326750448833,0.1992584009269988,,-0.4730848334719023,0.571791820880837,0.1106448222174803,,,,0.0,0.0,0.0,-1.0035014679343088,0.5536768072506284,-0.0622505420593831,0.4985545114392619,0.6199265187613823,0.0,-0.5432595573440644,-1.034369885433715,,18.5527,0.0705988885714747
2009-03-31,0.4025686355937344,-0.0273510955431461,,-0.0424732534723469,0.4720616513211579,0.3447114433507921,,0.5391359934436306,-0.0421613216168949,,0.356894844358852,-0.3768358670445761,-0.0109625532882863,0.0695360181508791,2.681021007272906,,0.3780586459089501,,0.3317552005516607,-0.4369303780799595,,0.4801985015082222,0.0163700490795648,-0.4496798649266864,0.5532140483402993,,,-0.0350008962350702,0.9451112134594024,0.48432033439446,0.4316563519404896,1.2653506346310803,,,,0.4573011717552709,,,,,,,-0.4790232692989143,,0.2295621173874646,,,,0.6391579540137553,,,,,0.4025686355937344,2.8052691029900334,0.3955434446505875,0.3958916629190663,,,,-0.2046682442735721,,0.2865619586142484,,,-0.6016637585475124,,-0.0981347660178941,1.1807874131128742,1.1968770792661172,-0.5500092438528379,,0.090957037037037,8.773989083866423,0.2830331753554502,-0.8144507740145965,0.8226343319067998,,-1.1820366074955375,,1.255349500713267,,,,,-0.3196978527607362,,1.6290697674418604,-0.8427654466166887,0.0,0.0,-0.3863511375557711,-0.3333333333333333,0.1019680916064341,,-0.220009747267284,0.0949710312862108,-0.3858456547565717,-0.2965290245362059,0.0949710312862108,,-0.3632499773803216,0.4229072159837386,0.189676838087109,,,,0.0,0.0,0.0,0.6991274027037979,0.4278888133871473,0.0400155365773313,0.3478970990069787,-1.3080179979970157,0.0,-0.5432595573440644,-1.2144026186579375,,19.1446,-0.0763139475361199
2008-12-31,0.4744634809834214,-0.0250718375812172,,0.1857412427969799,0.5801452842081604,0.366359272892377,,0.975134559237822,-0.0491882085530441,,0.3627263253570432,-0.3843511122562913,0.0109625532882863,0.1856260162601626,2.795713004304296,,0.5379031521998718,,0.3901392943339846,-0.2056099621010229,,0.5413058285491875,0.013481716600555,-0.4877845512014452,0.6676100502319874,,,0.6915328589474488,1.3344260518544608,0.48432033439446,0.4074192859973781,1.3821349558867813,,,,0.5505857397764938,,,,,,,-0.1903851729358832,,0.2431716781038679,,,,0.6340235272683608,,,,,0.4744634809834214,4.042810631229236,0.3624961348175634,0.3628160677759564,,,,-0.2167075527602528,,0.5069942344713626,,,-0.2809846734260787,,-0.6527223379332329,1.4227380807348484,1.2494751154307735,1.6666666666666667,,0.0672533333333333,7.688244615294325,0.225336905007212,1.4211415542698924,,,-0.5365693812919442,,2.4789982564590267,,,,,0.6542285276073619,-0.4481132075471698,0.1872093023255814,0.8003005210119718,0.0,0.0,1.1358856018763714,0.3333333333333333,0.0724430268768304,,0.5639490357167722,0.0717960602549246,1.312992270287441,0.7926391382405745,0.0717960602549246,,0.7837140116415945,0.5189347352283323,-0.1580640317392575,,,,0.0,0.0,0.0,1.8303260359359648,0.5641715452001851,0.0046157401261609,0.4444762693629621,0.1812325568642617,0.0,-0.5432595573440644,0.6677577741407529,,19.7708,-0.1588655997734032
2008-09-30,0.5045503165930205,-0.0250718375812172,,0.2892830049932486,0.6431452076570641,0.3533057127568146,,1.1529760794959791,-0.0483615159723206,,0.3266575354793423,-0.3457012797388989,0.0109625532882863,0.2207933446776328,3.338588456919536,,0.6324857003010089,,0.3574993678887484,-0.103210160123086,,0.5689403522428724,0.0138215204216149,-0.5450529978249132,0.7296011797487122,,,0.0010606332192445,1.3915905827531088,0.4851412163171625,0.5068064998018353,1.5419647801694234,,,,0.7059068431812887,,,,,,,-0.1676205611691561,,0.2267601490046757,,,,0.6285578471845537,,,,,0.5045503165930205,3.4331760797342192,0.3128285405071119,0.3131059627947911,,,,-0.1926289357868914,,0.7747786288459309,,,-4.898763499174723,,4.313807435558595,-0.0443008264659952,1.4984391532768138,8.12811980033278,,0.0316977777777777,6.8079112623980285,0.2335792293426746,2.20057068168121,1.2163575844032335,-0.4040822882929326,-9.83050545429706,,1.825962910128388,,,,,5.617418711656442,-7.193396226415095,-0.0802325581395348,6.676792918157022,0.0,0.0,2.644571272411492,0.3333333333333333,0.3086435447136602,,1.4760147601476017,0.0370336037079953,2.5207962197365403,1.5646319569120288,0.0370336037079953,,1.885663715380076,0.8167039450225291,-0.0474192095217772,,,,0.0,0.0,0.0,4.197679876617716,0.8981423904460074,0.2878141117355242,0.7363464434987099,1.266422883662402,0.0,-0.5432595573440644,2.196399345335516,,14.949,-0.1455950230784667
2008-06-30,0.5922351513907229,-0.0977231851176991,,0.1308007159173272,0.7989836946165034,0.349819358186447,,1.3828587819494955,0.2645416258314977,,0.2581196353524536,-0.3338916086919179,0.0246657448986443,0.220037058044999,0.0469281421186765,,0.8708337215158745,,1.3371568785197103,1.8151285762117888,,1.0632480295806168,0.0202777930217547,-0.5517380305046955,0.8817670347789409,,,0.0031818996577336,2.095716724011812,0.467629068632843,0.7853041065821164,1.30053565449658,,,,1.10615737887826,,,,,-0.9972260748959778,,1.246792015205043,,0.2235578994243456,,,,0.6073576335261504,,,,,0.5922351513907229,0.5760332225913621,0.3070307668521954,0.3073032268047718,,,,-0.1926289357868914,,1.071953993334781,,,-0.0565093138410752,,-0.9300161238909024,0.2930670058519687,-0.0111244846488248,-0.5925309669070068,,0.0791051851851851,-0.1467222254827161,0.2335792293426746,-0.1679985754352772,-3.780313837375178,0.7987881640535988,-0.3029340049360423,,1.7245205262323664,,,,,-0.1463849693251533,17.14622641509434,-4.7662790697674415,-1.0011922844496708,1.9639278557114228,0.0,0.4854342948193134,0.0,0.1085292171019016,,0.0,0.0833835457705678,0.0819165684404784,0.0026929982046678,0.0833835457705678,,-0.0013351237015066,0.94049478198359,1.4067698824793924,,,,0.0,0.0,0.0,0.9556879174574852,0.9445871881802158,0.0478821580109247,0.8646108937191168,1.8782855147294384,0.0,-0.5432595573440644,-0.0065466448445171,,22.9098,-0.1025194458266768
2008-03-31,0.5719657323634124,-0.0740758837626873,,-0.1333364325425419,0.7849764727535103,0.3232257698357359,,1.0783973774522355,0.0012400388710851,,0.2373854806922184,-0.268401614704114,-0.4604272381080277,0.2003736055965211,0.8038953225258427,,0.9903860623157118,,1.2348697850821744,3.004881671135301,,1.0537121728130778,0.0342097496852142,-0.6107891525094387,0.8673237406853535,,,0.0784868582240969,1.815041586518924,0.0123132288405371,0.8476497667754032,1.447264673510153,,,,1.05009473208718,,,,,,,-0.1916737358660753,,0.1918356145191997,,,,0.3623957897700687,,,,,0.5719657323634124,1.35178073089701,0.2558170995670996,0.2560457255596013,,,,-0.16855031881353,,1.360965199458553,,,2.04865456260316,,0.3004750512962556,0.2070211698314779,0.3360225540379074,-0.96968016269181,,0.0672533333333333,0.2347555607723458,0.2335792293426746,-0.757836834016815,,,4.357893757282543,,1.401172927563798,,,,,-1.4577346625766872,-8.84433962264151,2.3616279069767443,-1.2510820389697357,0.0,0.0,0.975531286594944,0.0,0.206946099533914,,0.4873633641996797,0.0717960602549246,0.9592616338399206,0.5652304009575104,0.0717960602549246,,0.7567054404715337,0.6814721804310561,-1.1222546253487289,,,,0.0,0.0,0.0,1.7953405111968257,0.7156381531955602,0.1658814795148261,0.6036643340664363,0.6545602525953654,0.0,-0.5432595573440644,0.4680851063829787,,27.8559,0.0493180977817985
2007-12-31,0.4591214345373355,-0.0757853272341339,,0.5069320153241808,0.6426240087040225,0.2552823947201997,,1.0091457255544742,-0.01446712016266,,0.2062122551092952,-0.343554066821266,-0.4768710680404573,0.1368455284552845,0.6108304608563382,,0.8651587686298062,,0.9896106194690264,2.72862321256173,,0.8264084849664299,0.0277534770850744,-0.6745197973900295,0.7031431100374503,,,0.9227509007427614,1.7009834466690146,-0.2046732260604837,0.6872888021706656,1.1553038703709009,,,,0.8814472618222107,,,,,,,-0.2015527183308814,,0.1464036985982652,,,,0.2197912275834654,,,,,0.4591214345373355,0.3102524916943521,0.2005449907235621,0.2007263091214174,,,,-0.1805896273002107,,0.7951890247586266,,,4.685768450837067,,0.0108020784654759,0.2206521933594765,0.2474825264940691,-3.696616749861342,,0.007994074074074,0.0,0.1511559859880486,-2.869668456259642,,0.3355709712244997,9.858224905729116,,2.168330955777461,,,,,-3.531354294478528,-2.9952830188679247,0.0825581395348837,-3.8577751645515854,0.0,0.0,0.8174354827963534,0.0,0.0757235896245642,,0.1963378124347281,0.0138586326767091,0.4961537611224431,0.2600239377618192,0.0138586326767091,,0.3191665875165483,0.5256467461048409,0.916771384087694,,,,0.0,0.0,0.0,1.492132630124286,0.5509972996890394,0.0085490508429576,0.4511027581807622,1.5319481763896063,0.0,-0.5432595573440644,0.320785597381342,,31.3295,-0.1135032477377551
2007-09-30,0.3061489130384064,-0.0769249562150984,,0.1899674371723378,0.4084753790500823,0.2144190760349608,,0.8509733135276341,-0.0256274700024263,,0.1775588052663313,-0.3564373443270635,-0.4878336213287437,0.0952497636604273,0.6414149933980419,,0.5781007351428551,,0.4101369957476152,1.251561320721705,,0.3389121338912134,0.0231661255007646,-0.7516205076301848,0.4703887866354794,,,0.774262250048524,1.268050174744656,-0.3414868798442294,0.4174799548794244,0.9142490534200308,,,,0.8451444003755278,,,,,,,-0.1787881065641543,,0.1007716420785602,,,,0.1272059194971574,,,,,0.3061489130384064,0.3368305647840531,0.1336773345701917,0.1338014207031949,,,,-0.16855031881353,,0.1812443157047383,,,3.686004244282009,,1.1843489940363268,-0.1695358551294819,0.2615086694713108,-2.7611388426696246,,0.1265125925925926,0.0,0.1511559859880486,-2.5168187837153293,-1.5720399429386591,-0.1052324864677074,7.993101816515051,,1.039784434934221,,,,,-2.634115030674846,0.0235849056603773,0.163953488372093,-2.7406209678736504,0.0,0.0,0.7316120464485472,0.0,0.1282125935883041,,0.171273410847316,0.1297334878331402,0.3937580505718451,0.2091561938958707,0.1297334878331402,,0.6342665845005913,0.2484712060453861,1.0116098031312484,,,,0.0,0.0,0.0,1.4221615806460075,0.2779852514693656,0.071482022311705,0.1730948939856997,1.1971554159944355,0.0,-0.5432595573440644,0.2193126022913257,,22.6342,0.2741095939249171
2007-06-30,0.1466065614311777,-0.1011420720605923,,0.2554734499903854,0.1669648141844295,0.168447842514067,,0.437922040669979,0.2872756718013921,,0.1492653233862186,-0.4079704543502533,-0.4933148979728868,0.0347468330497258,-0.234067250608226,,0.2321177741888955,,0.0469603493851281,-0.2638084107071885,,-0.0577016639097012,0.0289427904587844,-0.8001984117699359,0.2214017344734588,,,1.030935489105706,0.7197041532334535,-0.3362879610004471,0.1603231608792414,0.6922839812898042,,,,0.7495621828956541,,,,,-1.0027739251040222,,1.1175062012091015,,0.0629450689109099,,,,0.1190902127060499,,,,,0.1466065614311777,-0.4239667774086378,0.0915468460111317,0.0916348725090546,,,,-0.16855031881353,,0.2947261169793267,,,-2.0832143362414524,,-0.5277569222865596,0.0294140448954798,-0.139989673252233,0.0994546126825661,,0.08176,10.886789130817537,0.154922728209355,0.8553365715190409,,2.57926804212288,-1.192284884682132,,1.0106704707560628,,,,,0.3986794478527607,-51.72165094339623,0.6159418604651162,-0.2059761216456792,1.8036072144288573,0.0,2.418304558014949,0.0,-0.0721740207315162,,-0.1244976676181856,0.0859791425260718,-2.102028016862712,-1.4010008976660682,0.0859791425260718,,-1.6910867663853124,0.213173198482933,29.767709098955983,,,,0.0,0.0,0.0,4.136105353076832,0.2322764995761726,-0.1687763962023885,0.1424985671170013,11.847628887997391,0.0,-0.5432595573440644,1.9021145662847792,,21.6335,0.0082506146981149
2007-03-31,0.1553196492979894,-0.0765483088368896,,0.1813185303831679,0.2195451236137329,0.1219373591269519,,0.3553908723044614,-0.0207082358008315,,0.0849190342059556,-0.5973653697500644,-0.484210497466965,0.1478491208167895,0.2123254710376424,,0.2731246054134321,,0.2431184921273416,0.238349167854271,,0.1538215432519217,0.0251881281379821,-0.8418775850185743,0.2291575277681915,,,-0.5051202068659031,0.5574454769580883,-0.2253947484352622,0.2431634706258955,0.6748119987655299,,,,0.9068252596229006,,,,,,,1.2619261868201488,,0.0741587465194299,,,,0.1809535955479551,,,,,0.1553196492979894,-0.0360498338870431,0.0553994666048237,0.0554565544320813,,,,-0.0963144678934457,,0.4211611719159484,,,0.0097863711388823,,0.2329985794883063,-0.0334130464230064,0.0647271433042261,-0.0398539471251617,,0.0061807407407407,-0.1260637361347497,0.1601401195137028,-0.4558501784491138,,-4.859387432618709,2.7999101097789274,,0.5614645744174989,,,,,-0.1281641104294478,-3.534716981132076,0.1724418604651162,-0.2133274535744034,0.0,0.0,0.5265482378528783,0.0,-0.0684997904540545,,-0.0850657940541669,0.0120857473928157,-0.0366530100266345,-0.0827393776181927,0.0120857473928157,,0.5802980575885758,0.1475833519248407,2.4998458875690543,,,,0.0,0.0,0.0,1.274207796524188,0.1702950982614499,-0.1643710881995762,0.0769148362895471,1.899042665873939,0.0,-0.5432595573440644,-0.0363633387888707,,24.6177,-0.0155854324936691
2006-12-31,0.1439044948276586,-0.0766973153261507,,0.6611416218866154,0.1935414002987121,0.1295047754949812,,0.2652543154228346,0.1403926541750662,,0.0637289441239729,-0.5979622949411664,-0.4856438513094084,0.0986318774815655,0.0713575374863624,,0.3375370231561723,,0.1340799908056545,0.6788591188681212,,0.0471526710129415,0.0914070579632261,-0.8697740035568831,0.2259328386824648,,,-0.4908175679043903,0.604531982335889,-0.5389927122102902,0.1948550349074723,0.7882372735502415,,,,0.905869437448102,,,,,,,1.197484725160265,,0.0486063959931852,,,,0.0020511206714505,,,,,0.1439044948276586,-0.1585514950166112,0.0312055504019789,0.0312419305702638,,,,0.0,,0.598894899523703,,,1.5147521810893658,,-0.285582889487904,0.0822044432025067,7.88970542469846e-05,-1.2150360510260676,,-0.0061807407407407,,0.0831073562744694,-1.6571110893871577,,-0.6725241227824411,3.7030771561030806,,0.719721033444286,,,,,-1.3932806748466258,1.477877358490566,-0.3783372093023255,-1.2922909827363744,0.0,0.0,0.6903422661226666,0.0,-0.0548067215450138,,0.1405277449000905,0.0,0.4952368540779673,0.2576451226810293,0.0,,0.583544487843217,0.104645779346456,0.0335253811318965,,,,0.0,0.0,0.0,1.2059393759165478,0.1401423763785927,-0.1479534492676667,0.0337191930155284,0.8633901230363394,0.0,-0.5432595573440644,0.220189852700491,,21.4929,0.1020735511486829
2006-09-30,0.0291715948169266,-0.0761702369224547,,-0.0450301010694384,0.0247605660872128,0.090349040847103,,0.0621511038262562,0.1876269748135705,,0.0366936942612107,-0.6288542471871511,-0.480573670413576,0.1209408205709964,0.3307736309718092,,0.0948488925565899,,-0.1290111481438915,-0.0654541007621418,,-0.149182251629853,0.11082225898522,-0.9408352324397004,0.0461142745759678,,,-0.4839383008443701,0.2782498442198802,-0.5385871965404753,-0.0006813816651931,0.391511202217854,,,,0.8039967152803339,,0.1158843034010822,,,,,1.2300673274131024,,0.0225980251126416,,,,-0.0020511206714505,,,,,0.0291715948169266,0.0668820598006644,-0.030424203772418,-0.0304405727300422,,,,-0.0016493852626752,,-0.285734929371866,,,0.2760481018627682,,-0.3317597323619798,0.2137114465668137,0.119047765153275,-0.3808929561841375,,-0.0379318518518518,-0.0820470684899348,0.0828188749227282,-0.6243279974694885,,0.3426387690376662,0.5645264280219895,,0.3583262006657156,,,,,-0.5640015337423313,-3.674339622641509,0.862046511627907,-0.4622829797311643,0.0,0.0,0.5695706230894404,0.0,-0.0166734601653567,,0.0815679175659681,-0.0310428736964078,0.3793225825594506,0.1791172950329144,-0.0310428736964078,,0.479775756836432,-0.0078681928864125,-0.0244050865005413,,,,0.0,0.0,0.0,1.031583182458258,0.0263290273770869,-0.1022326454956217,-0.0795233117210781,0.7072150726009645,0.0,-0.5432595573440644,0.0940916530278232,,25.0729,-0.0795012903025215
2006-06-30,0.0029299762496908,-0.1030842847514009,,-0.2240960698505406,0.0104194511449275,0.0511993059722064,,0.0712521641141218,0.1624529456916709,,0.0124407807705114,-0.6468908356952675,-0.478811439972484,0.0966568349404424,0.6258417317344632,,0.0710216570389514,,-0.1956193540972302,-0.192948484427679,,-0.1755356621582173,,-0.9599635621152068,0.0107774135000063,,,0.8152726941038339,0.1960664842458887,-0.5282859492924818,-0.0504161458492119,0.3536813169228903,,,,0.7648971549125814,,0.1158843034010822,,,,,1.1855547800315698,,0.0075814759868807,,,,0.003214979275963,,,,,0.0029299762496908,0.323297342192691,-0.0470137600494743,-0.0470443280673504,,,,-0.0016493852626752,,0.1816721176030684,,,-0.0668879981136524,,0.5322753254952448,0.0479028244332689,0.2543667327940865,0.3565557404326123,,-0.0994548148148148,,0.0816072532454152,-0.1768606319498137,,0.3317531650061824,-0.1501958676237797,,0.2124900935171976,,,,,-0.0227009202453987,,0.7246627906976744,0.2267725023274045,1.8036072144288573,0.0,0.584472281853199,0.0,-0.0602852613337291,,0.0304991993316159,-0.0911935110081112,-0.0865034308380972,-0.128122381807301,-0.0911935110081112,,-0.1316442773114047,0.0015740046869666,3.243821672159392,,,,0.0,0.0,0.0,1.0209009355712408,0.0338029182740145,-0.1545220781647172,-0.0690817171746022,2.795710034835764,0.0,-0.5432595573440644,0.1186873977086743,,27.3506,-0.0691940944622786
2006-03-31,-0.0240417520169098,,,-0.2504971061134015,0.0044864480128475,0.0,,0.0860543973774522,0.1459401747380108,,-0.0124407807705114,-0.6339216696727648,-0.4878939153718292,0.0319436566458687,0.2538095663638957,,0.0704842390006408,,-0.1431217101482588,-0.1514714078020545,,-0.1689644837987739,,-0.972778324093504,-0.0207873832074338,,,-0.5090530348428619,0.2002224269188046,-0.5344524142958229,-0.0841698423828541,0.3169590111362459,,,,0.6518872662888412,,0.1000310129077587,,,,,1.2016862993546449,,-0.0152987974051771,,,,-0.0109270538742148,,,,,-0.0240417520169098,0.0,-0.0581277056277056,-0.0581677861111514,,,,-0.0465921238434543,,0.319421879617852,,,0.1774015562367366,,0.2840404428035144,-0.0324878407010435,0.0837518529849823,-0.2366777592900721,,-0.1281244444444444,,0.0803709045950958,-0.1057469402963213,,0.3427060102430769,0.3246224957208097,,0.127081946425741,,,,,-0.2816625766871166,,-0.7052790697674418,-0.2753082790272265,0.0,0.0,0.3837177131667831,0.0,-0.0578117170219379,,-0.0505019842651256,-0.1192236384704519,0.3115854928549902,0.1241846199880311,-0.1192236384704519,,0.2358181368857407,-0.0263090614053654,-0.8650370264994349,,,,0.0,0.0,0.0,0.7127367718273231,0.0022074304307728,-0.1515563618842525,-0.0969833480906001,0.0736024566861866,0.0,-0.5432595573440644,-0.0857741407528641,,22.2447,0.1854509163980633
2005-12-31,-0.0407564823412485,-0.0755445806119052,,0.3769680858931745,-0.0044864480128475,-0.0251379137005626,,0.0402757772883265,0.152662012111873,,-0.0355849209420361,-0.5866615133556643,,0.0,0.0734334626326305,,0.0537098349298079,,-0.1442946787725549,-0.2227755576829503,,-0.1883212999902695,,-0.9872565450369536,-0.0398528509528739,,,-0.5093521334106889,0.129500149007071,-0.5351843673435659,-0.0983495930002134,0.3286205993693272,,,,0.6496663583221093,,0.1064843962215444,,,,,1.1664952162101216,,-0.0302541035077141,,,,-0.0043640971069161,,,,,-0.0407564823412485,-0.1567475083056478,-0.0706843305504019,-0.0707351582938022,,,,-0.0661198822088504,,0.2731155897869644,,,-0.1779995284131101,,-0.769014895256605,0.2494792523042819,0.0010309215088272,0.102919208726197,,-0.1331377777777777,,-0.0010797444879456,-0.5656469903601601,-0.0092971944840703,0.3429600325746284,-0.4383039259653051,,-0.2153875416072277,,,,,-0.0197346625766871,,0.5516511627906977,0.112925670047528,0.0,0.0,0.4147519194524465,0.0,-0.067335190678609,,-0.0327675276752767,-0.1241251448435689,0.1746149397668868,0.0354952124476361,-0.1241251448435689,,0.3946951565079178,-0.0140668874765699,0.2824762311212272,,,,0.0,0.0,0.0,0.6411330645278849,0.0153179632065652,-0.1629747628951133,-0.0845371264269325,0.5649396940109616,0.0,-0.5432595573440644,-0.020697217675941,,16.6049,0.6046490400705877
2005-09-30,-0.0499361401314899,-0.0695110998794343,,-0.308387516667054,-0.0065068106044441,-0.0425619030631273,,0.0892469395072478,0.1293220004803084,,-0.0552472349960853,-0.6347096968135361,,-0.0279515976555114,0.7060955451238936,,0.0419884089087302,,-0.1956800367773819,-0.1778470920482133,,-0.167416561253284,,-0.9776795672198976,-0.0535915551465419,,,-0.6040147088614845,0.1521343231015144,-0.5224793041985921,-0.1294090119203682,0.2146724153000187,,,,0.7023624891263739,,0.0840765286655104,,,,,1.0086453982196355,,-0.0333502785706959,,,,0.0110254361157233,,,,,-0.0499361401314899,0.3930382059800664,-0.0623784400123685,-0.0624221587145005,,,,-0.0866228245616677,,-0.067878445478934,,,1.0693345908983731,,1.6161771214057803,-0.2893014356023592,0.2911713319663688,0.2246810870770937,,-0.1203259259259259,-0.1454897587886613,-0.0014011951370286,-0.2247612916009599,0.0058050404184498,0.342907733859309,2.1582444083431587,,-0.2382501188777936,,,,,0.5398128834355829,,-1.5607441860465117,0.2263837849314844,0.0,0.0,-0.1114180177270566,0.0,-0.0343228877481643,,-0.3123149759799485,-0.1115990730011587,-0.1164053054941116,-0.1499805505685218,-0.1115990730011587,,-0.1547798193756788,-0.0492451466631581,-1.1373023211703062,,,,0.0,0.0,0.0,0.0389971982425604,-0.03470219078399,-0.123393857151988,-0.1204328163529557,-0.6906601478283206,0.0,-0.5432595573440644,-0.614278232405892,,16.1913,0.6286524244501679
2005-06-30,-0.0967718617162747,-0.0751679332336965,,-0.3777816283104309,-0.0741136115992827,-0.0601538860691757,,-0.0116949239358705,0.1107106704104818,,-0.0646265602361389,-0.6493150390792751,-0.7230845336187252,-0.0722586500283607,-0.50279059965277,,-0.0044460418385901,,-0.1749759797724399,-0.1785395799177044,,-0.2729617592682689,,-0.9841749678059968,-0.1244256234262561,,,0.4836498086087356,0.0961130828208393,-0.6706222230248623,-0.1679140879851224,0.1234664805603701,,,,0.6832138785379781,,0.0662084904730053,,,,,0.9924541754807952,,-0.0479924647064562,,,,-0.0795344234328611,,,,,-0.0967718617162747,0.8508189368770764,-0.0680117501546073,-0.0680602904269363,,,,-0.0866228245616677,,,,,0.0697778825748644,,-0.2948722313174859,-0.1704874709595303,-0.2632268719860229,-0.3717378443335182,,-0.2047111111111111,0.1574036034978578,-0.0016731918400989,0.0117309350088426,,-0.6700436694272918,0.6090755463949369,,-0.1420446980504041,,,,,-0.3774953987730061,,0.509860465116279,-0.3252960295294559,1.6032064128256514,0.0,-0.1265319765702018,0.0,-0.117285039075603,,-0.3935904755273968,-0.1941019698725376,-0.1672191768548459,-0.1933004189108318,-0.1941019698725376,,-0.1940952961422307,0.0140485057195104,-1.183978629742909,,,,0.0,0.0,0.0,-0.1457030486969349,0.0246007449998621,-0.2228633518690601,-0.0553012100958746,1.821682449066765,0.0,-0.5432595573440644,-0.5843404255319149,,13.98,-0.0383547925608012
2005-03-31,-0.0824491841372198,-0.0696250627775308,,-0.0560583552919349,-0.0582132648391042,-0.0488326387650197,,0.0035863340675101,0.1549259097441841,,-0.0741535443345542,-0.5125107360645882,,-0.0778109283418415,-0.2362024332862936,,0.0044460418385901,,-0.241612688196759,-0.3227663859021257,,-0.3022387856378321,,-0.969806604232918,-0.1030869345705995,,,0.5825623413690442,0.0660109452466744,-0.658216781781675,-0.1587631474650163,0.2179790585499317,,,,0.7590344725538879,,0.108657879213157,,,,,0.9447704747280596,,-0.0430092640079656,,,,-0.0546831354784747,,,,,-0.0824491841372198,1.2373986710963456,-0.0555504019789734,-0.0555882765390548,,,,-0.0252343905880827,,-0.2154309124426672,,,-0.8606196651733082,,0.8614106702401253,-0.4495520078923626,-0.1409688733588316,0.7716213717877611,,-0.0451851851851851,0.2220494160455425,0.0010797444879456,0.2608572864609408,,0.3171244672068377,-1.884003995560928,,-0.1779236012046283,,,,,0.6868312883435583,,-0.3828720930232558,0.694028778153429,0.0,0.0,0.1941676199467217,0.0,-0.1132532274586382,,-0.3232528023393441,-0.0381344148319814,-0.3558576746166851,-0.2944359664871334,-0.0381344148319814,,-0.340047814173828,-0.0613712333129303,2.341718630217101,,,,0.0,0.0,0.0,0.6517919877317426,-0.045329266634783,-0.2180293129981169,-0.1307094341778298,0.6842875408028677,0.0,-0.5432595573440644,-0.3433878887070376,,16.0024,-0.1326238564215368
2004-12-31,-0.0677631501588797,-0.0698059788782589,,-0.0352675920623617,-0.0298186064768742,-0.0522711573075613,,-0.1046875992419197,0.1470549696831163,,-0.089509921616976,-0.5368365112084514,,0.0472009831726224,-0.8623519218794578,,0.0359167768159258,,-0.0562562923801861,-0.0583877777364413,,-0.2090541986961175,,-0.9645844795378948,-0.1005691360865063,,,0.4903477073882649,0.1223982010782693,-0.6253938181024166,-0.1227986951617328,0.3070974735471347,,,,0.8463148230097646,,0.1011012856169753,,,,,1.0761287274367262,,-0.0075814759868807,,,,-0.0376065290033001,,,,,-0.0677631501588797,0.5488488372093023,-0.0510213744588744,-0.0510553726081847,,,,-0.0467125169283211,,-0.1890100631416008,,,-0.678853100683801,,-0.3776691847995964,-0.3022475001980758,-0.4281225919961568,0.1112275836568681,,-0.0555437037037037,0.2294148717647749,-0.0536987430455388,-0.4674152214477303,,0.342825550163807,-1.5517230114016043,,-0.3341702330004755,,,,,-0.0184125766871165,,-0.8967906976744187,0.1508648145426037,0.0,0.0,0.2965369114177918,0.0,-0.1482043429729936,,-0.1925670124625774,-0.0482618771726535,0.0250683316829782,-0.0508512866546977,-0.0482618771726535,,-0.0453194821376563,-0.0251531463504394,0.4708727505512483,,,,0.0,0.0,0.0,0.662427587252441,-0.0022074304307728,-0.259934805374869,-0.0937303514133653,0.0010794180378258,0.0,-0.5432595573440644,-0.1980065466448445,,14.4744,-0.0410586967335432
2004-09-30,-0.0857495532235562,-0.0715342262278914,,-0.1852488911522507,-0.0203458155053431,-0.1031265303475003,,0.0180435383906161,0.1365237328972805,,-0.108542363729628,-0.5814523748174869,,-0.035937984496124,-0.531838259434253,,0.0685556062623105,,-0.0179919549477071,0.1955187931262475,,-0.1430088547241413,,-0.9717818085553712,-0.1152476130219717,,,0.486730948110641,0.1603335049172333,-0.6268399384229107,-0.1941716715953781,0.1951469751269982,,,,0.6912698970698995,,0.0909906411655773,,,,,1.0026239436468478,,-0.0328152026798826,,,,-0.0706793591904168,,,,,-0.0857495532235562,0.8304019933554817,-0.0572634508348794,-0.0573027915995725,,,,-0.1044410011219552,,,,,-1.5376826220231077,,-0.0312450676677302,-0.2741479971340773,-0.2765482012786582,1.323200221852468,,-0.0815229629629629,0.196255648805681,-0.0546630949927879,0.999384817128745,,0.3429226763494002,-3.330321812931322,,-0.3360722776985259,,,,,0.9577852760736196,,-0.3471627906976744,1.2220523625198034,0.0,0.0,0.1419982632046697,0.0,-0.2080155629896752,,-0.1999136670611989,-0.0736616454229432,0.109267859033687,0.0,-0.0736616454229432,,0.0198269920959416,-0.0330909382132703,-1.1825718598604296,,,,0.0,0.0,0.0,0.4150449418219878,-0.0089891896383889,-0.3316469263635067,-0.1002684108803899,-0.0258425377291237,0.0,-0.5432595573440644,-0.3525466448445172,,10.9763,0.2645518070752439
2004-06-30,-0.0680021277290691,-0.0716615797665142,,-0.3278618203487033,0.0240002671144634,-0.1197669817898782,,0.0956385801362495,0.1295881954913013,,-0.1241842676001835,-0.6080273554925707,-0.7126701079948531,-0.0450085082246171,-0.4687901571328147,,0.1263969014757242,,0.1639526491207907,0.7663092864465022,,0.0174529531964581,,-0.968496783496526,-0.0842723072203688,,,0.4448709368467162,0.0794502993687518,-0.6132329996721945,-0.0635041614584921,0.0631571106585718,,,,0.7045075746609704,,0.0843320924863244,,,,,1.0181206309663149,,-0.0337403525976998,,,,-0.0592287594148409,,,,,-0.0680021277290691,0.8196312292358804,-0.0544144248608534,-0.054451327134077,,,,-0.1044410011219552,,0.2001361781615295,,,-1.8927290733317608,,-0.6052060670394865,-0.0485477422339373,-0.2476341841650105,1.1988907376594564,,0.0265422222222222,0.6191091026468689,-0.067315062847723,1.291710238005662,,0.3428180789187614,-4.0605115624761785,,-0.3266127754002219,,,,,1.994069018404908,,-0.8922790697674419,1.1097963316837345,1.2945891783567134,0.0,-1.0867900792624603,0.0,1.1081002835226357,,-0.4229520295202952,0.0319930475086906,-1.2018044916809305,-0.8292295032914423,0.0319930475086906,,-0.9945699267662592,0.0641507685443135,-0.8774292465877928,,,,0.0,0.0,0.0,-1.6224187242528405,0.0441214786013967,1.2463422668652988,-0.0337191930155284,0.2094821390948473,0.0,-0.5432595573440644,-0.347165302782324,,10.796,0.2856706187476844
2004-03-31,-0.0029299762496908,-0.0714846523672195,,-0.4766302016528646,0.1254951634365904,-0.1047385234072224,,0.0606001126875992,0.1211414640477596,,-0.1133452722707679,-0.5243472472730396,-0.4355011325687866,-0.0663497825675931,0.037399148698652,,0.2479664042789144,,0.3366079760947018,1.427384727474714,,0.2151653206188576,,-0.9705170003723564,0.0313206347380395,,,0.4552407478312702,0.3237666278345208,-0.5807849054043035,0.0436192494131276,0.2403825584862056,,,,0.7298910868203611,,0.0762227032342514,,,,,0.9640705702964768,,-0.0402952574183363,,,,-0.0140887013626934,,,,,-0.0029299762496908,1.275752491694352,-0.0561665120593692,-0.0562049139502608,,,,-0.120850578589301,,0.3022657172294765,,,1.3609092195236971,,0.7136675507469292,-0.276773673041158,-0.0154945048201716,-1.3052967276760954,,-0.0226429629629629,0.5011444333587652,-0.0564187100762415,-0.8917709334157526,,0.3422726780304304,2.775223958317865,,-0.5068632112854652,,,,,-1.154863496932515,,-0.2940697674418605,-1.0560537017982263,0.0,0.0,0.0347731720454999,0.0,-0.2073856949421103,,-0.3063162292000278,-0.0160950173812282,-0.0993168577083607,-0.1266636744464392,-0.0160950173812282,,-0.1415582235022284,-0.0015740046869666,-0.5162687404667631,,,,0.0,0.0,0.0,0.3223566249464284,0.0160648015085925,-0.3308917307058818,-0.0688100311330724,0.4005679932348773,0.0,-0.5432595573440644,-0.4819345335515548,,10.8058,-0.0812804234762812
2003-12-31,-0.0467319667962279,-0.0701814866274867,,-0.1321953600611952,0.0671387969099417,-0.1272532390666299,,-0.0035863340675101,0.1113802914008677,,-0.126156676055831,-0.54937408743451,-0.4229654528836311,-0.1195647570429192,-0.4746815027136604,,0.1729382305023988,,0.239776347546259,0.914781632422282,,0.081049138853751,,-0.951083164703384,-0.0402504888991142,,,0.27452051423741,0.171253284928612,-0.5789614530266738,0.0006813816651931,0.2625427577531969,,,,0.6949093738124025,,0.0668513684073512,,,,,0.9312031956360668,,-0.0456505194899416,,,,-0.0310603005295912,,,,,-0.0467319667962279,0.5477142857142857,-0.0393119975262832,-0.0393359735782087,,,,-0.1704164116289655,,0.4147621045894,,,1.7562838953077105,,-0.5161972375844492,-0.0818014760694602,-0.2503359699560017,-1.7222296173044924,,-0.0066548148148148,0.4414871764774928,-0.1376797856995672,-1.5578892348263944,,0.3429600325746284,3.5658104326115385,,-0.2445332065303534,,,,,-1.437728527607362,,-0.3668837209302326,-1.491964329462492,0.0,0.0,-0.0068557116061517,0.0,-0.1005574496249086,,-0.2822613660098865,-0.0004634994206257,-0.029720354987311,-0.0799027528426092,-0.0004634994206257,,-0.0877103348747725,-0.0095998916925517,0.1414515020034616,,,,0.0,0.0,0.0,0.1767701946652905,0.0070947777923455,-0.2028074005241136,-0.0793050184227814,3.0561672578452623,0.0,-0.5432595573440644,-0.5014042553191489,,9.7056,0.022863089350478
2003-09-30,-0.1308049255061522,-0.0713900631617994,,-0.3244766386540416,-0.0542606874288441,-0.1587806677585172,,-0.0744676535368539,0.1077126697664882,,-0.1392497907686216,-0.5880743794554668,-0.4345912406458588,-0.2442851200605029,-0.0372137299701179,,0.0063734450037951,,-0.0249670152855993,0.2421173332292145,,-0.0985575557069183,,-0.9488234008231948,-0.1637572056699515,,,0.1559226289279225,-0.0202673999620709,-0.5816479259323714,-0.1901178317734215,0.0098903593607031,,,,0.6038696093122814,,0.0633302227829987,,,,,0.7815722615353228,,-0.0776411929380389,,,,-0.0480098713494846,,,,,-0.1308049255061522,0.7421312292358804,-0.0373521567717996,-0.0373744553890492,,,,-0.1910397470666495,,-0.0777554442690057,,,-0.1595906625795803,,0.0529482580936671,-0.0826730096362817,-0.0497121572470889,-0.2062340543538547,,-0.0854696296296296,0.3764011972533599,-0.1386276529981454,-0.3761456505517719,-0.3758307180218735,0.3133888446840224,-0.4408778750268532,,-0.6386685687113647,,,,,-0.0810352760736196,,0.4134186046511628,-0.0511506361572508,0.0,0.0,-0.2380708246615903,0.0,-0.2726852964357505,,-0.491883311285943,-0.0775202780996523,-0.340437811477861,-0.2896080191502094,-0.0775202780996523,,-0.3281172280023065,-0.0952185312518472,-0.7880756494455904,,,,0.0,0.0,0.0,-0.1933183478669034,-0.0837555635601708,-0.4091842805237203,-0.1608079365532737,0.2705875901559383,0.0,-0.5432595573440644,-0.7326317512274959,,8.325,0.1924924924924926
2003-06-30,-0.149600238902913,-0.0695971418674971,,-0.4404370730222995,-0.0774330625813355,-0.1707665926154145,,-0.1471622189212723,0.1054053707736891,,-0.1472654853718019,-0.5825732199604913,-0.6925867103707124,-0.2275689166193987,-0.0391692285195031,,-0.0251966962315948,,0.0,0.3088724271589322,,-0.0776183711199766,,-0.9208151194047112,-0.2067935567570331,,,0.0982878197941735,-0.1157281027336024,-0.5770014606225677,-0.2222528276576933,-0.0825627720405608,,,,0.5896650808290103,,0.0611150717771229,,,,,0.8076437553018996,,-0.0606395492833715,,,,-0.0516361016450868,,,,,-0.149600238902913,0.6501661129568106,-0.0130612244897959,-0.0130627324116654,,,,-0.1910397470666495,,-0.1268089733897422,,,-1.114946474887998,,-1.151987323712642,0.3310754110818517,-0.0506089537636963,0.5728489554446293,,-0.0157688888888888,0.4211808204706849,-0.1388996497012157,0.5777913387913122,,0.3099296582278953,-2.4447090992069267,,-0.5595942304644159,,,,,0.5568957055214724,,0.3679651162790697,0.6167475133519525,1.186372745490982,0.0,-0.4294977409238893,0.0,-0.1994270497161083,,-0.5640604330571608,-0.0093742757821552,-0.3958757800400507,-0.3164497307001795,-0.0093742757821552,,-0.3710104401631858,-0.0834352147938821,-0.8093826809240423,,,,0.0,0.0,0.0,-0.5384738731016708,-0.0777769867441411,-0.321349518906933,-0.1507419192063446,-0.8104120548482898,0.0,-0.5432595573440644,-0.913191489361702,,8.1365,0.2201192158790635
2003-03-31,-0.1357182625412364,-0.0779708507123785,,-0.0565232366732243,-0.0393631926041868,-0.1879921840795213,,-0.0619216308968908,0.1039896597292003,,-0.1513123172037688,-0.9337821008331186,,-0.3026076763093212,0.8891764684518157,,0.0522654648377554,,0.0233830594184576,0.7438704694073225,,0.036691836138951,,-0.9303481988405032,-0.1676108810409397,,,-0.3296522289737419,-0.1285459619083742,-0.5778480635121817,-0.1618039084174262,-0.0748916890924379,,,,0.5194392632449152,,0.0597559008356817,,,,,0.7350336637065513,,-0.0847786069713974,,,,-0.0904999026943318,,,,,-0.1357182625412364,0.7866760797342193,-0.0213290429808286,-0.0213376273579659,,,,-0.1872714435103185,,0.0831641991858701,,,-0.0976580995048337,,0.5141150583523921,0.1715157612969237,0.3751327004620737,0.5044407469033093,,-0.12784,0.3149539292211984,-0.1383062023490624,0.3916210052200027,,0.2269540107511216,-0.2648989576496281,,-0.5149976224441274,,,,,0.668308282208589,,0.0319186046511627,0.5448249955085175,0.0,0.0,-0.3824416541789802,0.0,-0.2745584977647065,,-0.5467548562278075,-0.1189455388180764,-0.2799242737176973,-0.2560532615200478,-0.1189455388180764,,-0.2812969695933004,-0.0967849467901524,-0.3511550529119346,,,,0.0,0.0,0.0,-0.5495526226023982,-0.0881746669753558,-0.4114302009430112,-0.1623286776536898,-0.977750712156152,0.0,-0.5432595573440644,-0.8418821603927987,,6.7902,0.462033518894878
2002-12-31,-0.1239704730930928,-0.0820196675744998,,-0.2706180175344804,-0.0179923416328837,-0.1890715756701098,,-0.0880467141320493,0.107894128787957,,-0.1569223459112139,-0.9470271837155372,,-0.2873522404991492,0.5311653997183355,,0.0868846636762817,,0.0772598551890587,0.7936765543866344,,0.0458581298044176,,-0.9355950581564418,-0.1485715518233061,,,-0.3040538462272746,-0.0556102516864891,-0.5834593387084681,-0.1171138075058687,0.0606709521272245,,,,0.5447892297222096,,0.0635044347664418,,,,,0.7584657510711179,,-0.0830977261526222,,,,-0.0967928879908242,,,,,-0.1239704730930928,0.5156544850498339,-0.0258795222634508,-0.025892001411999,,,,-0.1784466303895815,,0.3066417061131585,,,0.9297863711388824,,-0.0445650727431968,0.2041986960222117,0.2109479305740988,-1.004901090774635,,-0.1307674074074074,-0.0996243911027642,-0.1385534720791263,-1.0498778685904873,,0.1408628540903198,1.9374787772949973,,-0.6104675859882708,,,,,-0.7304846625766871,,0.2030116279069767,-0.7639848432880919,0.0,0.0,-0.3031430575050901,0.0,-0.2254419123056369,,-0.4401768432778667,-0.1218076477404403,-0.2752513058362064,-0.2534186116098145,-0.1218076477404403,,-0.2776814221993349,-0.1091956837193693,-0.8743944171783989,,,,0.0,0.0,0.0,-0.3084906953081496,-0.0957031900542336,-0.3525406728911309,-0.1758624813153961,-0.1830566001795182,0.0,-0.5432595573440644,-0.7946153846153846,,7.7575,-0.0849758298420883
2002-09-30,-0.1605860400442343,-0.0801304476313061,,-0.2675645920982843,-0.0748213997775132,-0.197878026236845,,-0.0514072632279875,0.1161837886411612,,-0.1635741938967432,-0.953205788886026,,-0.297577613915674,0.6044975510869217,,0.0557697482449025,,-0.0509672451442363,0.7743819269506333,,-0.0552392721611365,0.3352637022068049,-0.9290432804614098,-0.2114101064713626,,,-0.3505212481955977,-0.1413174934301427,-0.7184391422768966,-0.2181630133227645,-0.0861306827784113,,,,0.5281188638399145,,0.0714630254907053,,,,,0.7440029207426417,,-0.0828614601757734,,,,-0.186779679263955,,,,,-0.1605860400442343,0.5066046511627907,-0.0201973175633889,-0.0202049332927141,,,,-0.1557164159667283,,0.0435712967785863,,,1.178771044564961,,0.6879436004246061,-0.0151755888815148,0.244578238263844,-0.1703050471436494,,-0.3013392592592592,0.1893890486530899,-0.1371275499690913,-0.4656509730850088,,-0.0617573115471827,2.5682388545530683,,-0.5981803772388651,,,,,0.0,,0.5151395348837209,-0.0298397765691606,0.0,0.0,-0.3784373133199102,0.0,-0.3240293840005314,,-0.5389083060641927,-0.2885747392815759,-0.3812936999875496,-0.3431238779174147,-0.2885747392815759,,-0.3597280596997457,-0.1719404003943306,-1.0676909215923371,,,,0.0,0.0,0.0,-0.4270683004906719,-0.1599731885496156,-0.4707445265523056,-0.2362307846105509,-0.2206803797011686,0.0,-0.5432595573440644,-0.8704582651391162,,7.7922,0.0043761710428376
2002-06-30,-0.2155451325864506,-0.1240292408853008,,-0.3602091120976927,-0.1720456570282864,-0.1962555741134119,,-0.0951755365466373,0.13150653562487,,-0.1685453514637197,-0.9598707377823584,-1.0496644773534205,-0.2765403667990168,0.112277730493878,,-0.0656945787647992,,-0.2016616480864268,0.2815353634769374,,-0.2329362654471149,0.3335655326110576,-1.0497192620526126,-0.2744486304433963,,,-0.3367786235738461,-0.2432816775486982,-0.7852299262902759,-0.2671924636444011,-0.276429985647132,,,,0.5520102824408574,,0.0861738187167561,,,,,0.9000831123089974,,-0.1314873198421891,,,,-0.2212469203791194,,,,,-0.2155451325864506,0.1003870431893687,-0.1248567949907235,-0.1249539891392124,,,,-0.1557164159667283,,0.0481775149281635,,,-0.2971733081820325,,-0.1159310850666773,0.042064486668433,0.0188449997238603,0.0622111295988167,,-0.2941096296296296,-0.310933740242972,-0.1895652173913043,0.2604346568158411,,0.137157116547687,-0.6607644034724552,,-0.5672277698525915,,,,,0.1583082822085889,,0.937453488372093,0.167599261763601,1.0460921843687374,0.0,-0.4604393482387562,0.0,-0.2680793863379324,,-0.5939873285525308,-0.2815063731170336,-0.3666231872759367,-0.3327797725912627,-0.2815063731170336,,-0.3483772575226748,-0.1580952762316635,-0.3941484695450127,,,,0.0,0.0,0.0,-0.8993612226274712,-0.1506759671877924,-0.4036619122773377,-0.2237039787495358,-0.962050086151413,0.0,-0.5432595573440644,-0.8567397708674305,,7.933,-0.1209438775510204
2002-03-31,-0.2192067676715831,,,-0.2980164356699257,-0.1614595850930584,-0.2173828828098396,,-0.1081051067971111,0.1389542090846074,,-0.1742763294066828,-0.961944945460792,,-0.3211567404046133,0.2407098287696272,,-0.0733130138492496,,-0.1900455120101137,0.1780599952336207,,-0.2100260776491194,0.2638365992161745,-1.0443306800438628,-0.2747225417641269,,,-0.3537826953447747,-0.3027411882636612,-0.7145837335132706,-0.2466752538032377,-0.2421938383918349,,,,0.4605665911659055,,0.0933240499643143,,,,,0.8494047913064954,,-0.1408745143463283,,,,-0.180993677201903,,,,,-0.2192067676715831,0.1853637873754152,-0.1201834029066171,-0.1202765970821909,,,,-0.0892594331202508,,0.1732067017943187,,,-0.4571393539259608,,0.1317764442642585,0.014068068219865,0.0777442806210425,0.096383804769828,,-0.2324088888888889,-0.2662128059158401,-0.1891613434988666,0.1257342943220497,0.1448673323823109,0.1379191835423414,-0.9967835536534732,,-1.1072182596291014,,,,,0.3913757668711656,,-0.4772906976744186,0.3368938540186519,0.0,0.0,-0.3316545064644245,0.0,-0.3779355910712924,,-0.580320267353617,-0.2211819235225956,-0.2977806893325778,-0.2807330939557151,-0.2211819235225956,,-0.2951127540324922,-0.294296392484836,-0.8278761726375354,,,,0.0,0.0,0.0,-0.2917326289581019,-0.2803646541840566,-0.5353766882507093,-0.3571646625346319,-0.803658476750663,0.0,-0.5432595573440644,-0.8406415711947627,,8.6015,-0.0751558758545698
2001-12-31,-0.2238203562079762,,,-0.3388583781133846,-0.1673308261492029,-0.2200969693038642,,-0.1535858218511499,0.1572187416168205,,-0.1803578441518704,-1.0075678519281972,,-0.277547740593685,0.1778930219955356,,-0.0770033411285116,,-0.1747603723709918,0.2101406008216295,,-0.2034801985015082,0.2452591845150039,-1.0351294010634104,-0.292630309188747,,,-0.3218162707499631,-0.3408777871095337,-0.7172956537585721,-0.264569982622481,-0.2315537386610191,,,,0.4636964492584796,,0.1108591408809451,,,,,0.8989388684269868,,-0.1252019043377973,,,,-0.1894575312516821,,,,,-0.2238203562079762,0.1808405315614618,-0.1122033472479901,-0.1122897112655283,,,,-0.0086081055679767,,0.2014726508858928,,,-0.0097863711388823,,0.9184440600019188,-0.2846217348374031,0.0489363362136602,0.6587483823257534,,-0.222797037037037,-0.1655613592346968,-0.1861611374407583,-0.6078164760389728,0.0867998097955301,-0.5437198581957691,0.3050486030881449,,-0.2308258044064035,,,,,0.6725628834355828,,0.249860465116279,0.607940941088082,0.0,0.0,-0.2201224339074846,0.0,-0.3450217050232796,,-0.4173389960314697,-0.211784472769409,0.0853677693210815,-0.0331986834230999,-0.211784472769409,,0.0013351237015066,-0.2850816405527493,0.9939382443827994,,,,0.0,0.0,0.0,-0.0988224455464884,-0.2634074650113066,-0.4959137818290878,-0.3487269334399664,-1.4689609591235355,0.0,-0.5432595573440644,-0.7331423895253683,,8.8278,-0.0815945082580031
2001-09-30,-0.2463254212296967,,,-0.3394923072696882,-0.2050183315444265,-0.2220766511537401,,-0.1640899451928494,0.2014567149964927,,-0.1887774948029625,-1.009241604397492,,-0.3295072792588391,-0.4922905473245463,,-0.132151871197486,,-0.1167900241351568,0.1206814817325015,,-0.2226297557653011,0.2251543516381687,-1.0249358403988558,-0.3253021268709178,,,-0.3215012626838475,-0.2700723361599523,-0.7109929223560625,-0.3288936312917289,-0.3947542129850316,,,,0.4570374015974178,,0.1533303557238061,,,,,0.0073804589431636,,-0.1343745481200543,,,,-0.1886958142000024,,,,,-0.2463254212296967,-0.4010581395348837,-0.1033627087198515,-0.1034415060034139,,,,0.0194194045890159,,-0.1589920856648809,,,-0.5430473944824334,,-0.3164367748504439,-0.1583873817615201,-0.2584115217751486,-0.110025882787946,,-0.2371377777777777,-0.241358060919068,-0.1987141974036678,-0.1560964820031855,,0.2622257586115438,-1.2476010299756168,,-0.8232937074021239,,,,,0.1111763803680981,,0.0996627906976744,0.0814036291178728,0.0,0.0,-0.2826357732409301,0.0,-0.4286202855237787,,-0.5590795794750401,-0.2258053302433371,-0.4662425777654696,-0.3896319569120287,-0.2258053302433371,,-0.4254543179277943,-0.2830820714943567,-0.2454892476942409,,,,0.0,0.0,0.0,-0.2069510406735879,-0.2671358509217264,-0.5961463388252184,-0.3447891995848923,0.1574738154541492,0.0,-0.5432595573440644,-0.7933944353518821,,7.5045,0.1549473063995608
2001-06-30,-0.2557234512138787,,,-0.3505078829090586,-0.2146018121436098,-0.2305627624900679,,-0.2183500486605542,0.2408738305916762,,-0.1959182512756364,-1.0168073091127716,,-0.2363044053696351,-0.2090529260556801,,-0.146308797832168,,-0.1114517871509021,0.2701785624172836,,-0.189274301839058,-0.851488909907643,-1.042993227839061,-0.3519650229431088,,,-0.3291441856617237,-0.3606155346644631,-0.7196214858728958,-0.3622394134325173,-0.4771747477112425,,,,0.4529746978246314,,0.1911732462776078,,,,,0.9457858623170508,,-0.1178189177897472,,,,-0.1882686630201195,,,,,-0.2557234512138787,-0.1668936877076412,-0.1190234616573902,-0.119115663035121,,,,0.0194194045890159,,,,,-0.2485093138410752,,0.2868653732479582,-0.2397501092611729,-0.1285180415647214,0.135108153078203,,-0.2572740740740741,,-0.2010715021636101,0.0653522358062763,,0.0036235538471308,-0.4933587164310018,,-0.8557489300998573,,,,,0.2668052147239264,,1.3216627906976743,0.306324007382364,0.9539078156312624,0.0,-0.5419422521198953,0.0,-0.4180273484113465,,-0.6197451785838614,-0.2454924681344148,-0.3706957439455627,-0.3307480550568522,-0.2454924681344148,,-0.3515282574925152,-0.2916279867971695,0.148595996238076,,,,0.0,0.0,0.0,-0.6651914437068329,-0.2789584337295816,-0.5834456785206819,-0.3535691449354012,-0.5764265490658993,0.0,-0.5432595573440644,-1.0405924713584287,,8.0276,-0.040295055322873
2001-03-31,-0.2626272601288769,,,-0.2427420394346197,-0.2197981005555655,-0.2390911965493197,,-0.2310821082825385,0.0551755295689335,,-0.1691801909630043,-1.018145022760457,,-0.2992739648326716,-0.3916100892638255,,-0.1813582526820064,,-0.0647208366854384,0.0849211134762927,,-0.1682954169504719,0.1446098024227672,-1.0228964597626768,-0.3589061761059345,,,-0.1853880803917554,-0.4312852537184037,-0.6213145822012004,-0.3529098198225663,-0.510123647271673,,,,0.3981403744341464,,0.0128912899365594,,,,,0.8742607407089243,,-0.1254578841636249,,,,-0.1401026057215733,,,,,-0.2626272601288769,-0.1003903654485049,-0.1015940012368583,-0.101671284677392,,,,0.0546759175268361,,,,,-0.1030756896958264,,0.1466190893251177,-0.2728539018378879,-0.2122392123619411,-0.3215973377703827,,-0.2595496296296296,,-0.1977003915104059,0.5057586580652976,,,-0.366336310204421,,-0.8204343002060548,,,,,0.1779785276073619,,-1.3176511627906975,-0.1062423440638933,0.0,0.0,-0.4179748153384549,0.0,-0.4203926341524625,,-0.6089925503028615,-0.2477172653534183,-0.4671687935109045,-0.393056552962298,-0.2477172653534183,,-0.4261709453495066,-0.3086665026800373,-1.1863812030253456,,,,0.0,0.0,0.0,-0.4571558517663316,-0.2949570290721732,-0.5862815955474923,-0.3705289956489865,0.0066554491850971,0.0,-0.5432595573440644,-0.919315875613748,,7.7765,-0.1089818533014792
2000-12-31,-0.2274315230527313,,,-0.308328349945799,-0.1690174259612456,-0.2258415086996708,,-0.2507700660759104,0.0526640375086957,,-0.1736050611495576,-1.0156252684016147,,-0.2476188315371525,-0.4658865380746367,,-0.0781003095213886,,-0.036260429835651,0.4388052521521455,,-0.1517614089714897,0.1738405766199,-0.9975430276557572,-0.3146506448355637,,,-0.0557055173079431,-0.3848066971905394,-0.7295098295137697,-0.2814862351757568,-0.2633052246198567,,,,0.5042720196384695,,0.0104801008445312,,,,,0.9329341651722916,,-0.1004023826738283,,,,-0.1918243363546398,,,,,-0.2274315230527313,0.0381677740863787,-0.0796055581323438,-0.0796640215861778,,,,0.0490252680886125,,-0.0518864920734186,,,0.3771770808771516,,0.0963571147829154,-0.2886624813744842,-0.2463025772161086,-0.5038676280273618,,-0.1960711111111111,,-0.1976014836183804,-0.6021563986424504,,,0.6418834971255919,,-0.7874211443968934,,,,,-0.3411165644171779,,0.8018953488372093,-0.2757704934097702,0.0,0.0,-0.3127168876808361,0.0,-0.4181880959859854,,-0.5440256213882894,-0.1856546929316338,-0.346481485575586,-0.3074551166965888,-0.1856546929316338,,-0.3327933119575497,-0.3266158689479876,-1.2694438517043254,,,,0.0,0.0,0.0,-0.2805139373584179,-0.3090502712461783,-0.5836384107458049,-0.3885045271486104,-0.0010794180378258,0.0,-0.5432595573440644,-0.8163436988543371,,8.4464,0.0045729494314058
2000-09-30,-0.252110977868818,,,-0.3990753086706717,-0.1962005573571304,-0.2456165172128622,,-0.2498615991394765,0.0499409121477927,,-0.1802958576686675,-1.0186206304217127,,-0.3107986386840612,-0.5013569496898777,,-0.1085880480763092,,-0.0757239397770371,0.3110029323914516,,-0.1887842755667996,0.1215163949397094,-0.986353619956338,-0.3494344427828265,,,-0.0677118853497915,-0.3972393053561269,-0.7340958231886009,-0.3463569708240602,-0.3198539147919882,,,,0.4379264724601438,,0.0078657305781913,,,,,0.8611702299011028,,-0.1120970982114935,,,,-0.2075423072623153,,,,,-0.252110977868818,-0.0114601328903654,-0.0699012445887445,-0.0699514020860836,,,,0.0386594234815804,,-0.1623295936045249,,,-0.4533044093374204,,0.1641653487990641,-0.327803965435132,-0.2625693965339647,0.1915196894065446,,-0.1798814814814814,,-0.2080032969297341,0.0506484106459222,,0.212280485481503,-1.037198513841411,,-0.7497860199714693,,,,,0.3947638036809816,,0.0388953488372093,0.3288630832802521,0.0,0.0,-0.4672306922676472,0.0,-0.4776318929749209,,-0.7283882197312539,-0.1698261877172653,-0.5488945335817205,-0.4355400957510473,-0.1698261877172653,,-0.489403412172853,-0.3412552985796088,-0.9760137831835676,,,,0.0,0.0,0.0,-0.9013437356960224,-0.3318420881342883,-0.6549100009341613,-0.4017434139746555,0.5483963138162623,0.0,-0.5432595573440644,-0.866026186579378,,4.9585,0.7118766363617625
2000-06-30,-0.2526188705304857,,,-0.456348694845522,-0.1947565756577286,-0.2485166777473284,,-0.3018269733135276,0.0473682448365814,,-0.1859855832830878,-1.0210834836382376,,-0.3442843637738703,-0.5891804348833798,,-0.1022367353887697,,-0.008100448224342,0.5093218812538008,,-0.140472122214654,0.1251536550403355,-0.963517993991047,-0.3511939044186254,,,0.0023577876463806,-0.4355352063070629,-0.7398285889094475,-0.3279418310417365,-0.3480157801071009,,,,0.4606663091524109,,0.0053958094279636,,,,,0.823134858848669,,-0.110703619292553,,,,-0.2149933542298981,,,,,-0.2526188705304857,0.0219617940199335,-0.0500964363017934,-0.0501296427932436,,,,0.0386594234815804,,-0.1885340927089167,,,-0.3628597029002594,,0.0065287831568783,-0.3127024952440507,-0.3028454660931143,0.2629617304492512,,-0.163194074074074,,-0.2104430249330311,0.2168221739687129,,0.2321614685479261,-0.859041639565953,,-0.6899033127278491,,,,,0.3704279141104294,,1.4517093023255814,0.3765511947343492,0.937875751503006,,-0.7514237091759933,,-0.4613143738676932,,-0.6132952725753673,-0.1535110081112398,-0.8325795224869126,-0.6158108916816277,-0.1535110081112398,,-0.708894867786292,-0.4501901672854301,-1.03814875406027,,,,,,,-1.787527077338418,-0.4443145668935155,-0.0038290779828015,-0.5231342911275504,0.0158333886511026,,,-1.0291751227495909,,5.3451,-0.0254625731978823
2000-03-31,-0.2449441891065871,,,-0.4985556980722214,-0.1785059180512371,-0.2520708946147983,,-0.2525771653946627,-0.0660833248252888,,-0.1683477290521143,-1.022326719917547,,-0.3687411608999811,-0.5552965958937398,,-0.0794168040084083,,0.0342875531548097,0.6630534515915987,,-0.1011347669553371,0.1044686071390404,-0.9264225248165124,-0.3445600227513836,,,-0.0840541219919116,-0.4453997453333694,-0.7416192060101691,-0.2938065912624615,-0.3808041012258049,,,,0.4540683789669492,,-0.1035247766941668,,,,,0.7953551601576342,,-0.1005169631666245,,,,-0.2136410124758288,,,,,-0.2449441891065871,-0.0839285714285714,-0.0179243970315398,-0.0179300673600936,,,,0.9137374758234132,,-0.1682453427558606,,,0.1950615420891299,,-0.1393525066306019,-0.2474030770331736,-0.2873062529422026,-0.5242004067295248,,-0.1296888888888888,,-0.2080609932000824,-0.1238989493835169,,-0.1886862936274015,0.536379305053553,,-0.724349342209542,,,,,-0.1341671779141104,,-0.409406976744186,-0.3099808907834779,,,-0.3797314403995758,,-0.426694595190859,,-0.429772331685581,-0.1207531865585168,-0.6560307000957633,-0.4980804907241173,-0.1207531865585168,,-0.5722963182365923,-0.4601277570252062,0.3640372714986841,,,,,,,-0.3749048831046154,-0.4451982833734806,0.0487986194079384,-0.5340771376614969,0.507089813930265,,,-0.8869754500818331,,5.5902,-0.0303030303030303
1999-12-31,-0.2343950576959867,,,-0.5200332178877903,-0.167436434087063,-0.2429338889879842,,-0.2930311939763356,-0.041210625149063,,-0.1735827431358609,,,,-0.4087813927527083,,-0.0643039315600682,,-0.0148486380875761,0.5601784850649152,,-0.1278194025493821,-0.8358409439478306,,-0.3296291077111852,,,-0.03309175644043,-0.4092817859174771,,-0.2959739032346575,-0.2317719606459296,,,,0.5115716519686031,,-0.0796454329772966,,,,,0.785099917317212,,-0.0956163204651267,,,,-0.2119643737034537,,,,,-0.2343950576959867,0.1232093023255814,-0.0038458565244279,-0.0038394769800627,,,,0.9542546248010308,,,,,0.2945399669889177,,-0.3088285265982304,-0.1237867324136368,-0.2201140150097262,-0.3488630061009429,,-0.1117096296296296,,-0.2082093550381207,-0.4167049304487872,,-0.1164393540361533,0.7068460115174321,,-0.5192582025677603,,,,,-0.1015996932515337,,0.2732558139534883,-0.2079148088261714,,,-0.3836409237763667,,-0.3786343509365596,,-0.3284829074705841,-0.1031749710312862,-0.4005068587672254,-0.3315380011968881,-0.1031749710312862,,-0.3745935772717472,-0.4409133292527358,-1.1617706332835431,,,,,,,-0.3819253117356027,-0.4222370620628657,0.1123884537663908,-0.5161208762960212,-0.1073818917522649,,,,,6.5453,-0.0102974653568209
1999-09-30,-0.2430328911451942,,,-0.4080390669408058,-0.1864667108599945,-0.2380124535828374,,-0.3033984531065922,-0.0309183025190562,,-0.1787302850046346,,,,-0.131417913265133,,-0.0881765667007952,,-0.0904721296402712,0.4787006570162834,,-0.1636080568259219,0.1104447369400224,,-0.3421295870240423,,,-0.0620470433258063,-0.4453956815041586,,-0.3315063565135209,-0.2753789267558307,,,,0.5609251623404226,,-0.0697641610234616,,,,,0.7381103224628732,,-0.0991988371831211,,,,-0.2185397524709428,,,,,-0.2430328911451942,0.3188903654485049,0.0103780148423005,0.0103965686487845,,,,0.9899197398295804,,,,,0.4165866540910162,,0.137812535783587,-0.1538601780722836,-0.0929144308848655,0.0210759844703272,,-0.1840059259259259,,-0.2156274469400371,-0.1697101596677683,,-0.1306347196228515,0.9670128628154449,,-0.2935488983991123,,,,,0.3118972392638037,0.3915094339622642,0.0023255813953488,0.0607575089421333,,,-0.6063301559840956,,-0.4731145580712915,,-0.523428253150456,-0.1738586326767091,-0.6276391621703702,-0.4866846199880311,-0.1738586326767091,,-0.5503293470182763,-0.4480982318046347,-1.1459642301096171,,,,,,,-0.7667660838661338,-0.4370711136468846,-0.0248840902498143,-0.5206375520074643,-0.1939662263372229,,,,,6.5186,0.0506857300647378
1999-06-30,-0.2672964682497095,,,-0.4627682841016907,-0.2288662456899289,-0.2379475911722259,,-0.3195025354709829,-0.0151698088562749,,-0.1792198414341123,,,,-0.1988950381852667,,-0.1488323547980544,,-0.146856453281232,0.277879174863869,,-0.2182154325192176,0.0725056403186748,,-0.375016839858379,,,-0.2437335137823983,-0.4945138305654141,,-0.3468717417151916,-0.3986762197738688,,,,0.5469095006426525,,-0.0546446244194008,,,,,0.6897462604829964,,-0.1127483557198932,,,,-0.2201132058284025,,,,,-0.2672964682497095,-0.0242990033222591,0.005971706864564,0.0059864892963699,,,,0.4772789053533254,,,,,-0.2992822447535958,,0.3160728267563745,-0.2452732296069238,-0.123859608828405,0.3440562026252542,,-0.1674133333333333,,-0.2749721821553678,0.2753017407799097,,-0.2531631383711938,-0.4993461179403259,,-0.0063401489935013,,,,,0.6373573619631901,-2.6320754716981134,-0.0011627906976744,0.2721021771440704,,,-0.6085886674669325,,-0.448182281188515,,-0.5135417391909768,-0.1576361529548088,-0.6104180653959514,-0.4735188509874327,-0.1576361529548088,,-0.5370051185743796,-0.450149971493022,-1.013190443448641,,,,,,,-0.8483989749241252,-0.4392147196961558,0.010515706201356,-0.5233719307265335,-0.3013308012225708,,,,,7.876,-0.1254189944134078
1999-03-31,-0.2704358018412322,,,-0.0401488465659001,-0.2350163933358199,-0.2371124876356029,,-0.2961044921374788,,,-0.1519270704907263,,,,-0.4041937128714527,,-0.1249218866380869,,-0.0936441788300195,0.584120884807958,,-0.1940644156855113,0.8542753012403349,,-0.369201177192377,,,,-0.5093603532822194,,-0.3048913142891985,-0.4810241386080169,,,,-1.8588213885430929,,,,,,,0.6278522877361024,,-0.1302706651422624,,,,-0.2776187853768214,,,,,-0.2704358018412322,-0.5718073089700997,-1.932591218305504e-05,-9.671226650032156e-06,,,,0.6062477943234396,,,,,0.1879613298750294,,0.2920572042225406,-0.6556522316967301,-0.6356385007105118,-0.1098169717138103,,-0.1816355555555555,,-0.231287863177416,0.0687266899507952,,-0.3786800551377884,0.6110159079951808,,-0.0101442383896021,,,,,0.2399647239263803,,0.363953488372093,-0.1278847567249742,,,-0.6892175274042137,,-0.4629448135533169,,-0.5696581494116828,-0.1715411355735805,-0.713744646042464,-0.5417414721723519,-0.1715411355735805,,-0.6169504892377596,-0.4333318078763159,-1.150706151061795,,,,,,,-0.9078743669806616,-0.4253780403711728,-0.0119041648843852,-0.5061430598002532,-0.1881939373648923,,,,,7.4697,0.0245123632809885
1998-12-31,-0.2589497977257562,,,0.141154892136954,-0.2333224967384346,-0.2142728112990319,,-0.3305664088510987,,,-0.1506455845429756,,,,-0.5907593613758452,,-0.1295280567306123,,-0.1086769336857832,0.4576313452424057,,-0.225785735136713,0.8990784350470943,,-0.3618069775170315,,,,-0.5061363821083146,,-0.2872699003079174,-0.4035048022873257,,,,-1.858729482564747,,,,,,,0.7102773631707239,,-0.1110571676602813,,,,-0.2652464731871126,,,,,-0.2589497977257562,-0.7339335548172757,0.0,9.671226650032156e-06,,,,1.9865633612131213,,,,,0.3922527705729781,,0.279182849874506,-0.4393449270868032,-0.6401969971781154,-0.3862081715659087,,-0.2337837037037037,,-0.2238697712754997,-0.5596880440245796,,0.0449395389494682,0.818911793735602,,0.0342368045649072,,,,,-0.172611963190184,0.6745283018867925,0.0034883720930232,-0.3834909435379816,,,-0.3459237820129887,,-0.4353880864723534,,-0.3217990670472742,-0.2225260718424102,-0.2538948186606873,-0.2526929982046678,-0.2225260718424102,,-0.2611575783574917,-0.4059193452738481,-0.1880961977697165,,,,,,,-0.2862982107819556,-0.3856766700002966,0.0038290779828015,-0.4790734721468491,-0.4606459768588935,,,,,8.6808,-0.1021910423002487
1998-09-30,-0.273959619808411,,,0.2451192737707585,-0.2523267135637141,-0.2232238239634176,,-0.3092991855759873,,,-0.1553611648563277,,,,-0.767385036804184,,-0.1535709404579214,,-0.1440981496379726,0.2526107345196731,,-0.2737569329570886,0.8674766796885154,,-0.3790175045055408,,,,-0.445449865893636,,-0.3558806133959331,-0.4139105847581862,,,,-1.7938898148416207,,,,,,,0.6903905419480924,,-0.1243465034186516,,,,-0.2714574732823479,,,,,-0.273959619808411,-0.887421926910299,-0.0167169140383426,-0.0167215508779056,,,,1.5496958033944324,,,,,-0.6876812072624381,,0.1437545454826799,-0.4393449270868032,-0.3845705414178852,0.3105934553521908,,-0.3072651851851852,,-0.2246940037090459,-0.1716850645514119,,-0.385404175678856,-1.2204478473371012,,0.1566016801394832,,,,,0.5456395705521473,-2.712264150943396,0.0,0.2005651101638166,,,-0.3267264344088741,,-0.4859087527874531,,-0.5082503655225231,-0.2943684820393974,-0.7856543609518613,-0.6038300418910831,-0.2943684820393974,,-0.6725881458480849,-0.4057515450019354,1.6154144043752123,,,,,,,-0.2629745276225295,-0.3938714972928228,-0.0811304335000073,-0.477260708539221,0.8808339803107224,,,,,8.4656,-0.0157460782460782
1998-06-30,-0.2746278013932892,,,0.2153246034244853,-0.2588807903982122,-0.2165186722664547,,-0.3405238948932029,,,-0.1684927961411434,,,,-0.8394498416055732,,-0.1604660082144943,,-0.080588208251925,0.4974125632769999,,-0.2273231487788265,0.8723868449028322,,-0.3966114817797206,,,,-0.4759556771694075,,-0.3727855858053108,-0.5370581542874351,,,,-1.6853488544149564,,,,,,,0.855541357501047,,-0.0985884083568707,,,,-0.2760453320193617,,,,,-0.2746278013932892,-0.950046511627907,-0.0412801484230055,-0.0413058090222873,,,,1.5496958033944324,,,,,0.0438443763263381,,0.2058980635856933,-0.4928466944341975,-0.417619640808011,0.1571454982436679,,-0.1484503703703703,,-0.2370574902122398,-0.1188892739953412,,0.0509165349859727,0.0780104561730723,,0.0069741638928514,,,,,0.3523880368098159,,0.4488372093023255,0.1035490878207326,,,-0.5150862920774805,,-0.5055921292738557,,-0.4682865696581494,-0.1390961761297798,-0.5047643095096526,-0.4032016756433274,-0.1390961761297798,,-0.4552591764996622,-0.3886664264071864,-0.949964830752938,,,,,,,-0.6035003017501509,-0.3756136304912181,-0.0520239341957117,-0.4607630363790427,-0.2666970673885876,,,,,9.2977,-0.0870968088882197
1998-03-31,-0.280029246942556,,,0.3216133919647366,-0.2689529601657413,-0.2157159999351376,,-0.3008168826512318,,,-0.1354837339476786,,,,-0.9596852851601458,,-0.1767909560167505,,-0.0759450637857717,0.4580733587761235,,-0.2356329668191106,0.7787029314365937,,-0.4065172808262075,,,,-0.5082495732979329,,-0.3763220633517271,-0.6179462691058869,,,,-1.6381091815450957,,,,,,,0.814522104223265,,-0.0975576842732019,,,,-0.2730640519736488,,,,,-0.280029246942556,-1.054531561461794,-0.0208333333333333,-0.0208414934308193,,,,2.2252190308383155,,,,,0.0542192879037962,,-0.3553742692411249,-0.3532138971692624,-0.4726722519936847,-0.3584766130523202,,-0.3985244444444444,,-0.2255182361425922,-0.0419996438588193,,,-0.049499020414386,,2.295767950546838,,,,,-0.0011395705521472,,0.1081395348837209,-0.941578061966126,,,-0.4891134100248549,,-0.2848102563513745,,-0.392397131518485,-0.3835921205098493,-0.4812598395878107,-0.4196588868940754,-0.3835921205098493,,-0.4370734052451545,-0.3714821531063071,-0.972093795196434,,,,,,,-0.55801911958927,-0.3582266036471298,0.1296950209202963,-0.4471216093989508,-0.2874773076889775,,,,,10.5025,-0.0747345870030945
1997-12-31,-0.280029246942556,,,0.3216133919647366,-0.2689529601657413,-0.2157159999351376,,-0.3008168826512318,,,-0.1354837339476786,,,,-0.9596852851601458,,-0.1767909560167505,,-0.0759450637857717,0.4580733587761235,,-0.2356329668191106,-0.0733381596802717,,-0.4065172808262075,,,,-0.5082495732979329,,-0.3763220633517271,-0.6179462691058869,,,,-1.4960225390221296,,,,,,,0.814522104223265,,-0.0975576842732019,,,,-0.2730640519736488,,,,,-0.280029246942556,-1.054531561461794,-0.0739989177489177,-0.0208414934308193,,,,2.2252190308383155,,,,,0.0542192879037962,,-0.3553742692411249,-0.3532138971692624,-0.4726722519936847,-0.3584766130523202,,-0.3985244444444444,,-0.2255182361425922,-0.0419996438588193,,0.2556286492362519,-0.049499020414386,,2.295767950546838,,,,,-0.0011395705521472,,0.1081395348837209,-0.941578061966126,,,-0.4891134100248549,,-0.584653691494239,,-0.392397131518485,-0.4809269988412514,-0.5266397567636439,-0.4488330341113106,-0.3835921205098493,,-0.3823360343404979,-0.3714821531063071,,,,,,,,-0.55801911958927,-0.3582266036471298,0.1296950209202963,-0.4471216093989508,-0.2874773076889775,,,,,10.359,-0.0236991987643594
1997-09-30,-0.3422149286324208,,,0.3262622057776303,-0.3525858471681795,-0.2467040166047771,,-0.3398272806433437,,,-0.1408472565941631,,,,-1.224623798302654,,-0.2456659675439986,,-0.2682218135846454,0.111976761875154,,-0.42539651649314,0.6503760184132894,,-0.4654791530861357,,,,-0.5944298447617241,,-0.4476765952257553,-0.6790334525319458,,,,-1.4324236020066752,,,,,,,0.7013003747570522,,-0.1719399378063089,,,,-0.3650696667177349,,,,,-0.3422149286324208,-1.2847641196013289,-0.1135397340754483,-0.1136272419112278,,,,1.9779215215027648,,,,,0.5350492808299929,,-0.5759713793199494,-0.3954700701060579,-0.5942613789276487,0.0560177481974486,,-0.581042962962963,,-0.2477725118483412,0.1198108962743748,,0.1159163668829592,1.0695748331140529,,-0.0278966555714059,,,,,0.3160383435582822,,-0.2023255813953488,0.023192382445653,,,-0.2799752467141481,,-0.5902306481653863,,-0.4964143981062452,-0.5620393974507532,-0.4814925571117893,-0.4428485936564931,-0.5620393974507532,,-0.4372534623862883,-0.4220357986625556,-0.1232899447566209,,,,,,,-0.1906711098283085,-0.4050435552093367,-0.2970691918521468,-0.4893407214875325,0.1038838846350326,,,,,11.4084,-0.1122681532905579
1997-06-30,-0.3671690844699108,,,0.0272589537210584,-0.3907636704784769,-0.253392952699087,,-0.3496618347590022,,,-0.1476506510920528,,,,-0.7410058774869646,,-0.2993604801010142,,-0.4234223652453741,-0.1934545899237858,,-0.507560572151406,0.635237758185067,,-0.4712181256950036,,,,-0.6551163609764027,,-0.4442163348678394,-0.7273567085387118,,,,-1.3859651299527558,,,,,,,0.5559075241337099,,-0.2298506200605925,,,,-0.3681006347642097,,,,,-0.3671690844699108,-0.8644983388704319,-0.1599605751391465,-0.1600878147379822,,,,1.9779215215027648,,,,,-0.5026305116717755,,-0.5306635553643659,-0.1955199937297291,-0.3724729931000143,0.3967461638010723,,-0.5431170370370371,,-0.2477725118483412,0.4213130418439555,,-0.5086797189317613,-0.7777286087508328,,-0.038040893961008,,,,,0.6456395705521473,,-0.5244186046511627,0.3268166005193787,,,-0.3100134494358803,,-0.5570969644132755,,-0.4671725962542644,-0.5249594438006953,-0.4129316473724446,-0.3939841412327947,-0.5249594438006953,,-0.3842068280368775,-0.4379844517793502,-0.7991875508768602,,,,,,,-0.2431493969370173,-0.4200339114011149,-0.2447561593187505,-0.5062801595688974,-0.1473376760187368,,,,,10.6429,-0.0484172546956186
1997-03-31,-0.356724547740921,,,-0.1874317205471231,-0.3708734154330267,-0.2554604420373283,,-0.3009398145776776,,,-0.1141880292653953,,,,-0.2923690157658486,,-0.2654620948615666,,-0.4209169061027468,0.0,,-0.4597645227206383,0.5360660130087097,,-0.4373594654703018,,,,-0.6478014683969548,,-0.3878613456906801,-0.7360032400162974,,,,-1.3430450380651586,,,,,,,0.4838768563359713,,-0.2548681949069221,,,,-0.376895410899063,,,,,-0.356724547740921,-0.4746312292358804,-0.1758658008658008,-0.1760066538039352,,,,1.021882478555072,,,,,1.111894364536666,,0.7812826694478573,-0.4470123778213024,-0.1667270083026,-0.547975596228508,,-0.6699318518518519,,-0.2428271172470636,0.0021065652092197,,-0.6678172384036938,2.6982906008290097,,-0.3093992708828657,,,,,-0.0626426380368098,,-0.241860465116279,-0.4378787136394074,,,-0.5202808684880056,,-0.6568260719443814,,-0.6654598621457912,-0.6489455388180765,-0.6534708073319984,-0.5646319569120287,-0.6489455388180765,,-0.5703156896841213,-0.4290300190872809,-0.636998047909208,,,,,,,-0.6128297750139213,-0.4188355760749598,-0.4064152297790954,-0.4942077632743994,-0.1235443008747903,,,,,8.0737,0.2543938962309719
1996-12-31,-0.356724547740921,,,-0.1874317205471231,-0.3708734154330267,-0.2554604420373283,,-0.3009398145776776,,,-0.1141880292653953,,,,-0.2923690157658486,,-0.2654620948615666,,-0.4209169061027468,0.0,,-0.4597645227206383,-0.2068810613568468,,-0.4373594654703018,,,,-0.6478014683969548,,-0.3878613456906801,-0.7360032400162974,,,,-1.1874941697144987,,,,,,,0.4838768563359713,,-0.2548681949069221,,,,-0.376895410899063,,,,,-0.356724547740921,-0.4746312292358804,-0.2395253555967841,-0.1760066538039352,,,,2.679186078697179,,,,,1.111894364536666,,0.7812826694478573,-0.4470123778213024,-0.1667270083026,-0.547975596228508,,-0.6699318518518519,,-0.2428271172470636,0.0021065652092197,,-0.6678172384036938,2.6982906008290097,,-0.3093992708828657,,,,,-0.0626426380368098,,-0.2883720930232558,-0.4378787136394074,,,-0.5202808684880056,,-0.6758533358812371,,-0.6654598621457912,-0.6686442641946697,-0.5587547750726951,-0.5037402752842609,-0.6489455388180765,,-0.4900102047384737,-0.4290300190872809,,,,,,,,-0.6128297750139213,-0.4188355760749598,-0.4064152297790954,-0.4942077632743994,-0.1235443008747903,,,,,9.9112,-0.1022681410929048
1996-09-30,-0.3884277108714823,,,1.2317243506980615,-0.4295017826632941,-0.2513578945661515,,-0.263158735850023,,,-0.1209050314522007,,,,-0.6356803935464724,,-0.3175581623556729,,-0.6051026318813929,-0.4756065622802594,,-0.6506568064610295,0.4867774687639585,,-0.4746691782660378,,,,-0.6936956462843055,,-0.5260278650041157,-0.7350300373391666,,,,-1.1436090650542683,,,,,,,0.5473171045990959,,-0.2814368593937241,,,,-0.4347156811189738,,,,,-0.3884277108714823,-0.7729700996677741,-0.2557204700061843,-0.2559296708398009,,,,2.753355574992618,,,,,0.2056929969346852,,-0.1521080207846547,-0.2788396250446203,-0.3241704632221381,0.5052689961175818,,-0.7256355555555556,,-0.2452998145477024,0.2239542138051776,,0.0367211693992745,0.4213356617672536,,0.2085909018861943,,,,,0.8620506134969325,,-0.1058139534883721,0.35915527463374,,,-0.5530292849891422,,-0.0279421932038221,,-0.4578430689967277,-0.703406720741599,-0.7905414289554125,-0.6597845601436265,-0.703406720741599,,-0.6763693458118935,-0.4319817784159273,0.0648062530130956,,,,,,,-0.1102044029282884,-0.4245369727198963,0.3291138742618896,-0.511398550931612,0.1188918359630919,,,,,8.6531,0.0282557696085796
1996-06-30,-0.400932785225348,,,1.0094265265542357,-0.4558614197133731,-0.2457148648429518,,-0.33667202786457,,,-0.1176221236309968,,,,-0.4793169709270124,,-0.3575476636928337,,-0.6516260199977014,-0.5721128504752935,,-0.6741266906684831,0.4790979024080027,,-0.4648017242481179,,,,-0.7087047221695429,,-0.4904801682875522,-0.7771023376889767,,,,-1.1118095965465409,,,,,,,0.379546211088084,,-0.3304112639128988,,,,-0.4317012757394196,,,,,-0.400932785225348,-0.6370897009966777,-0.2748144712430426,-0.2750400147002645,,,,2.753355574992618,,,,,-0.1283791558594671,,-0.0374767503396539,-0.2485957915918735,-0.2524618072509899,0.5246810870770937,,-0.7445985185185185,,-0.2551906037502576,0.3544295964512275,,0.0748245191319907,-0.3049139657526177,,0.2339514978601997,,,,,0.703308282208589,-6.127358490566038,1.0290697674418603,0.3697715060349192,,,-0.2384186354299471,,-0.6991453313901467,,-0.5447329944997563,-0.721946697566628,-0.4390774611914439,-0.4362268102932375,-0.721946697566628,,-0.404436247843253,-0.4504169264710649,-0.1205396306043578,,,,,,,-0.1172015078761162,-0.4318237446721062,-0.4819347955415923,-0.514102463035427,0.0354707157349711,,,,,8.165,-0.1038900989255685
1996-03-31,-0.4026909613509213,,,0.5305987038261851,-0.4539785884955103,-0.2518767938510435,,-0.2981533575782411,,,-0.0943681932308024,,,,-0.4114575393501073,,-0.3613498821264994,,-0.6455577519825307,-0.5802164319267848,,-0.6620803736498978,0.3951833487972389,,-0.4567492682490381,,,,-0.7073501124326081,,-0.4429053992256334,-0.8232171722360997,,,,-1.0682002098213486,,,,,,,0.36605925241874,,-0.3477334327364973,,,,-0.4202564728972659,,,,,-0.4026909613509213,-0.5781196013289036,-0.3021992888064316,-0.3024482710264556,,,,3.32946680105906,,,,,-0.3809610940815845,,-0.4539125967510824,-0.075055823301042,-0.2213413025202349,0.0016638935108153,,-0.8702281481481482,,-0.2700267875540902,0.2562109935713554,,0.0725831456183015,-0.8410873548812469,,-0.1718180377238865,,,,,0.2744739263803681,,-0.3093023255813953,0.0122494977705914,,,-0.1708891420931207,,-0.6361585266336587,,-0.5113137923832068,-0.8447740440324449,-0.1987407654777516,-0.2975763016157989,-0.8447740440324449,,-0.2716008925432486,-0.4367030678847441,,,,,,,,0.0005830920789856,-0.4172948592270462,-0.4481083233771405,-0.5010627517066065,-0.2978674278391724,,,,,7.8772,-0.044448647626253
1995-12-31,-0.3938216907047169,,,-0.0137351317199131,-0.4328635159104124,-0.2588900419984108,,-0.3372866874967986,,,-0.1025610640652981,,,,-0.0220782094285423,,-0.3300052256857826,,-0.6455807378462246,-0.4284584520170367,,-0.6224579157341636,0.3877246549249721,,-0.4490738716975344,,,,-0.7274254287339817,,-0.4050864302917594,-0.7405323755521755,,,,-1.035481681530161,,,,,,,0.4448763516488236,,-0.3359751725587225,,,,-0.4214655475824717,,,,,-0.3938216907047169,-0.2397475083056478,-0.3149543908472479,-0.3152142902044981,,,,3.4016817998968447,,,,,0.2545493987267154,,0.3353843582784265,-0.1731139988055815,-0.0427709697412264,-0.937881308929562,,-0.831117037037037,,-0.2576633010508963,-1.0759281806090015,,-0.7141389576866037,0.9159298737477986,,-0.1071485179901727,,,,,-0.614329754601227,,-0.8430232558139535,-0.8344357881326866,,,0.0436694487763949,,-0.6115543060256556,,-0.4259555803105201,-0.8065353418308228,-0.4212187184013237,-0.4356672651107121,-0.8065353418308228,,-0.3906186628326499,-0.4460159829758996,1.732381787862263,,,,,,,0.3772605751037175,-0.4226241020439842,-0.405628567635736,-0.5111852846248321,0.7076653111408063,,,,,7.6442,-0.0086601606446716
1995-09-30,-0.4127174179821102,,,0.3271074446527019,-0.4662919137611182,-0.2583306037068867,,-0.3558903856989192,,,-0.1117258483994924,,,,-0.2420956904004232,,-0.3784882398424254,,-0.6751865302838754,-0.6053375344264083,,-0.6699231293178943,0.3954891722361929,,-0.4950112159208558,,,,-0.7274525209287205,,-0.5216834852595957,-0.8255378863123348,,,,-0.9948132861120416,,,,,,,0.5681059198728617,,-0.3147002269094038,,,,-0.4215483609170748,,,,,-0.4127174179821102,-0.4309435215946844,-0.3293135435992579,-0.3295857330064459,,,,3.5447404240213145,,,,,0.1106210799339778,,0.5559814683572509,-0.347079936581663,-0.1436715357837589,-0.1063043076354224,,-0.85008,,-0.3565711930764476,-0.2389634909208685,,-0.0036235538471308,0.1896802462279271,,-0.117926771279125,,,,,0.1747806748466257,,-0.2581395348837209,-0.0970160223430839,,,-0.1715666955379718,,-0.7093150759081213,,-0.5292766135208522,-0.8250753186558517,-0.3928271804759306,-0.4198084979054458,-0.8250753186558517,,-0.3686516916143338,-0.4652062322546445,0.033193446665244,,,,,,,-0.0005830920789856,-0.4445365194365338,-0.5291345241431529,-0.5279571563222987,0.0727135241844477,,,,,6.6148,0.1275611171455355
1995-06-30,-0.4268014912767774,,,0.6770363389323365,-0.4820777270513658,-0.2692761354975758,,-0.3751497208420837,,,-0.1240799488845492,,,,-0.6324307869639164,,-0.4011691348770781,,-0.6405238478335823,-0.6449714146164298,,-0.6803152671012942,0.390069301290286,,-0.5077545470813043,,,,-0.740673511961204,,-0.5387561354836743,-0.8775667986666374,,,,-0.9633354885285256,,,,,,,0.5217606064836191,,-0.3325027331700519,,,,-0.4219624275900905,,,,,-0.4268014912767774,-0.7701461794019934,-0.3428416821273964,-0.3431254503164909,,,,3.5447404240213145,,,,,-0.4481150672011318,,0.043483131810487,-0.3446945074642633,-0.3226801855308062,0.3645775559253096,,-0.8737837037037037,,-0.3582196579435401,0.3233577596152359,,-0.9300579395053288,-0.4930102433272845,,-0.5547630369313679,,,,,0.4503941717791411,,-0.0697674418604651,0.4315089747986999,,,0.015663906389216,,-0.6778216735298773,,-0.4343103808396574,-0.8482502896871379,-0.3050903467607466,-0.3663958707360861,-0.8482502896871379,,-0.3007683488355029,-0.4687224106797246,0.7476270637235144,,,,,,,0.2373184761471607,-0.4434572733353382,-0.4992413626954978,-0.5320472994201823,0.3370728145392415,,,,,7.498,-0.1476527073886369
1995-03-31,-0.4199703611073523,,,0.6349857048975254,-0.4671388620598108,-0.2730300475117158,,-0.3251574040874865,,,-0.1100052015370632,,,,-0.6270784937691183,,-0.3780720766307804,,-0.6178827720951615,-0.5620202081220723,,-0.6606013428043204,0.3274604472599834,,-0.4844343788744455,,,,-0.7170762103438,,-0.4938032377061675,-0.8739734349356928,,,,-0.905113051246314,,,,,,,0.462228999108744,,-0.3507055206282413,,,,-0.424430264961264,,,,,-0.4199703611073523,-0.7654950166112957,-0.3512098021026592,-0.3515007325954187,,,,4.3798288176475655,,,,,0.1364640414996463,,0.4935903665167753,-0.497191583183747,-0.3202256105097889,0.0345720096136069,,-0.8405985185185185,,-0.3582196579435401,0.0776795920899793,,0.303444617528288,0.0803864091529628,,-0.3962593120938342,,,,,0.1618972392638036,,0.2802325581395349,0.0991392686233197,,,-0.0599962282858236,,-0.7093150759081213,,-0.3720671168975841,-0.8158053302433372,-0.019548272014205,-0.1786355475763016,-0.8158053302433372,,-0.0798400372358167,-0.4592798317420909,-0.8393200085354577,,,,,,,0.1953358464601937,-0.4312134123941887,-0.483508119828311,-0.5229225481515333,-0.4848895905426817,,,,,7.4877,-0.14648022757322
1994-12-31,-0.431725130999986,,,1.1810100181937668,-0.46687826258329,-0.2988858259417211,,-0.3768707678123239,,,-0.1329135626929203,,,,-0.9692429515794284,,-0.3721228343552189,,-0.5891964142052638,-0.5857416010982563,,-0.6711491680451493,0.3051353362163422,,-0.4758834375039942,,,,-0.7328438676817209,,-0.4766391268558885,-0.7911389147629793,,,,-0.8450524943971818,,,,,,,0.3181247114155938,,-0.3956070639624336,,,,-0.4341856757775137,,,,,-0.431725130999986,-1.0628372093023255,-0.3730867346938775,-0.3733963897310915,,,,4.377795944291663,,,,,0.1168460268804527,,-0.0290589032659389,-0.4698443422307,-0.4771430850676805,-0.5601774819744869,,-0.7896355555555555,,-0.3565711930764476,-0.7993098365733293,,,0.0190076238391242,,-0.1445553970518307,,,,,-0.3451579754601227,,0.0360465116279069,-0.4911231972822447,,,0.0068557116061517,,-0.6325499076111516,,-0.3087098795516257,-0.7659791425260718,0.019548272014205,-0.1470676241771394,-0.7659791425260718,,-0.0495904375253486,-0.4674028903596837,-1.0416419691617074,,,,,,,0.2559774226747017,-0.4370115690344048,-0.4170351687144465,-0.5323214989574705,-0.4733450125980207,,,,,8.3817,-0.1006597706909099
1994-09-30,-0.4450626326914373,,,2.054564395580246,-0.4800515661214165,-0.3114610257990238,,-0.3656429851969472,,,-0.1439429810746843,,,,-0.9076915798392496,,-0.3882491588064628,,-0.6013329502356051,-0.5852259186422523,,-0.6751581200739516,0.2937009376376736,,-0.4813795582652709,,,,-0.7253122375443635,,-0.5619109173500808,-0.8654766269468966,,,,-0.8149992394780292,,,,,,,0.2036144190191888,,-0.4227561361856704,,,,-0.4394360411913526,,,,,-0.4450626326914373,-1.0093488372093022,-0.3739950525664811,-0.3743054850361945,,,,10.52769455706114,,,,,0.2111634048573449,,0.0358080359491586,-0.4648179023047505,-0.4490031357195893,0.266777592900721,,-0.9389688888888889,,-0.3895404904182979,0.0612220513929497,,,0.2011640189640647,,-0.3081312410841654,,,,,0.4525414110429447,,0.177906976744186,0.2815751220866611,,,-0.2126716045256053,,-0.7040661755117473,,-0.5111745457077213,-0.9119814600231748,-0.2687887401953198,-0.3512866546977857,-0.9119814600231748,,-0.272681235390051,-0.4746945749027997,-1.0969643802704476,,,,,,,-0.112536771244231,-0.4523889652073014,-0.5523410573722535,-0.5369828910913713,-0.3244199571118929,,,,,6.9537,0.0840272085364625
1994-06-30,-0.4645033572391782,,,1.4377513264967596,-0.4951858807203621,-0.3348520326257925,,-0.3830583414434257,,,-0.1640867882758434,,,,-0.8966046867928821,,-0.4054631825608698,,-0.6180896448684059,-0.6390042319112408,,-0.6882164055658266,0.2750287176704273,,-0.4950879059779899,,,,-0.7330335130448917,,-0.5466522362123106,-0.8903681569581278,,,,-0.7684948144349367,,,,,,,0.0988972048922439,,-0.4534076688873933,,,,-0.4477670626524282,,,,,-0.4645033572391782,-0.9997142857142856,-0.3860737476808905,-0.3863945183487348,,,,10.52769455706114,,,,,-0.714090073095968,,0.2794304336119682,,-0.6401093337845076,0.2126086152708448,,-0.9614874074074076,,-0.396134349886668,0.3918211289148786,,,-1.7443454794029627,,-0.2225392296718973,,,,,0.4563757668711656,,0.1686046511627907,0.2116713214758195,,,-0.2946555713525886,,-0.6899597556964921,,-0.5671517092529416,-0.9339976825028968,-0.3800277166571058,-0.4256433273488929,-0.9339976825028968,,-0.3587485488519781,-0.4780048166305324,-0.9151907437703012,,,,,,,-0.3399426820486357,-0.458790011048875,-0.5429011116519413,-0.5404713185379832,-0.2643881517996554,,,,,5.9479,0.2673380520856101
1994-03-31,-0.4644622958010013,,,1.162414762942192,-0.4830419451144928,-0.349875788483679,,-0.3369178917174614,,,-0.1494792883433374,,,,-1.0734215155496063,,-0.3871236264840593,,-0.5829902310079301,-0.5890567026011392,,-0.6765009243942784,0.1520367246377648,,-0.4943273962447435,,,,-0.7566579068570345,,-0.4975836102557849,-0.8853149892114869,,,,-0.6142306297811213,,,,,,,0.1354494400120265,,-0.4544884281207548,,,,-0.4490092626714753,,,,,-0.4644622958010013,-1.1533687707641196,-0.4046072974644403,-0.4049439310634964,,,,0.373836480595181,,,,,0.0804395189813723,,-0.0332678268027964,,-0.7508281999111093,-0.3934183767794417,,-0.9970429629629628,,-0.3936616525860292,-0.0488459807887835,,,-0.0752385110298667,,-0.4634648914249485,,,,,-0.0026733128834355,,-0.1860465116279069,-0.2616492723798324,,,-0.281556204752134,,-0.7296545649440705,,-0.6002924180185198,-0.9687601390498262,-0.4430941656553151,-0.4706762417713944,-0.9687601390498262,,-0.4075440340992214,-0.4711783964777197,-0.3951600793481439,,,,,,,-0.1976682147761364,-0.4527760051884198,-0.6022941034755717,-0.5325042986489961,-0.0519679176178917,,,,,6.1003,0.2356769339212826
1993-12-31,-0.4676874851268938,,,1.3027244162040743,-0.4794196123908536,-0.3613888663672185,,-0.3734696511806587,,,-0.1593568092439773,,,,-1.0086205372268715,,-0.3809000948190045,,-0.5912191702103207,-0.5813951346833655,,-0.6768706821056729,0.1512211954672209,,-0.4965833620921047,,,,-0.7802823006691773,,-0.5049614341026188,-0.8311899480141332,,,,-0.6142306297811213,,,,,,,0.1509980993696779,,-0.4596020204193446,,,,-0.4506986546973793,,,,,-0.4676874851268938,-1.0970564784053156,-0.4214788188002473,-0.4218298927944526,,,,0.3687599737393787,,,,,0.0370535251120018,,-0.4363341513912658,-0.347335518272813,-0.8935442047045437,-0.8027361804400074,,-1.0397096296296295,,-0.3903647228518442,-1.025502275913303,,,-0.1647327399390766,,-0.4977016959898557,,,,,-0.3922438650306748,,-0.0790697674418604,-0.6144348081728649,,,-0.2271260780157621,,-0.7352315216152179,,-0.5542017684327787,-1.0104750869061414,-0.3139359398471744,-0.3930281268701376,-1.0104750869061414,,-0.3076123207699963,-0.4884770790549031,-0.8914811390094127,,,,,,,-0.0892130880848049,-0.4667987614274019,-0.6231406502745943,-0.5493751868460388,-0.249380200471596,,,,,5.7771,0.0504405324470755
1993-09-30,-0.4755152883866121,,,1.9241862991004544,-0.4957396546079688,-0.3580808834260325,,-0.3806816575321415,,,-0.1669521332601398,,,,-0.6330042469490734,,-0.4071089188978296,,-0.6278126652108953,-0.5888356958342803,,-0.6696117544030359,0.176077844977759,,-0.5083808492145659,,,,-0.766492373547181,,-0.615644035242828,-0.9245425432742992,,,,-0.6142306297811213,,,,,,,0.1479055483372169,,-0.4621137849339161,,,,-0.4462929852964924,,,,,-0.4755152883866121,-0.7706445182724252,-0.4249381570810142,-0.4252921919351641,,,,0.5366567146130923,,,,,0.2126724829049752,,0.2182772504588036,-0.4050969804727068,-0.3229431757116295,0.0525050841190608,,-1.0645985185185185,,-0.3887162579847517,0.1730016678071742,,,0.2047279484339005,,-0.5002377555872562,,,,,0.4227868098159509,,0.0581395348837209,0.1417675208649778,,,-0.447556798740654,,-0.7601637984979943,,-0.6953978973752002,-1.034808806488992,-0.5150038805647124,-0.5254338719329743,-1.034808806488992,,-0.4631816907095467,-0.4973476116110161,-1.0685128545573812,,,,,,,-0.3294470246268939,-0.4822803606721381,-0.6612937642275224,-0.5574945398112974,-0.3105664635782996,,,,,5.6757,0.0692073224448086
1993-06-30,-0.477299594518298,,,2.3844188665769304,-0.5069584620721893,-0.3479947785759458,,-0.3990804691901859,,,-0.1722148648770259,,,,-0.7626062035945428,,-0.4212395515841394,,-0.628387311803241,-0.6334053938174831,,-0.6832927897246278,0.2096334723074327,,-0.4943913046256886,,,,-0.7917964834331229,,-0.5909039358556142,-0.9410121270411288,,,,-0.6142306297811213,,,,,,,0.0860545276879959,,-0.4888025337799804,,,,-0.4500692733543955,,,,,-0.477299594518298,-0.8832691029900333,-0.4486510513296227,-0.449025382134343,,,,0.5366567146130923,,,,,0.4488431973591134,,-0.5224932920281131,,-0.9240510656800444,-0.059160658162322,,-1.0598577777777778,,-0.4010797444879456,0.1566757874357209,,,0.6945702544546644,,-0.6327468695514344,,,,,0.2859769938650306,,-0.127906976744186,0.0772534992731964,,,-0.4401037108472919,,,,-0.7140569518902736,-1.0301738122827346,-0.5680634760318404,-0.5589467384799521,-1.0301738122827346,,-0.5042347188880392,-0.5111072339078586,-0.1343544269783689,,,,,,,-0.8985448937168913,-0.4965189661313594,-0.6711270410195141,-0.5710445669456267,-0.1731859860368329,,,,,5.7014,0.064387694250535
1993-03-31,-0.482338952840005,,,1.3413940947385994,-0.5098706612223093,-0.3553161231737177,,-0.328435588792706,,,-0.1548572097083359,,,,-0.3204685550385389,,-0.4047632717049214,,-0.7227442822664062,-0.5868466349325506,,-0.718166780188771,0.1025612882914307,,-0.5020411378248143,,,,-0.7999241418547317,,-0.5645937623852931,-0.9639946825702956,,,,-0.4769230981321488,,,,,,,0.1049534506641468,,-0.4903336093605758,,,,-0.4863249512436493,,,,,-0.482338952840005,-0.4990498338870432,-0.4601113172541744,-0.4604954569412811,,,,0.7875051457509386,,,,,0.542028766800283,,-0.1909786675662209,,-0.8066697816392528,-0.0016638935108153,,-1.0847466666666667,,-0.392837420152483,0.0916355866010603,,,0.8941503047654686,,-0.6606435251228404,,,,,0.3407315950920245,,-0.2034883720930232,0.1352344553873291,,,-0.292848762166319,,-0.7641004737952748,,-0.6380282670751236,-1.0545075318655852,-0.4554281944261826,-0.4896768402154398,-1.0545075318655852,,-0.4170870625793095,-0.5126479454954208,-0.3904181583959662,,,,,,,-0.2454817652529599,-0.49392877548849,-0.6727003653062328,-0.5725526644007122,-0.0969917716020699,,,,,6.208,-0.1010470360824742
1992-12-31,-0.4949448143603048,,,0.2651936970537086,-0.524073332692693,-0.365021161361462,,-0.3714617630487117,,,-0.1631796690094581,,,,-0.1339029065341464,,-0.4021149603580895,,-0.8000457418687508,-0.5819108171393694,,-0.7646200252992118,0.1018646904582577,,-0.5214501131178343,,,,-0.8040421554550135,,-0.5458138471388068,-0.9167194909850552,,,,-0.4769230981321488,,,,,,,0.090994018920399,,-0.4937359995396766,,,,-0.527069111868393,,,,,-0.4949448143603048,-0.3369235880398671,-0.4604012059369202,-0.4607855937407821,,,,0.7832924472397471,,,,,0.0825145012968639,,-0.2149942901000547,-0.0335663954376964,-0.8151731308192056,-0.4605287483823257,,-1.1226725925925929,,-0.4052009066556769,-0.4895130904924458,,,-0.0764264875198119,,-0.6111903629735299,,,,,-0.0862622699386503,,-0.2534883720930233,-0.2828817351821908,,,-0.2002497913700017,,-0.7581954608493541,,-0.5600501288031748,-1.091587485515643,-0.2818209215381232,-0.3828545780969479,-1.091587485515643,,-0.2827644352935404,-0.5101309414167301,-0.9215133050398716,,,,,,,-0.0693879573992927,-0.4872002342782778,-0.6782070003097482,-0.5699325354888464,-0.2955585122502402,,,,,6.3827,-0.0556974321212026
1992-09-30,-0.4975690135456085,,,0.3393634083412398,-0.525747684329339,-0.3686372407530526,,-0.3494159709061107,,,-0.1660234159159835,,,,0.0708223081668825,,-0.4048673125078326,,-0.8184114469601196,-0.57535428305589,,-0.7593266517466186,0.1009981907145547,,-0.5265883469458185,,,,-0.779496627021755,,-0.5935562940154263,-0.9510810316622134,,,,-0.4769230981321488,,,,,,,0.0815445574323236,,-0.4927252895158849,,,,-0.5265059811930917,,,,,-0.4975690135456085,-0.159016611295681,-0.4541975881261595,-0.4545766662314615,,,,0.7739101900574599,,,,,0.2324791322801226,,-0.3006582632619776,0.0872385505791907,-7.88970542469846e-05,-0.3294509151414309,,-1.1037096296296296,,-0.3953101174531218,-0.1331085891575747,,,0.243139188275464,,-0.5401806942463148,,,,,0.0111303680981595,,0.3244186046511628,-0.1853757329282832,,,-0.3007535523562485,,-0.7749263308627962,,-0.6449906008494047,-1.0730475086906142,-0.443792318227251,-0.484590065828845,-1.0730475086906142,,-0.4080842055226226,-0.5181777271834533,-0.5247725853743351,,,,,,,-0.241983212779046,-0.4993324490710277,-0.6919735878185367,-0.577701522378681,-0.1558691191198414,,,,,5.9857,0.0069331907713383
1992-06-30,-0.5101338136277314,,,0.1629197931700472,-0.5387972031161182,-0.3796881739609852,,-0.3744531065922246,,,-0.1761601137498762,,,,0.3420688811461171,,-0.4234527832097061,,-0.8710031030915987,-0.6341420830403459,,-0.7762382018098667,0.1017627493119397,,-0.5396576108490867,,,,-0.8265015848933922,,-0.607183927319289,-0.9718925966039345,,,,-0.4769230981321488,,,,,,,0.0789244794742663,,-0.5059445760646855,,,,-0.5271353625360755,,,,,-0.5101338136277314,0.0766976744186046,-0.4785482374768089,-0.4789481573895425,,,,0.7739101900574599,,,,,0.8276217873143127,,0.7765785784360755,,-0.4640812394201242,0.1569606211869107,,-1.1108207407407409,,-0.3953101174531218,0.1714217439002594,,,1.4924944635345667,,-0.4298621017593913,,,,,0.4437990797546012,,-0.0872093023255814,0.2159178140362911,,,-0.2856215254212406,,,,-0.6383067604260948,-1.08,-0.4065575143906699,-0.4615499700777977,-1.08,,-0.3792750629412244,-0.5187650281351479,-0.6717721348918447,,,,,,,-0.2874643949399269,-0.4991389290804685,-0.7136067967609186,-0.5778690887625794,-0.2216732134044094,,,,,5.4092,0.1142497966427566
1992-03-31,-0.5299888854152571,,,-0.1075566468528587,-0.5655477393809785,-0.3895229369699525,,-0.3584309788454643,,,-0.1613798291952016,,,,-0.2187749843373741,,-0.4051699766617562,,-0.8985631536604988,-0.4955708402198428,,-0.8566702345042327,-0.013481716600555,,-0.5563313074376574,,,,-0.8311072579989705,,-0.5801268254016646,-0.9845816622788328,,,,-0.3153064352106508,,,,,,,0.0056911529416817,,-0.5330636271981066,,,,-0.6271573080697453,,,,,-0.5299888854152571,-0.4106777408637874,-0.4979707792207792,-0.4983873229561071,,,,0.8534864073618734,,,,,0.1315595378448479,,-0.1129897902656264,,-0.7790558126528082,-0.2360880014790164,,-1.2008948148148149,,-0.3969585823202143,-0.05911548618373,,,0.0304913965752617,,-0.4704390553177999,,,,,0.1668052147239263,,-0.0267441860465116,-0.1208617113365018,,,-0.3540544233512019,,-0.7798471749843968,,-0.6894102903293184,-1.1680648899188877,-0.474743748916409,-0.516756433273489,-1.1680648899188877,,-0.4320318052934098,-0.5278414973886083,-0.6875785380657704,,,,,,,-0.3131204464152957,-0.5104077469922621,-0.7305200328431445,-0.5866053906867366,-0.2574614050328587,,,,,6.0325,-0.1184749274761707
1991-12-31,-0.5310714142399201,,,-0.1992650647981252,-0.5616257172593404,-0.3967550957531336,,-0.3848203657224812,,,-0.1650083062607427,,,,-0.0926137876028464,,-0.3997882296748015,,-0.9167219859786232,-0.5116306652782531,,-0.8592001556874574,-0.0200739107291187,,-0.5520047100476757,,,,-0.8212186069193466,,-0.5788158897594585,-0.9310180841644392,,,,-0.3153064352106508,,,,,,,-0.0127352969600652,,-0.5427404251486669,,,,-0.6266107400613646,,,,,-0.5310714142399201,-0.3010431893687708,-0.5083681199752629,-0.5087935628315418,,,,0.8179375800139966,,,,,-0.0753727894364536,,-0.2897645788136406,0.0105640432341988,-0.8416474756887493,-0.563135514882603,,-1.2127466666666666,,-0.3986070471873068,-0.423814588029904,,,-0.4047039909080199,,-0.4748771596132509,,,,,-0.1693911042944785,,0.0430232558139534,-0.4086432456269293,,,-0.2783942886761622,,-0.7854241316555441,,-0.6433196407435773,-1.1796523754345307,-0.3886382650443152,-0.4628964691801316,-1.1796523754345307,,-0.3654106630739265,-0.5253092387397437,-0.7429009491745105,,,,,,,-0.1790092682485954,-0.5052869103190032,-0.7403533096351362,-0.5838862452752944,-0.2724693563609181,,,,,7.57,-0.101889035667107
1991-09-30,-0.5362078268700452,,,0.0754375696001386,-0.5590718423894366,-0.411089688498273,,-0.3633482559032935,,,-0.1771896221236309,,,,0.1700308855990339,,-0.3960522190248066,,-0.9309502356051028,-0.4686080146630623,,-0.8445071518925756,-0.0213651652491467,,-0.5519280199905415,,,,-0.8207038552193113,,-0.6196835462333465,-0.9577062960411424,,,,-0.3153064352106508,,,,,,,-0.0400957831778109,,-0.5566301827033491,,,,-0.6266604280621265,,,,,-0.5362078268700452,-0.0728039867109634,-0.5228818800247371,-0.52331974525989,,,,0.8090869184979388,,,,,0.2515312426314548,,0.6119353930237093,-0.1826557152751805,0.045330740834573,0.152153817711222,,-1.2589688888888888,,-0.3969585823202143,-0.0924255485545177,,,0.2823424124436577,,-0.5300364558567127,,,,,0.4342898773006134,,0.2197674418604651,0.237476930112532,,,-0.2847181208281058,,-0.8093722397140005,,-0.6625356819605932,-1.2248435689455388,-0.381191304276999,-0.4639437462597247,-1.2248435689455388,,-0.3596488345576468,-0.525141438467831,-0.8377393682180652,,,,,,,-0.1580179534051119,-0.5053092395486831,-0.7847997207349391,-0.5828579970104634,-0.3394279084399523,,,,,5.8508,0.1620120325425584
1991-06-30,-0.5573134060929575,,,-0.2590657152094396,-0.5839981823186513,-0.4259107493229986,,-0.4055958612918096,,,-0.1888741821977844,,,,-0.2635048631796158,,-0.4310099288029869,,-0.9075276405010918,-0.5556846808054517,,-0.8688138561837112,-0.0248481544150115,,-0.5832303449774403,,,,-0.8421608734523583,,-0.6235706228468644,-1.013216279509798,,,,-0.3153064352106508,,,,,,,-0.0145392850623342,,-0.5641954973368791,,,,-0.6288135747618081,,,,,-0.5573134060929575,-0.4495481727574751,-0.5489911873840445,-0.5494513996682769,,,,0.8090869184979388,,,,,0.5391992454609762,,0.4683368252956305,-0.6369095743457321,-0.5732221644617862,-0.2758365686818266,,-1.2328948148148149,,-0.3986070471873068,0.0533224318583756,,,0.8854384771725368,,-0.2599461087335552,,,,,0.1201794478527607,,-0.177906976744186,-0.2102013817433485,,,-0.3014311058010996,,,,-0.7136392118638167,-1.199351100811124,-0.5440935710620414,-0.5653800119688809,-1.199351100811124,,-0.485688833351264,-0.53778747714198,0.1517414704696872,,,,,,,-0.2081638721978781,-0.5205675464966202,-0.7749664439429473,-0.5956768253786905,0.0161450922556085,,,,,5.1863,0.346143946143946
1991-03-31,-0.5662200053193227,,,-0.3537324692174567,-0.5947935156335254,-0.4318213364899707,,-0.3749858116068227,,,-0.1684927961411434,,,,-0.585980528166204,,-0.4252593098784378,,-0.9215260314906332,-0.5868466349325506,,-0.9134961564658948,-0.1346727493815995,,-0.5949383603665784,,,,-0.8565739210533445,,-0.6108423523673059,-1.0025859118057532,,,,-0.1818589546522117,,,,,,,0.0213686685923523,,-0.5697393919228257,,,,-0.6663280153370296,,,,,-0.5662200053193227,-0.72978073089701,-0.5758542053184911,-0.5763374097553663,,,,0.7820565159091215,,,,,0.084212214100448,,0.333651272116191,,-0.620911050584408,0.1122203734516546,,-1.3004503703703705,,-0.3977828147537605,0.2244808551074825,,,-0.0692986285801404,,-0.5110160088762086,,,,,0.5057622699386503,,-0.4197674418604651,0.1972985774249922,,,-0.319273346515512,,-0.7900169195023714,,-0.7373111466963727,-1.2653997682502898,-0.6078581726321864,-0.6149012567324955,-1.2653997682502898,,-0.5350244900219084,-0.5369789849227642,0.4599663323612395,,,,,,,-0.238484660305132,-0.5210364603198983,-0.775359775014627,-0.5948618434206392,0.1373631606745496,,,,,4.7739,0.4488438998401705
1990-12-31,-0.5643162477311222,,,-0.4006432267839295,-0.5927999296381413,-0.4301673450193776,,-0.3991624238078164,,,-0.1731795790174674,,,,-0.8044687825109996,,-0.4207193475695832,,-0.8995745316630273,-0.59082475673601,,-0.9171548117154812,-0.120146136031285,,-0.586713351738947,,,,-0.8454390290157405,,-0.5766818084814488,-0.960513611455943,,,,-0.1818589546522117,,,,,,,0.0295725192479087,,-0.577514854185065,,,,-0.6692099193812188,,,,,-0.5643162477311222,-0.9196478405315616,-0.5945616883116883,-0.5950609045498286,,,,0.9024972523589188,,,,,0.0860985616599858,,-0.91516109964317,-0.0915834393287402,-1.0630852079419528,-0.5692364577555925,,-1.3845985185185186,,-0.3977828147537605,-0.4654192509119946,,,-0.0653387069469895,,-0.6099223331748296,,,,,-0.1065076687116564,,0.0046511627906976,-0.3792444509775099,,,-0.3271781367054415,,-0.8008427765698928,,-0.70876557822182,-1.3476709154113558,-0.4607806974776911,-0.5309694793536804,-1.3476709154113558,,-0.4212283768253855,-0.5316398853619051,-0.5943207593396085,,,,,,,-0.2711378167283286,-0.5135263960708892,-0.8162662064693128,-0.5887380537545343,-0.2355267069380027,,,,,4.9306,-0.1373666490893602
1990-09-30,-0.5700909790819969,,,-0.292663960493535,-0.5951648698875676,-0.4397669817898782,,-0.3773215182092916,,,-0.1822075755257782,,,,-0.059161955135358,,-0.4223461673969227,,-0.992920124123664,-0.5910457635028689,,-0.9203074827284228,-0.1189568226575751,,-0.5766861267686645,,,,-0.8275039960987239,,-0.6300795707447944,-0.9867900837384758,,,,-0.1818589546522117,,,,,,,-0.0057770571370279,,-0.6086967594735302,,,,-0.6723733887630586,,,,,-0.5700909790819969,-0.2719734219269103,-0.6388760049474336,-0.639413149966876,,,,0.9119990959924044,,,,,0.2113520396132987,,0.9073027918161196,-0.3864395170187588,-0.059777668101132,-0.1094472176002958,,-1.2483022222222222,,-0.3977828147537605,-0.1938039992482195,,,0.1976000894942289,,-0.5991440798858774,,,,,0.2769279141104294,,0.0093023255813953,0.0241723422673003,,,-0.3495374003855279,,-0.8175736465833349,,-0.7233864791478103,-1.21441483198146,-0.5073242022734175,-0.5436864153201676,-1.21441483198146,,-0.4572398050521333,-0.5388629243392388,-0.4346760872829583,,,,,,,-0.2734701850442713,-0.521832869511815,-0.7910930178818139,-0.5964384907600468,-0.1997385153095534,,,,,5.0606,-0.0899368486910278
1990-06-30,-0.5875719531712962,,,0.0870596041323728,-0.6140648469222387,-0.4542150837535877,,-0.4124800491727706,,,-0.1908684047119806,,,,-0.7207436246780858,,-0.4480915369900523,,-0.9320765429261004,-0.6415826441912608,,-0.9361486815218448,-0.1287941432772617,,-0.5977886741567289,,,,-0.8438134973314189,,-0.645871772202067,-1.0308836511869424,,,,-0.1818589546522117,,,,,,,-0.0227001836202175,,-0.6225164678186426,,,,-0.675338106141851,,,,,-0.5875719531712962,-0.8468903654485049,-0.6579506802721088,-0.6585041513740395,,,,0.9119990959924044,,,,,-0.0844272577222353,,0.0697270079814807,,-0.7143602281702809,0.0955814383435015,,-1.2826725925925926,,-0.3433834741397074,0.0725448393925061,,,-0.3971801398050332,,-0.6365509589475352,,,,,0.4388911042944785,,-0.0220930232558139,0.2149378542146438,,,-0.3129495143635684,,,,-0.7045881779572513,-1.248018539976825,-0.4654350479572637,-0.5210951526032316,-1.248018539976825,,-0.4248295196480603,-0.5402282083698013,-0.4631276129960247,,,,,,,-0.2023329514080216,-0.5218700848946147,-0.806432929677321,-0.5975048222939457,-0.20666526207635,,,,,5.3041,-0.0842514083559247
1990-03-31,-0.5848357682455101,,,-0.0779732862253533,-0.6012563826512414,-0.4642120027890836,,-0.387319981560211,,,-0.1749074252391537,,,,-0.735844737620552,,-0.4287777806678001,,-0.91099850591886,-0.5766803236570431,,-0.9198404203561352,-0.2547934001263051,,-0.5873843897388703,,,,-0.805857332502506,,-0.6293021554220908,-1.0104089640949974,,,,0.0003906004079706,,,,,,,-0.0451211786055601,,-0.6314727596136286,,,,-0.6765968688278187,,,,,-0.5848357682455101,-0.8600132890365448,-0.6651592455163884,-0.6657188864549635,,,,0.8413532885834645,,,,,0.1025097854279651,,-0.2400002475837374,,-0.8240271335735895,-0.2216675910519504,,-1.3324503703703705,,-0.4579517824026375,0.1428514532502161,,,-0.0597948166605782,,-0.6029481692819781,,,,,0.1701794478527607,,0.1255813953488372,-0.073986966534372,,,-0.3246937740743208,,-0.8201980967815219,,-0.7062591380630787,-1.296685979142526,-0.4465849285149946,-0.5152603231597845,-1.296685979142526,,-0.4102448912162275,-0.5443621968869236,-0.6733527752092373,,,,,,,-0.2466479494109312,-0.525688383169879,-0.8225595036161876,-0.601320765854541,-0.2666970673885876,,,,,4.6296,0.0458698053879492
1989-12-31,-0.5946046576735896,,,0.1043870010713402,-0.6113090074580313,-0.4729197814136762,,-0.4278875172873022,,,-0.1828267204218824,,,,-0.5116218834241869,,-0.436013345597537,,-0.9460979197793355,-0.5755752898227489,,-0.9267295903473776,-0.2543516551589271,,-0.5869625944246328,,,,-0.8737503725176776,,-0.6211316728148532,-1.002548480933556,,,,0.0003906004079706,,,,,,,-0.0686589281304025,,-0.6583216209387095,,,,-0.6894826236920669,,,,,-0.5946046576735896,-0.6651627906976744,-0.7064200680272109,-0.7070150242506008,,,,0.8455792784912252,,,,,0.0925121433624145,,-0.3236835508459627,-0.1644242213064825,-0.8536573606130126,-0.630800517655759,,-1.3324503703703705,,-0.3977828147537605,-0.5657444190010865,,,-0.0518749733942765,,-0.781106355999366,,,,,-0.170771472392638,,-0.1593023255813953,-0.3895340291048067,,,-0.2616813037031683,,-0.8562842870065931,,-0.7169811320754716,-1.296685979142526,-0.4908012580709346,-0.5436864153201676,-1.296685979142526,,-0.4444557480316378,-0.5632931184727125,0.0679675336478807,,,,,,,-0.1055396662964032,-0.5439313638183638,-0.8650392593575921,-0.6194027020079403,-0.0104074370171119,,,,,4.7005,-0.0837810209452551
1989-09-30,-0.6048140243475664,,,0.0,-0.6169640160985327,-0.4880570464901328,,-0.4138323003636736,,,-0.1933305855778835,,,,-0.2227892042334727,,-0.4420382539115795,,-0.983403976554419,-0.5739545735324506,,-0.9289092147513864,-0.2612836531085508,,-0.6013739343277478,,,,-0.8522391698951532,,-0.6831114905033383,-1.0400542148752907,,,,0.0003906004079706,,,,,,,-0.0722239522372674,,-0.6631249953092048,,,,-0.6933085997507319,,,,,-0.6048140243475664,-0.4141661129568106,-0.7140924551638838,-0.7146939782107263,,,,0.7607006487465653,,,,,0.286428672482905,,0.6332275944454588,-0.3649706549621611,-0.1347298696357673,-0.0255130338325013,,-1.3763022222222223,,-0.4249824850607871,0.1512777140870952,,,0.342137229104236,,-0.8489459502298304,,,,,0.3505475460122699,,-0.1011627906976744,0.1626733303934538,,,-0.3181440907740935,,-0.8749834946686754,,-0.7600083548005291,-1.3395596755504056,-0.5301305196233235,-0.5745062836624776,-1.3395596755504056,,-0.4748854048832397,-0.5564285618944651,-0.0600643320609178,,,,,,,-0.2221580820935338,-0.5388254132982249,-0.9024057111671608,-0.6118241314634448,-0.0635124955625528,,,,,4.2809,-0.0883484215957595
1989-06-30,-0.6145119894733404,,,0.0340208647216311,-0.6259221231039352,-0.4979728875123644,,-0.4210443067151564,,,-0.2022073955417967,,,,-0.6725729859249026,,-0.453558408270298,,-0.9529706930237904,-0.6451924213832887,,-0.9489345139632188,-0.2611137511980208,,-0.6104489244219486,,,,-0.8768659749126276,,-0.6574872717295205,-1.0428615302900912,,,,0.0003906004079706,,,,,,,-0.1189558345055676,,-0.6749132765767952,,,,-0.6959089384572704,,,,,-0.6145119894733404,-0.8050299003322259,-0.7158317872603587,-0.7164347990077321,,,,0.7607006487465653,,,,,,,,,,,,,,,,,,,,,,,,,,,,,,,,,,,1.6928218338787162,,,-8.723818073010174,,,-10.177804626298157,-0.1287361779293065,,,,,,,,,-0.5262615000649966,-30.059644723709507,,,,,,,3.7183,0.0453970900680418
1989-03-31,,,,,,,,,,,,,,,,,,,,,,,,,,,,,,,,,,,,,,,,,,,,,,,,,,,,,,,,,,,,,0.7215903050049247,,,,,,,,,,,,,,,,,,,,,,,,,,,,,,,,,,,1.777066072547518,,,2.2980251346499103,,,3.0870049610243813,,,,,,,,,,-0.5217584387462152,,,,,,,,3.0986,0.2544697605370168
1988-12-31,,,,,,,,,,,,,,,,,,,,,,,,,,,,,,,,,,,,,,,,,,,,,,,,,,,,,,,,,,,,,0.7102545496275887,,,,,,,,,,,,,,,,,,,,,,,,,,,,,,,,,,,1.4537352920699018,,,1.950628366247756,,,2.66891227931184,,,,,,,,,,-0.539041262518464,,,,,,,,2.7235,0.4103624687057799
1988-09-30,,,,,,,,,,,,,,,,,,,,,,,,,,,,,,,,,,,,,,,,,,,,,,,,,,,,,,,,,,,,,0.7814850821711097,,,,,,,,,,,,,,,,,,,,,,,,,,,,,,,,,,,1.621945276056534,,,2.131358467983244,,,2.886421305801396,,,,,,,,,,-0.5300500260340211,,,,,,,,2.5441,0.0128139617153415
1988-06-30,-0.6268565509325146,,,-0.8181912310692906,-0.6212117875658217,-0.5306473268579027,,-0.2679530809814065,,,-0.2106522439502884,,,,-0.2696217696879565,,-0.4448946468642338,,-1.0004594874152395,-0.6441610564712807,,-0.9481171548117154,-0.3535913610994964,,-0.6096117246315682,,,,-0.8424859797892227,,-0.6454906862595653,,,,,0.1192250304093905,,,,,,,-0.1931341071869597,,-0.7093174455054676,,,,-0.6991055331729515,,,,,-0.6268565509325146,-0.4548637873754153,-0.7488984230055659,-0.7495297366041422,,,,0.7814850821711097,,,,,,,,,,,,,,,,,,,,,,,,,,,,,,,,,,,1.487572234212908,,,-7.374925194494315,,,-8.554409441836366,-0.208746398491323,,,,,,,,,-0.5372325949143915,-25.93360178178976,,,,,,,2.5161,0.0240848932872304
1988-03-31,,,,,,,,,,,,,,,,,,,,,,,,,,,,,,,,,,,,,,,,,,,,,,,,,,,,,,,,,,,,,0.7113575669925214,,,,,,,,,,,,,,,,,,,,,,,,,,,,,,,,,,,1.2172944370953145,,,1.696588868940754,,,2.363175253666751,,,,,,,,,,-0.5516796065172919,,,,,,,,2.4851,0.0312261076013037
1987-12-31,,,,,,,,,,,,,,,,,,,,,,,,,,,,,,,,,,,,,,,,,,,,,,,,,,,,,,,,,,,,,0.4570539506334656,,,,,,,,,,,,,,,,,,,,,,,,,,,,,,,,,,,1.1796978347141962,,,1.656193895870736,,,2.3145598255606417,,,,,,,,,,-0.5536892371884835,,,,,,,,2.6404,-0.0588168459324344
1987-09-30,,,,,,,,,,,,,,,,,,,,,,,,,,,,,,,,,,,,,,,,,,,,,,,,,,,,,,,,,,,,,0.9609302046493424,,,,,,,,,,,,,,,,,,,,,,,,,,,,,,,,,,,1.087098795516257,,,1.5567025733093955,,,2.194821826706705,,,,,,,,,,-0.5586388831008631,,,,,,,,3.2927,-0.0943298812524675
1987-06-30,-0.6468460056086192,,,-0.8462954236654207,-0.6389781568776274,-0.5519546287437772,,-0.3539234748757875,,,-0.2237334797203048,,,,-0.6123596874834234,,-0.4650218131001558,,-0.9680724054706356,-0.6463711241398693,,-0.9555901527683176,-0.4015886508242196,,-0.6332003080383961,,,,-0.8931754761453226,,-0.6438748818633578,,,,,0.2117743506038452,,,,,,,-0.1861329152662493,,-0.7259691433231845,,,,-0.7090265706584075,,,,,-0.6468460056086192,-0.7527043189368771,-0.7842068645640075,-0.7848683987833597,,,,0.9609302046493424,,,,,,,,,,,,,,,,,,,,,,,,,,,,,,,,,,,0.9747267283993596,,,-6.63375224416517,,,-7.662406364659825,-0.2746232597872369,,,,,,,,,-0.5646454458847583,-22.53640131569244,,,,,,,2.8993,0.039285344738385
1987-03-31,,,,,,,,,,,,,,,,,,,,,,,,,,,,,,,,,,,,,,,,,,,,,,,,,,,,,,,,,,,,,0.9021251654908296,,,,,,,,,,,,,,,,,,,,,,,,,,,,,,,,,,,0.8698739817586855,,,1.323309395571514,,,1.9139326865380728,,,,,,,,,,-0.5702500825344152,,,,,,,,2.3224,0.297450912848777
1986-12-31,,,,,,,,,,,,,,,,,,,,,,,,,,,,,,,,,,,,,,,,,,,,,,,,,,,,,,,,,,,,,0.9021251654908296,,,,,,,,,,,,,,,,,,,,,,,,,,,,,,,,,,,0.9161038780199122,,,1.372980251346499,,,1.9737116573944744,,,,,,,,,,-0.5677789811165054,,,,,,,,2.1744,0.3857615894039735
1986-09-30,,,,,,,,,,,,,,,,,,,,,,,,,,,,,,,,,,,,,,,,,,,,,,,,,,,,,,,,,,,,,0.8500843275303986,,,,,,,,,,,,,,,,,,,,,,,,,,,,,,,,,,,0.7853512497389125,,,1.232495511669659,,,1.804638001869893,,,,,,,,,,-0.5747680300063166,,,,,,,,2.1005,0.140823613425375
1986-06-30,-0.6672535403825246,,,-0.8828520050122666,-0.6555848585189155,-0.5756131930143183,,-0.4084642729088767,,,-0.2294209735333555,,,,-0.363286900596924,,-0.4777053328005183,,-1.0183195035053445,-0.6471078133627322,,-0.9727741558820668,-0.4622096525013214,,-0.6484552385699861,,,,-0.9172875294627618,,-0.683919392701442,,,,,0.2779466550129886,,,,,,,-0.2482416485015087,,-0.7567907955338625,,,,-0.7290342722985255,,,,,-0.6672535403825246,-0.5362591362126246,-0.8157854050711194,-0.8164739674756648,,,,0.8500843275303986,,,,,,,,,,,,,,,,,,,,,,,,,,,,,,,,,,,0.8127828448095802,,,-6.192399760622382,,,-7.131237798315295,-0.3059942833498273,,,,,,,,,-0.5733017439240026,-20.918630617873948,,,,,,,2.0568,0.057176196032672
1986-03-31,,,,,,,,,,,,,,,,,,,,,,,,,,,,,,,,,,,,,,,,,,,,,,,,,,,,,,,,,,,,,0.3693446988739599,,,,,,,,,,,,,,,,,,,,,,,,,,,,,,,,,,,0.7303488129220915,,,1.1733991621783364,,,1.7335154311220666,,,,,,,,,,-0.5777080452475044,,,,,,,,2.2353,-0.1260680892945018
1985-12-31,,,,,,,,,,,,,,,,,,,,,,,,,,,,,,,,,,,,,,,,,,,,,,,,,,,,,,,,,,,,,0.3693446988739599,,,,,,,,,,,,,,,,,,,,,,,,,,,,,,,,,,,0.7254751792800946,,,1.168162776780371,,,1.7272134311823857,,,,,,,,,,-0.5779685529271034,,,,,,,,1.9535,0.0
1985-09-30,,,,,,,,,,,,,,,,,,,,,,,,,,,,,,,,,,,,,,,,,,,,,,,,,,,,,,,,,,,,,0.7007527180334117,,,,,,,,,,,,,,,,,,,,,,,,,,,,,,,,,,,0.6667130822251619,,,1.1050269299820468,,,1.651229317623948,,,,,,,,,,-0.5811095312354104,,,,,,,,1.5497,0.2605665612699231
