,totalAssets,intangibleAssets,earningAssets,otherCurrentAssets,totalLiab,totalStockholderEquity,deferredLongTermLiab,otherCurrentLiab,commonStock,capitalStock,retainedEarnings,otherLiab,goodWill,otherAssets,cash,cashAndEquivalents,totalCurrentLiabilities,currentDeferredRevenue,netDebt,shortTermDebt,shortLongTermDebt,shortLongTermDebtTotal,otherStockholderEquity,propertyPlantEquipment,totalCurrentAssets,longTermInvestments,netTangibleAssets,shortTermInvestments,netReceivables,longTermDebt,inventory,accountsPayable,totalPermanentEquity,noncontrollingInterestInConsolidatedEntity,temporaryEquityRedeemableNoncontrollingInterests,accumulatedOtherComprehensiveIncome,additionalPaidInCapital,commonStockTotalEquity,preferredStockTotalEquity,retainedEarningsTotalEquity,treasuryStock,accumulatedAmortization,nonCurrrentAssetsOther,deferredLongTermAssetCharges,nonCurrentAssetsTotal,capitalLeaseObligations,longTermDebtTotal,nonCurrentLiabilitiesOther,nonCurrentLiabilitiesTotal,negativeGoodwill,warrants,preferredStockRedeemable,capitalSurpluse,liabilitiesAndStockholdersEquity,cashAndShortTermInvestments,propertyPlantAndEquipmentGross,propertyPlantAndEquipmentNet,accumulatedDepreciation,netWorkingCapital,netInvestedCapital,commonStockSharesOutstanding,investments,changeToLiabilities,totalCashflowsFromInvestingActivities,netBorrowings,totalCashFromFinancingActivities,changeToOperatingActivities,changeInCash,beginPeriodCashFlow,endPeriodCashFlow,totalCashFromOperatingActivities,issuanceOfCapitalStock,depreciation,otherCashflowsFromInvestingActivities,dividendsPaid,changeToInventory,changeToAccountReceivables,salePurchaseOfStock,otherCashflowsFromFinancingActivities,changeToNetincome,capitalExpenditures,changeReceivables,cashFlowsOtherOperating,exchangeRateChanges,cashAndCashEquivalentsChanges,changeInWorkingCapital,stockBasedCompensation,otherNonCashItems,freeCashFlow,researchDevelopment,effectOfAccountingCharges,incomeBeforeTax,minorityInterest,sellingGeneralAdministrative,sellingAndMarketingExpenses,grossProfit,reconciledDepreciation,ebit,ebitda,depreciationAndAmortization,nonOperatingIncomeNetOther,operatingIncome,otherOperatingExpenses,interestExpense,taxProvision,interestIncome,netInterestIncome,extraordinaryItems,nonRecurring,otherItems,incomeTaxExpense,totalRevenue,totalOperatingExpenses,costOfRevenue,totalOtherIncomeExpenseNet,discontinuedOperations,netIncomeFromContinuingOps,netIncomeApplicableToCommonShares,preferredStockAndOtherAdjustments,adjusted_close,10%DDret
2023-09-30,0.7623056667732158,,,,3.788856013937592,0.6571650179099227,,-0.3078969480025181,0.7599225628012143,0.0,-1.2588133255082394,,,,-0.4764555792977971,,-0.8987235259964828,,0.670317758574922,97362.0,,1.3919290736777743,,,-0.4036850137185402,,,,-0.361893357548278,4325203.0,,-0.6527883146777568,,,,1.2616031087989998,,,,,,,,,1.123237371424917,0.3202463249765279,,,4.56125586352885,,,,,0.7942125965768513,-0.4478373935194512,,1.5212907854711044,,-0.3493569084688301,-0.1613776534253723,1.470863476750823,12300.0,,,,-0.1917882254796806,,0.0692481380597278,-0.4288844020617876,-0.4764555792977971,0.3683250671842967,,-0.1417477658599092,,,,0.7112657604309686,,0.3205790013700902,,-0.605277682274172,,,,,-0.0790820095541924,0.1279379732800717,0.160692391124944,0.5745547401967093,,,-0.0250066610981709,,0.1084554113160329,-0.6789345403899721,-0.3056565142265964,-0.1415242086687989,-0.0402528390280933,-0.0616136614317978,-0.1435057818336353,,0.241914337317753,-0.0770016552681244,0.0306465891122584,,0.0388173472797991,0.5668594255021964,,,,0.1330873872308154,-0.168000988604567,-0.0775571101370267,-0.2122388497700143,0.143214765981709,,-1.3529432445001213,,,0.13,0.0
2023-06-30,0.7685140401365054,,,1.05833557340192,3.751262780965088,0.6650140981544305,,,0.7599225628012143,0.0,-1.243445245320235,,,,-0.4527623677817459,,-0.6880253780197403,,0.6337075462182218,94268.0,,1.2149521771411105,,2.126739667295058,-0.380683994332411,,,1.646087318732716,-0.3414692156516347,4100060.0,,-0.2693901954847185,,,,1.2373675592822089,,,,,,,,,1.1241650361290627,0.3970473718917574,1.4326215665340192,,4.468952490509034,,,,,0.8007525119753538,-0.4261665544345224,,1.522313103709268,,-0.3112318960534792,-0.1449456803708123,1.470863476750823,-352203.0,,-1.2015609060563477,,-0.1917876296031462,,-0.2620585456536708,-0.3529355437705422,-0.4527623677817459,-0.0496178565589062,,-0.1417256730036342,,,,-0.0743085323802836,,-0.0377363405688024,,-0.0968170349454169,,,,,0.1179581607358807,-0.019658569956987,0.1414137841597698,0.4622648177523261,,,-0.0483193326556333,,0.2507219143632494,-0.6330605849582173,-0.3056673473477811,-0.1415021506562258,-0.1130765351436013,-0.1363516991438626,-0.1434834149723769,,0.1434809035002293,0.0087600670414024,0.0139715203285557,,0.3796406248888952,0.5414881341979365,,,,0.1158632602868142,-0.168000988604567,0.0090545973416222,-0.2122311312246112,0.2461027429870926,,-1.3927760063548715,-1.514365013006317,,0.13,0.0769230769230769
2023-03-31,0.7791506803917411,,,1416734.422351352,3.769595902417413,0.6752041579512542,,-0.2887478829352066,0.7599225628012143,0.0,-1.2276247048529232,,,,-0.3749181830585327,,-0.7924544707443153,0.0,0.5658802454673136,91246.0,,1.1958474909376775,0.0830637487526339,2.114980156030088,-0.3083803716641669,,,2.0401596807355404,-0.1254676923647997,4056175.0,-974396239842.0,-0.5691769653759926,,,,1.2129913146622424,,,,,,,-2662519.704450072,,1.1164794115305632,0.4720490332562573,1.4143259244880133,,4.514337694539962,,,,,0.811957174343902,-0.3549668861374922,,1.5138432824865655,,-0.1396679212871479,-0.0988058384383044,1.470863476750823,-318583.0,,-0.5706603757531139,,-0.1912966273388154,,-0.3318163817841253,-0.2658626044302657,-0.3749181830585327,-0.3707001001999807,,-0.1418140444287339,,,,0.6498695146363703,,-0.0046870603269784,,-0.3637909004081084,,,,,-0.2593831909689352,-0.30352832013588,-0.4006625639574638,0.1965724140125577,,,0.193548202258809,,-0.1323257371467791,-0.7183669916434541,-0.3056240148630422,-0.1415903827065181,-0.0123492790878432,-0.03297945445314,-0.1435728824174103,,0.2796306764650462,-0.1849882971147205,0.0122303382494746,,-0.3112285167777122,0.0,,,,-0.7663907014467108,-0.168000988604567,-0.1866114905154539,-0.2122620054062235,0.2356634692689961,,-0.9795135497164116,-1.065027715842933,,0.19,-0.0526315789473684
2022-12-31,0.7904517756671018,,,1416734.422351352,3.831670984008654,0.6843537107774719,,896894.7772755648,0.7599225628012143,0.0,-1.2164984119810884,,,,-0.2856723125227943,,-0.4181595326046408,0.0,0.4814854979946072,88295.0,,1.10283617941215,1789232.7453455343,2.104359471919801,-0.2359035601938966,,,2.6338572150093587,-0.109112981002221,3929020.0,-974396239842.0,-0.0367970511920011,,,,1.2129913146622424,,,,,,,-2662519.704450072,,1.1095383003883004,0.5425113356177805,1.3138406289430262,,4.506816973425295,,,,,0.8238617752250763,-0.2733387413811708,,1.5061939405614675,,0.0,-0.0661411131510857,1.470863476750823,-232241.0,,-3.09682400219967,,-0.1912966273388154,,-0.1443197601863232,-0.2086892108725297,-0.2856723125227943,0.1172507473073875,0.0,-0.1253548665039159,,,,-0.1525997505581,0.0,0.0801892321965065,,-0.4292383716161756,,,,,0.320081861808949,0.062199715343907,-3952913.880555752,0.376299481094604,,,-7.893387007589875,,0.3877131029909086,-0.3792130919220056,-0.3136946901456513,-0.1251571633395831,-0.1719265941578554,-0.1959388185654008,-0.1269095707799324,,0.0639351828333082,0.1617264629143675,0.0027902251618655,1.0,0.4757773779980516,1.297161249401143,,,,22.82120718984196,-0.168000988604567,0.1624678261661952,-0.2065116890809365,-19.651965429702425,,-17.18451600844646,-18.684600675089804,,0.24,0.0
2022-09-30,0.9430323864492622,,,1.049755752071574,3.036771884984679,0.8721779080812798,,,0.7599225628012143,0.0,-1.0212995216481628,2.006334504339045,,,-0.227072139860628,-1.0,-0.7437375360770092,,0.4268555933047436,85413.0,,1.050178626020876,0.0721833991553842,2.3637881356937527,-0.1911140093236769,,2.062234613832696,2.8384845366887954,-0.1947469975920244,3848537.0,,-0.2944458314926082,,,,1.1914911397095176,,,,,,,,,1.2790876672096114,0.6113276091516476,1.2581287003785304,,3.613795318121285,,,,,0.9845905567554522,-0.2197404813373381,,1.6930431428604165,,0.1238748381274718,0.8570433822562752,1.470863476750823,-548129.0,-3.939735545957696,-0.9818428686709102,-31331.0,-0.1912966273388154,,-0.2686402606833891,-0.131690785457452,-0.227072139860628,0.3358795587846874,0.0,-0.1257525379168645,,,,-0.8425895842285642,0.0,-0.2303363786609979,3.443923337074261,-0.1897944070916809,,,,,-0.7875313958642276,-0.4545061374055406,0.1934374336846573,0.2571306195860527,,,0.6350773039000046,,-0.2418121072400996,-0.5541260445682451,-0.3134996939643265,-0.1255542075658983,0.1918549667398436,0.1773913633419122,-0.1273121742825829,,0.5556469484907736,-0.4720990826384465,-0.0027902251618655,,-0.3748195658202555,-0.041174366898562,,,,0.0985496026416823,-0.168000988604567,-0.4776242240853736,-0.2066506228981918,0.8424867468116914,,-0.2251030775289874,-0.2447529573888269,,0.22,0.0
2022-06-30,0.9488004599490254,,,1.1082136907951616,3.122375734346747,0.8747249346004812,,,0.7599225628012143,0.0,-1.018742576144281,2.2108759681861763,,,-0.1481521957526758,1.0,0.0275489511372146,,0.3332975377820957,82597.0,,0.7650111368301524,0.0721833991553842,2.345363956839576,-0.1246706201327284,,2.0653132846747546,,-0.3676180564482257,3502343.0,,0.3378675582479236,,,,1.1914911397095176,,,,,,,,,1.2672413469767456,0.6785319331296529,0.9439871881976124,,3.54692686490032,,,,,0.9906666592211724,-0.1475568768396376,,1.6799880927166924,,0.223037026596756,0.8351004320096034,1.470863476750823,-539864.0,0.0535524829345791,-0.9670380849255416,-31331.0,-0.1912966273388154,,-0.3656820729640867,-0.0392173819634016,-0.1481521957526758,-0.027668191327461,0.0,-0.1257083522043147,,,,0.1634578097324264,0.0,-0.222211682016183,10.146793195736564,-0.6018393819174535,,,,,0.0780833611495674,0.8049004883188777,-1.252797033788404,0.4656074166835392,,,-0.1982884558936328,,1.136052682167766,-0.2988161559888579,-0.3135213602066959,-0.1255100915407521,-0.8732419669712094,-0.9157179561251466,-0.1272674405600662,,-0.8840101154325197,0.9209513692035628,-0.0292342686557271,,-0.561838259867883,-0.2561285838635888,,,,0.0712348390290658,-0.168000988604567,0.9292533645567478,-0.2066351858073856,1.3624806598477868,,-1.649017954292097,-1.792965362938189,,0.2236,-0.0496422182468694
2022-03-31,0.9707277308480664,,,1.028046666783759,3.2247380498472027,0.893189461928286,,,0.7599225628012143,0.0,-0.9769623773727398,2.7650335958949555,,,0.0516236781055571,,0.0360559730064034,,0.144896534833118,82677.0,,0.5623348036860724,0.05166053033551,2.3264790461806144,0.0426340029648293,,2.068802000243517,4.003221384219037,-0.4031485843949712,3287296.0,,0.3445889693245314,,,,1.116265067218558,,,,,,,,,1.246251576347839,0.7441686106051286,0.7566242841890711,,3.66932554510942,,,,,1.0137648990029036,0.0351668038441672,,1.656856647451064,,0.4221665804292448,0.8261657526225624,-0.3206686113264147,-408612.0,-0.2743089299643533,-0.7319313122519662,-23504.0,-0.1910493385770468,,-0.4878680108202878,0.1751790492460323,0.0516236781055571,-0.3755969026047802,0.0,0.0,,,,2.081749866370411,0.0,-0.263887984369912,11.371427036799698,1.5102298465319826,,,,,0.5304409921913903,0.0939679643943981,-4.090725283534932,-1.197153356017199,,,1.6153159157662138,,1.118536547336189,-0.6890146239554318,-0.3751618197476966,-0.0055806771809859,-0.1659921165059723,-0.1836395031251641,0.0,,2.0264804124283344,0.8310892509258294,-0.0688404249962875,,-0.5018238962405694,-0.0587183449281034,,,,0.5699893089809827,-0.168000988604567,0.8302689692729491,-0.1627166624639186,6.004151152637151,,-2.0291407350379047,-2.206270128824477,,0.3584,-0.0516183035714286
2021-12-31,0.9707277308480664,,,1.028046666783759,3.2247380498472027,0.893189461928286,,,0.7599225628012143,0.0,-0.9769623773727398,2.617273379515061,,,0.0516236781055571,,0.0360559730064034,,0.144896534833118,82677.0,,0.5623348036860724,0.0427227799597219,2.3131947619283824,0.0426340029648293,,2.089163342333852,4.405636725114004,-0.4031485843949712,3227545.0,,0.3445889693245314,,,,1.116265067218558,,,,,,,,,1.246251576347839,0.824268531030029,0.718703290303795,,3.66932554510942,,,,,1.0137648990029036,0.0351668038441672,,1.656856647451064,,0.6031493843404824,0.899205098934608,-0.3206686113264147,-582260.0,1.1519142546062964,-1.042980445683998,-30916.0,-0.1910493385770468,,-0.4878680108202878,0.1751790492460323,0.0516236781055571,-0.3755969026047802,0.0,0.0,,,,2.081749866370411,12175330.0,-0.263887984369912,-27.97414452951008,1.5102298465319826,,,,,0.5304409921913903,-0.4545061374055406,-4.090725283534932,-1.197153356017199,,,1.6153159157662138,,1.118536547336189,-0.6890146239554318,-0.3751618197476966,0.0,-0.1659921165059723,-0.1836395031251641,0.0,,2.0264804124283344,0.8310892509258294,-0.0688404249962875,-1.0,-0.4871331764237412,0.0953177821712697,,,,0.5699893089809827,-0.168000988604567,0.8302689692729491,-0.1627166624639186,6.004151152637151,,0.8905684895387156,0.9683087142326272,,0.2973,-0.1055243135957659
2021-09-30,0.9748897091888216,,,1.004655349115125,2.3760755732233907,0.9308716051559236,,,0.7875053310781277,2501905.0,-0.9870783434458014,1.6429527017596677,,,0.1663756672868865,,-0.1756575201456263,,0.0013853530144769,70724.0,,0.0675573219199021,0.0393724113736943,2.276180476206877,0.1468716286436319,,2.138168872666896,5.638408867810472,-0.1973013901367177,3138982.0,,0.1999887240533445,,,,1.1077100851100672,,,,,,,,,1.2218317928437257,-0.8043219332489303,0.1805105309133262,,2.685811750909344,,,,,1.018149136974139,0.1401239511915997,,1.6299452106607075,,0.8546125984832934,1.0771869840199435,1.470863476750823,-775140.0,-0.3919581331316716,-1.3884791376146297,-34127.0,-0.1929626981289476,,-0.3830494104541277,0.2704219719878386,0.1663756672868865,0.4094238291485517,0.0,-0.0010383642449214,,,,0.8045654156142245,12175330.0,-0.4534937301475151,21.612589101011704,-0.0177194506809592,,,,,0.0798426239555232,0.8638761981898389,0.0220962721935346,0.5855968622936536,,,-0.5402545203657705,,0.9084881348188568,0.3046135097493036,-0.3746526630520152,-0.0010367265909341,-0.7427548941315202,-0.7756239385822085,-0.0010512424791429,,-0.5113517591578783,0.7438093938882904,-0.0842969212561239,,-0.5710821784360712,0.0178138853838419,,,,0.0143591445078181,-0.168000988604567,0.7421905905955134,-0.1630794340978629,0.4546870601727731,,-2.233311898250853,-2.428263966307445,,0.4017,-0.0540204132437142
2021-06-30,0.9806306688871254,,,1.0288972337178806,2.312685720950922,0.9392568103432032,,,0.7875053310781277,2501905.0,-0.9617101571034212,1.653857640569145,,,0.2639954055989569,,-0.040083695856438,,-0.0936297552610905,104851.0,,-0.063144516748919,0.017888494126316,2.249212044863975,0.2336967540568936,,2.149017130193748,6.226625258974917,-0.1668439022814244,2955220.0,,0.2323302513095314,,,,1.0528520827881398,,1.639775344501473,,,,,,,1.2042066088602914,-0.688019602397136,0.0021547122197418,,2.578824089165391,,,,,1.0241966776963392,0.2294111986819014,2.489889200002648,1.6105216549764942,,1.043030613181177,1.1004099405298384,1.470863476750823,-753687.0,-3.1627925281522247,-1.3500511853231123,-33330.0,-0.2414104397568823,,-0.7022149979905852,0.4165613109713635,0.2639954055989569,-0.6038201766705936,,-0.0034022998663382,,,,-2.41040529068366,-82102.0,-0.4324049077493042,1.8309851620300608,-0.0339808831220269,,,,,-0.8493053237536047,-0.3601450016120027,0.0050488080922402,-0.1111117056012327,,,0.2635487257703368,,-0.1496748856975277,0.8463091922005571,-0.3734935190852512,-0.0033969339362523,0.4265195237491057,0.4242880841080589,-0.0034444966337873,,0.5933704933885438,-0.2434293231303222,-0.0970078053649057,,0.9466483684483727,5.582547790470921,,,,0.0012297305125895,-0.168000988604567,-0.2546945411336905,-0.1639053184559914,-0.4077207781647803,,-0.8599084595889359,-0.9349722841570668,,0.501,-0.0974051896207585
2021-03-31,0.9935711969282124,,,0.8883777603586839,2.391433834165467,0.9494317841988544,,,0.7884104815299119,,-0.9519424582623742,1.659062012199649,,,0.4137816954143643,,0.5269865845415099,,-0.2223759240100099,138181.0,,-0.0809748001921649,0.0163508166423094,2.2214292175983306,0.3518619854030025,,2.161856043341586,7.06144458436989,-0.2820032871650023,2901478.0,,0.6166479269112894,,,,1.0489257078157963,,1.640713246377211,,,,,,,1.1863414036779152,-0.574433389507333,-0.0500048529554498,,2.5488561149649183,,,,,1.0378282609869127,0.3664122372080279,2.4605187448772106,1.5908335877202355,,1.2736555239088916,1.1454900674939177,1.2167903123126942,-684063.0,2.6418647108559177,-1.2253363319065929,-32550.0,7.111893695626266,,6.916293475629676,-0.6522009357937478,0.4137816954143643,0.5630924481077296,,-0.0045511283926342,,,,-0.0698856549946024,12257430.0,0.8636508297340305,23.50452712815875,-0.0867560647878496,,,,,0.5235735743952021,1.0749306052480518,0.0,0.2416183698198516,,,-0.7238700680851485,,0.9424241032470074,-0.7035689415041783,-0.3729301967836463,-0.0045439505900518,-0.8628038541052491,-0.8990044557662342,-0.004607573419222,,-0.7738803074405498,0.8833173821771699,-0.0993888654847617,,-0.6790724794322812,-0.1072476872313578,,,,-0.0012297305125895,-0.168000988604567,0.8833135776290696,-0.164306682816951,0.2729376327849623,,-2.547043182419969,-2.769381735414344,,0.5317,-0.0566108707917997
2020-12-31,0.7590099950042183,,,1.0690396311267136,2.3157475507280223,0.711781462437784,,,0.6513217512280522,,-0.923010598756174,1.714241040453128,,,-0.6816518322805458,,0.0129330292907449,,0.7048888466657096,134950.0,,-0.1038354369568065,-0.004029817010294,2.1980315743153653,-0.5873077967012896,,1.8543724770746848,0.3206693057804838,-0.3180149977762487,2842756.0,,0.206844426783701,,,,0.9968848795365256,,1.4986641792424136,,,,,,,1.1710736034066835,-0.4635053598174714,-0.0722702125594487,,2.5708008685973245,,,,,0.790740928027095,-0.6355187880913504,2.435418431829997,1.5740079495298798,,-0.8286651298432876,-0.0386298660372287,1.2167903123126942,-568402.0,1.172655748120302,-1.0181571313290898,-31789.0,-0.2541848409009653,,-0.3221447507267971,-0.566670303579467,-0.6816518322805458,0.4087194945560805,,0.0154429065361715,,,,0.5956421032773311,4018300.0,0.2902880875874738,15.203870852766787,-0.1744274178651035,,,,,0.3402791837896107,0.8214136870827469,-0.0044917592134116,0.2652829564907386,,,-0.3316510641999637,,0.7862091635594755,-0.5217966573816156,-0.382734171455809,0.0154185507885739,-0.6260868591729049,-0.655070950855262,0.0156344360195933,,-0.2461628477990575,0.5538649597676395,-0.1256442596757654,,-0.6682428732943193,-0.0763972766347951,,,,-0.0283496331874509,-0.168000988604567,0.54928138173734,-0.1573213992271729,0.649543053187133,,-1.876885489932557,-2.0407240957512696,,0.4691,0.2020891068002556
2020-09-30,0.7676576680930159,,,1.159286963777887,2.362961630950009,0.7187940282513353,,,0.6508000731419158,,-0.901691059425725,1.8190708725097788,,,-0.5939867576055634,,-0.2452002501900266,,0.6362523980710815,131795.0,,-0.0422876359348386,-0.0209160785804926,2.178530369855719,-0.5055963554358024,,1.8634091999421272,0.9269904461977904,-0.2964717624827375,2881430.0,,0.004548845254521,,,,0.9537667383819056,,1.4981236250676306,,,,,,,1.158360731397267,-0.3551707627111424,-0.0008152965155779,,2.68528999622349,,,,,0.7998504076097915,-0.5553365078055909,2.41451842911207,1.559997929684795,,-0.6253271267614426,0.0,1.13590559655598,-163816.0,0.4379247942310674,-0.2934374415040872,-31045.0,1.0229775950423072,,1.2139077948845702,-0.7260895431042799,-0.5939867576055634,0.5479576393052242,,0.0148022137041987,,,,0.4065693354155094,4057570.0,0.4037988977838944,-0.1529009105806879,-0.4811047080157493,,,,,0.180495439049615,,-0.2970249463582561,0.5305557753604558,,,0.5386147051523171,,-0.6167631022118814,-0.5462569637883008,-0.3824200109414524,0.014778868423955,0.4051219254746462,0.4032293362746643,0.0149857970431009,,0.974491283023504,-0.8128444223407847,-0.0959115999564067,,0.0,-0.0595820484618654,,,,0.0023620305563016,-0.168000988604567,-0.8309545729694233,-0.1575452370438619,0.3355811123861225,,-0.3899220994216978,-0.4239594946116685,,0.8252,0.0567135239941831
2020-06-30,0.7309737549249357,,,1.1397050228056622,2.3373936896634726,0.6821675987841376,,,0.6275074150475253,,-0.8972619349111918,1.8200159167032368,,,-0.7573843518447672,,-0.3905376561233448,,0.774701089493821,128714.0,,-0.044244224134166,-0.0189873184563871,2.1732086574633143,-0.6487238051417286,,1.8159885018585835,,-0.3143360126042362,2848150.0,,-0.1063806130013394,,,,0.9586917213888818,,1.4739881593286714,,,,,,,1.1549148483832103,-0.2493716634262959,0.0,,2.686432266303592,,,,,0.7612074854518143,-0.7047870358280753,2.408853386287278,1.556200448724158,,-0.941197303338476,-0.1849154687079261,1.1003113453926567,-224903.0,-3.1343287712710968,-0.40286028780213,-30320.0,-0.1989917769038255,,-0.213126943315699,-0.6579436663913137,-0.7573843518447672,-0.1165485089488225,,0.0137859423155522,,,,-1.1490258140924192,-22425.0,0.3168435086598306,14.736889770904224,-0.4348005956059464,,,,,-0.6794283900693309,0.7206045403433172,-0.0036340807809294,0.3176167354100625,,,-0.1818382130598154,,0.5325366742167214,-0.8030118384401114,-0.3819216873669557,0.0137641998455939,-0.4193781059782985,-0.4430073358194583,0.0139569214252164,,-0.0226462325994636,0.2973775296725519,-0.0968471985259861,,0.5921796448913128,-0.029271452573904,,,,0.0013956256352729,-0.168000988604567,0.2903560582994569,-0.1579002901324031,0.5482382092831425,,-1.620910553403394,-1.762404388083736,,0.4891,0.4005315886321817
2020-03-31,0.7447660018806592,,,0.9675139263251424,2.606065799412548,0.68573887812905,,,0.6276300649071644,,-0.8788500144824898,1.81134101704766,,30.151004991029986,-0.6875378744345739,,0.9576724474025956,,0.7195683903881286,125705.0,,0.0,1.2604833111798708,2.176225491300356,-0.597317494193332,,1.8206062475441889,,-0.2885143760195057,2868480.0,,0.99454919281953,,,,0.9099784958986724,,1.4741152470776615,,,,,61.98862431104406,,1.156888793600335,-0.1460433113465231,0.0520819178879937,,2.7140734630597683,,,,,0.7757362714908507,-0.6409024175871086,2.412098558611233,1.5583758038795108,,-0.9151643224907512,-0.1651788266512722,1.0037260442770837,-800597.0,0.2354943643472473,-1.434079304560285,789566.0,1.5007222023596711,,1.131483594478927,-0.80421895626724,-0.6875378744345739,-0.0919282417209241,,0.0105824781556883,,,,-0.1527464810874828,2018650.0,1.1129556471679682,9.822748744022444,0.0015770246675822,,,,,0.0702665433632289,-0.0990791925832147,-0.0019570394473131,0.0,,,-0.218056876271827,,-0.1915318120554017,-0.4420090529247911,-0.3803508847951727,0.0105657880224991,-0.1002320054504221,-0.1156256018348302,0.0107137265427542,,-0.0709161138955331,-0.2170696347632802,-0.0936070192836552,,0.3631437855979749,-0.8543917300386642,,,,0.0047424939040125,-0.168000988604567,-0.2289887417798069,-0.1590194792158482,-0.3212414793934719,,-1.682794897411992,-1.8296907902886164,,0.2836,0.4456981664315936
2019-12-31,0.7121858538590349,,,1.9836564363286813,2.421833685601496,0.6595691207461309,,,0.605375052187088,,-0.859735149887451,1.7668415563430944,,,-0.8374635078374886,,0.905673872251626,,0.8224612629941518,121948.0,,-0.2605983316591693,-0.0438566889643864,2.1487880783811555,-0.6717978248966427,,1.7867149668797673,,-0.3805907410831696,2541340.0,,0.9609034432311736,,,,0.8951891501695114,,1.4510549722542023,,,,,61.33069023541464,,1.1389881208846058,-0.0479154561425331,-0.2338445113073862,,2.501904404603367,,,,,0.7414162653855453,-0.7780309058032165,2.3826697947462034,1.5386486501881993,,,,1.0037260442770837,-1158563.0,6.103268831107478,-2.075290341244444,749584.0,0.2740322965081635,,-0.0568408825444127,-0.7609955671670257,-0.8374635078374886,0.7341619047219765,,0.0401869055640858,,,,1.38593273453303,,1.072989807265779,1.1246452048818707,0.2729162278186207,,,,,1.3500905623621728,,1.3556300252293036,0.0203411365793808,,,-0.3995669179261547,,-0.2535969825027273,0.210950557103064,-0.3948672671826843,0.0401235248704091,0.1719926986520014,0.1652255458094788,0.0406853206289561,,-0.1425023625854377,-0.7374919483361566,0.2239152505753485,,4.002118990564092,-11.41492182808251,,,,0.3327197847049963,-0.168000988604567,-1.551943520141055,-0.1486766283757347,-1.1180198296564456,,-1.9929286478764805,-2.166896986869813,,0.589,-0.1001697792869269
2019-09-30,0.736498432482126,19495.0,,3.19185550609634,2.482583764833056,0.6821189773395568,,,0.605375052187088,,-0.8370974765082894,1.7605908181456855,,,-0.7931614661586308,,1.2848099313099357,,0.7837748543476848,118279.0,,-0.2723832816526182,-0.0438566889643864,2.1468870440757004,-0.5629654994686479,,1.8158401811554568,,-0.3347546552704281,2499730.0,,1.276925846447691,,,,0.8951891501695114,,1.4510549722542023,,,,,61.2698277577839,,1.137332211374684,0.0479154561425331,-0.2433757158109288,,2.49170285822186,,,,,0.7670271940475755,-0.7375103366222117,2.379947474153943,1.536823781261769,,,,0.9981125241284172,-669475.0,0.3996408180391476,-4.645119571243432,772538.0,0.2877100464783697,,0.0126355179942514,-0.7288513793932646,-0.7931614661586308,-0.0913224301220427,,0.0401648127078109,,,,-0.35473153553499,,1.0949073192310292,13.099613678795585,-0.0978138085276666,,,,,0.0740860315080411,0.6222802368464508,-0.0250554101530263,0.0740108286688543,,,-0.3785493625791355,,1.0042177394811602,0.0,-0.3948564340614996,0.0401014668578361,-0.7088102363875387,-0.738745688674125,0.0406629537676977,,-0.4250917201963855,0.8145974382908667,-0.3273995904525607,,0.4605604658934958,2.4014062173159063,,,,-0.2367481396046956,-0.168000988604567,0.8109838340723341,-0.1486843469211378,0.5278821480190263,,-1.9570173935681403,-2.1278490028490027,,0.654,0.010703363914373
2019-06-30,0.7401490771188912,21352.0,,4.072693899309392,2.3655430834237343,0.6904720569244727,0.0,-0.5455587075566373,0.605375052187088,,-0.8148677190103784,1.7489074962429996,0.0,-0.2417170128488885,-0.7602151105828454,,0.9094014792625564,,0.748800373751182,114696.0,0.0,-0.3476612656679914,-0.0614036392935466,2.12050176397314,-0.486344545195023,0.0,1.8265984873352967,-0.4675481767620147,-0.4099511324634009,2386080.0,-274768.0,0.980434912397571,0.0,0.0,0.0,0.8503839765684412,0.0,1.4510549722542023,0.0,0.0,0.0,0.0,60.63603051093671,0.0,1.1200882389096798,0.1415039523435463,-0.3235465398427642,0.0,2.4327340193993363,0.0,0.0,0.0,0.0,0.7708727918680311,-0.7073761705707248,2.35159832762596,1.5178203337116123,0.0,,,0.9981125241284172,-1095324.0,-0.7915517843598872,-3.4459052189325687,-26821.0,-0.1886092241687522,0.0,-0.7513034757001812,-0.5748840423681446,-0.7602151105828454,-0.2485546467216998,,0.0388392413313155,0.0,0.0,0.0,2.1303176715961136,0.0,-0.7682424138164079,-1.307374113285763,0.2249808935464593,0.0,0.0,0.0,0.0,0.1794092379081462,-0.3055885382673722,-0.0051048077149796,-0.2080718554577994,0.0,0.0,0.1455882954282337,0.0,0.3489853543302947,-0.0745125348189415,-0.394206446790417,0.038777986103452,-0.1469049769220681,-0.1621266435562091,0.0393209420921962,0.0,0.3008775523218549,0.1453835993470588,-0.3257629302845227,,0.7135594063982138,3.703817164758197,0.0,0.0,0.0,-0.2350575893068743,-0.168000988604567,0.1352129095993919,-0.149147459645322,0.3693885801503584,0.0,-1.061459350850765,-1.1541171187910315,0.0,0.5937,0.1076197957580518
2019-03-31,0.6921350504288484,23209.0,,-0.2735955409704569,0.8834174419934174,0.6995681342182288,0.0,-0.5455587075566373,0.605375052187088,,-0.8028106039122437,1.3587443911792831,0.0,-0.2417170128488885,-0.602405472697792,,0.4658555124548073,,0.4226847054517711,82403.0,82403.0,-2.4084211905489803,-0.0651117485462284,2.076126960369487,-0.5868127577539716,0.0,1.8383180377908983,-0.4675481767620147,-0.0315435858694523,292679.0,-274768.0,0.6939976433408057,0.0,0.0,0.0,0.8409155233226346,0.0,1.4510549722542023,0.0,0.0,0.0,0.0,59.570098385966965,0.0,1.0910870018358727,0.2329079672225563,-2.582082888479084,0.0,0.7314447884160522,0.0,0.0,0.0,0.0,0.7202947009382771,-0.5630366298402061,2.303920200038672,1.4858599783619253,0.0,,,0.9981125241284172,-828408.0,-3.105135937501743,-1.4838996857230118,-19572.0,-0.1842897151710165,0.0,-0.7967750066392948,-0.4136654913769796,-0.602405472697792,-0.9855003500710624,,0.037822969942669,0.0,0.0,0.0,1.9467787408424428,0.0,-0.5058574737501766,3.323228018346164,0.0226578384287593,0.0,0.0,0.0,0.0,-0.269977072127039,-0.2127057269345998,,-0.2557417655061249,0.0,0.0,-0.2206082787227464,0.0,0.4533024099910185,0.6856023676880223,-0.3937081232159203,0.0377633175250909,-0.3620121994777745,-0.3829420312691493,0.0382920664743116,0.0,-0.2048566037640679,0.3107399796842064,-0.3242970742150181,,-0.7056665220822993,4.226722177612534,0.0,0.0,0.0,-0.2335434671553989,-0.168000988604567,0.3022774626588261,-0.1495025127338632,-0.3484812959747012,0.0,-1.6871543036676242,-1.8344326768239807,0.0,0.6004,-0.1075829383886256
2018-12-31,0.7095262864010331,17940.31,,-0.2454948450118741,0.9303537321454014,0.7155614272786788,0.0,-0.5455587075566373,0.605375052187088,,-0.7836462208283984,0.9962930026001878,0.0,-0.2417170128488885,-0.4371636646374376,,1.544101601833231,,0.251928274840741,0.0,0.0,,-0.1832662513564912,1.3873321084022374,-0.4360266714080877,0.0,1.3630857794114202,-0.4675481767620147,0.1706823651365287,0.0,-274768.0,1.756561006524594,0.0,0.0,0.0,0.8308541874560041,0.0,1.4510549722542023,0.0,0.0,0.0,0.0,-0.2000072374299197,0.0,1.0693386057513383,-1.045344175085667,-2.866155488692614,0.0,0.5496511697243147,0.0,0.0,0.0,0.0,0.7386146706433879,-0.4118993038532802,2.268165766505427,1.4618925018926114,0.0,,,0.9981125241284172,0.0,3.2144941973291234,-4.158836360118976,-14351.08,-0.1776129186032654,0.0,-1.8645510426630505,-0.0821717738120072,-0.4371636646374376,0.0823778000444401,,-0.6037314834248346,-7694900.0,0.0,0.0,-1.712848353997883,6492887.52,0.3002628361482646,3.785943480375096,1.794848499407305,0.0,0.0,0.0,0.0,0.6302784724236239,-0.0788230020995352,,-1.2855815713819465,0.0,0.0,-0.0911128839312434,0.0,0.911059723543612,0.0600278551532033,-0.0791251171331228,-0.6027793095842064,-0.7689759880756022,-0.8323857170369592,-0.6112192176071932,0.0,-0.0386847920114167,0.6691859109936228,-0.2215424757289288,,,,0.0,0.0,0.0,-1.385369103481691,-0.168000988604567,0.7062846282299492,-0.3736413526936064,0.256534179412608,0.0,-1.074860244003925,-1.1686878135451506,0.0,0.67,0.1346268656716417
2018-09-30,0.7184755882601579,16227.5,,-0.2374021004728628,0.860180277058505,0.7275050615699254,0.0,-0.5455587075566373,0.6036289260999654,,-0.7669951285251467,0.8277589914208073,0.0,-0.2417170128488885,-0.0973974223885147,,1.1593671202062104,,-0.0363391384592019,0.0,0.0,,-0.2375001513378976,1.0173227823475972,-0.1486555647628217,0.0,1.1418837046719534,-0.4675481767620147,-0.0693040517642562,0.0,-274768.0,1.4443465683372556,0.0,0.0,0.0,0.8261340303434184,0.0,1.4492456653824464,0.0,0.0,0.0,0.0,-0.2000072374299197,0.0,0.9990015408803056,-1.045344175085667,-2.866155488692614,0.0,0.5496511697243147,0.0,0.0,0.0,0.0,0.7480418866965355,-0.1011343593340802,2.152531404271092,1.3843786502658295,0.0,,,0.9964975300617042,0.0,-1.6080045202767068,-3.0792293451771604,-11923.43,-0.2294803956620188,0.0,-1.9345333222090872,0.2604818161465155,-0.0973974223885147,-0.7072923785127639,,-0.6062942547527257,0.0,0.0,0.0,-0.1015165648286921,5389115.52,0.214696460497779,0.8527426871016551,1.533607408547317,0.0,0.0,0.0,0.0,-0.4502673094496763,-0.352659018172382,,-1.303640616829183,0.0,0.0,0.1093946357518784,0.0,0.2498405172113993,0.1802054317548746,-0.0778684750756964,-0.6053380390426822,-0.2193853561486242,-0.2684664810826899,-0.6138137735131629,0.0,0.2386789553535303,0.0267270483271694,-0.2428027422980417,,,,0.0,0.0,0.0,-0.8267133279614912,-0.168000988604567,0.057615299665949,-0.3745367039603625,-0.0330590063227357,0.0,-0.6843248015771474,-0.7440614354948595,0.0,0.6338,-0.11908444169502
2018-06-30,0.7375071208700923,22418.0,,-0.1677530272331467,1.0175690708638376,0.7408324935945929,0.0,-0.5455587075566373,0.6046808043703509,,-0.7542355545378215,1.3587443911792831,0.0,-0.2417170128488885,0.2538071902011399,,2.022270278154091,,-0.3343111928343281,0.0,0.0,,-0.0725602582787561,1.8381885927044084,0.1550100888920834,0.0,1.8917239140157704,-0.4675481767620147,-0.2143352564600491,0.0,-274768.0,2.144597878096273,0.0,0.0,0.0,0.8218961629566023,0.0,1.4503356041886386,0.0,0.0,0.0,0.0,-0.2000072374299197,0.0,0.936108274385652,-1.045344175085667,-2.866155488692614,0.0,0.5496511697243147,0.0,0.0,0.0,0.0,0.7680897488159079,0.2200926149053159,2.049134670653076,1.315068119092415,0.0,,,0.8676167608732631,0.0,1.502094347757028,-15.610189058790128,-19572.0,5.155401024907639,0.0,0.2170505902509301,0.2600285215790185,0.2538071902011399,0.3784603581206005,,-0.6122593259469551,0.0,0.0,0.0,3.162734637837611,0.0,-8.258206103352727,14.981003834248629,6.0004355976354695,0.0,0.0,0.0,0.0,0.7359300015868934,0.6355222495694773,,-4.330811975571713,0.0,0.0,-0.4570021229564493,0.0,1.1383222435324143,0.4225278551532033,-0.0749435323558247,-0.6112937024374104,-0.9668811153320844,-1.035918596915104,-0.61985282605292,0.0,-0.5448224701240578,0.9226098597837876,-0.1758198756061793,,,,0.0,0.0,0.0,-0.966560283127676,-0.168000988604567,0.9627828567254612,-0.3766207112191913,0.2394462691548328,0.0,-2.091064240719685,-2.2735991112349807,0.0,0.7279,-0.1006101694915254
2018-03-31,0.5633888062045016,23450.0,,-0.2221529620026596,0.8085573665910631,0.5704380569593778,,,0.5065065538313006,,-0.7304831591137828,1.3587443911792831,,3.1193686969330785,0.2533425835323873,,0.876338250184417,,-0.3339170072268447,,,,-0.0912601079295082,1.2825695300490505,0.1671528438569919,,1.671251286331216,,0.3034117913124532,,,1.2146668700919672,,,,0.7741471242804345,,1.3486090751368132,,,,,5.378748493279098,,0.7247917495531747,,,,0.5496511697243147,,,,,0.5846730983328504,0.2196676654910289,1.4521971955712218,0.9149195648054836,,,,0.821450523496709,,1.009922810844349,-6.213892852056952,,5.155401024907639,,-2.1733746066364743,0.6407694426992521,0.2533425835323873,-0.4026089727196119,,-0.6133860616169762,,,,-2.091517927326465,,-3.1016257994753107,6.743721246985387,2.024235283787853,,,,,-0.0403891719152708,0.0361717687208561,,-1.586320294193762,0.0,0.0,-0.1524955221532628,0.0,0.7067948445614012,0.259174791086351,-0.0743910431754044,-0.6124186610786369,-0.7132562967196178,-0.7756786508395048,-0.6209935359770964,,-0.1235959144835944,0.483470771072802,-0.1758198756061793,,,,0.0,0.0,0.0,-0.984008236824504,-0.168000988604567,0.5193578178709691,-0.3770143570347478,0.3642734405257256,0.0,-1.5707747113495425,-1.7078920475659607,,0.8041,-0.0751515151515151
2017-12-31,0.5696340315629682,20208.85,,-0.2145603799001233,0.6794699069710216,0.5819271391539802,0.0,-0.5455587075566373,0.5065065538313006,,-0.7126407316361776,1.0830963628705317,0.0,1.7953555395057836,0.6435850080032532,,0.168600590695287,,-0.6650098595288056,0.0,0.0,,-0.1799896400337797,0.8795799905451953,0.4967235680152459,0.0,1.3440140178240487,-0.4675481767620147,0.0146994429966956,0.0,-274768.0,0.6403333328249977,0.0,0.0,0.0,0.7537299744242478,0.0,1.3486090751368132,0.0,0.0,0.0,,4.04182372894791,,0.6393281919396948,,,,0.5496511697243147,,,,,0.5912518337115024,0.576600315971585,1.371494200279595,0.860821458654347,,,,0.821450523496709,0.0,-2.1294752766679395,-18.28822938189804,0.0,0.8753301156000477,-113569.55,-0.2705574304871714,0.7180735936566495,0.6435850080032532,-0.7326651937129752,,-0.5999977907143725,-2317575.93,0.0,0.0,-2.387473405091549,17592577.92,2.037315114614501,46.43075270898471,0.7831255874319767,,,,,-0.230178881185464,0.789330900912944,,-0.7528445178983924,0.0,0.0,-0.7438197640968501,0.0,1.5274510997738235,-0.3900243732590529,-0.0809559146133388,-0.5990515054593581,-1.1196080856458357,-1.1920553425425005,-0.6074392180545304,,-0.9415797382943484,1.2403683481799033,-0.3472230631420688,,,,0.0,0.0,0.0,-0.8533460782919648,-0.168000988604567,1.2828932475991215,-0.3723369185204875,0.0067622772821053,0.0,-5.464824976247111,-5.941864896878484,,1.01,-0.1152884615384615
2017-09-30,0.5466657359754512,19928.05,,-0.2234993294915429,0.6435137425510183,0.5597801919960945,0.0,-0.5455587075566373,0.4871176009818604,,-0.6833216816268511,1.0862134367917464,0.0,1.8012180855384816,0.7228183071257032,,-0.0285334432823136,,-0.7322336603221632,0.0,0.0,,-0.1952803459394737,0.8293325357970742,0.555852785859945,0.0,1.324985442003455,-0.4675481767620147,-0.2815715975745644,0.0,-274768.0,0.480357831264449,0.0,0.0,0.0,0.701973808330472,0.0,1.3285185639845176,0.0,0.0,0.0,,4.04182372894791,,0.5952335385871291,,,,0.5496511697243147,,,,,0.5670569760248878,0.649070528559161,1.2990024474929656,0.8122276422394574,,,,0.7834755032422961,0.0,-0.3122846107863949,-3.137335443440442,0.0,-0.1913377428196877,0.0,-1.4317906471726003,0.9805562583953308,0.7228183071257032,-0.3701718492556273,,-0.6042396191191578,0.0,0.0,0.0,1.4200999863750223,94651.85,0.2776208352021037,14.372798638373514,1.0554373080780923,,,,,0.1609930669176511,0.8536537418122057,2.1754291339510976,-0.8577818490964423,0.0,0.0,-0.7550223898848196,0.0,1.225510862944006,0.5746518105849582,-0.0788759553458744,-0.603286643873387,-0.8711586092040913,-0.9372811509708144,-0.6117336554161354,,-1.0485318103259125,1.0216409389376853,-0.1854435393668394,,,,0.0,0.0,0.0,-0.4243307580090478,-0.168000988604567,1.062272053043162,-0.373818879237877,-0.2044632075034239,0.0,-5.235977953758074,-5.693041175058839,,1.22,-0.0491071428571429
2017-06-30,0.5548224352531722,19824.91,,-0.1393760787660457,0.5182191661335536,0.5730808761838095,0.0,-0.5455587075566373,0.4848288719156939,,-0.6537852072360888,1.0480095612715663,0.0,1.5191640839920673,0.9918513051229152,,-0.7154761604245377,,-0.9604889628844674,0.0,0.0,,-0.2176177387729299,0.7323292757373756,0.7944108406711661,0.0,1.2916403343484508,-0.4675481767620147,-0.2543779029922,0.0,-274768.0,-0.0771004802246776,0.0,0.0,0.0,0.6631812236037172,0.0,1.3261470209112296,0.0,0.0,0.0,,3.588759754375414,,0.5377126305582641,,,,0.5496511697243147,,,,,0.5756492626168555,0.895139779415417,1.2247030081634838,0.7624220688367406,,,,0.6546337673111453,0.0,-0.5393035307036225,-9.183182679209086,0.0,9.484683589560245,0.0,5.471236871235285,0.1422330229214984,0.9918513051229152,-0.440670291753835,,-0.6064047190341003,0.0,0.0,0.0,0.8809910599184597,12500500.58,0.5821372179180772,3.405303428820212,4.432944330314816,,,,,0.0339868780335655,-0.1360373041023503,-0.2709880691330079,-3.386233504893796,0.0,0.0,-0.0878165844805658,0.0,0.2956237992506614,0.5166782729805014,-0.0778143094697728,-0.6054483291055476,-0.1890071424839723,-0.2372947196106238,-0.6139256078194547,,-0.0341249931095011,0.0995574135996943,-0.3472230631420688,,,,0.0,0.0,0.0,-0.3792362504542366,-0.168000988604567,0.1311759477494769,-0.3745752966873778,-0.1580768851464365,0.0,5.298834005682893,5.761384108293076,,1.26,-0.1031746031746032
2017-03-31,0.2545671232758777,21010.29,,-0.1242650665501016,0.6696567041666208,0.2590946648750316,0.0,-0.5455587075566373,0.3071003834838643,,-0.6384054803965725,1.0206147281425553,0.0,0.2573758579006593,0.1326074630399177,,0.1147985156887658,,-0.2314818722691973,0.0,0.0,,-0.229330033139847,0.6143115660310594,0.0539833154248241,0.0,0.9527054317760156,-0.4675481767620147,-0.1673910757113426,0.0,-274768.0,0.5966726124486041,0.0,0.0,0.0,0.6482113300654114,0.0,1.1419877108831278,0.0,0.0,0.0,,0.903169218865912,,0.3879736744167641,,,,0.5496511697243147,,,,,0.2593595964872985,0.1092380866929304,1.0986555837155252,0.6779279689186115,,,,0.5698906001639601,0.0,-1.3624134825659489,-2.8777216396141263,0.0,2.313894053152187,0.0,0.9449199994359536,0.0257084917728863,0.1326074630399177,-0.8130620527160902,,-0.6250952754426856,0.0,0.0,0.0,0.3365579113957218,3134440.02,1.268627390746054,14.090414173097384,1.0159211100630017,,,,,-0.2419492522449069,0.9103805112800876,,-0.9474136253568936,0.0,0.0,-0.8582994939128111,0.0,1.4547205881727274,0.5529422005571031,-0.0686494889475081,-0.6241094077423625,-1.1542777604223864,-1.228879974438433,-0.6328479724440269,,-1.0999405165298115,1.2445790237462768,-0.3472230631420688,,,,0.0,0.0,0.0,-0.6055277308180472,-0.168000988604567,1.28878886082028,-0.3811051860983748,0.0505022071775231,0.0,-2.0857308836520043,-2.267800190449647,,1.18,0.2542372881355932
2016-12-31,0.1909184069389028,22502.6,,-0.2036164186810902,0.7919273080172619,0.1889852407429699,0.0,-0.5455587075566373,0.2555374564161918,,-0.6068645687529034,1.0111209921994366,0.0,0.2527333058613247,0.0131750274299676,,0.7851619363361746,,-0.1301519724842476,0.0,0.0,,-0.2387584066825429,0.5510062628136864,-0.0480847525967199,0.0,0.8763018491830049,-0.4675481767620147,0.0268197469116665,0.0,-274768.0,1.1406767211358926,0.0,0.0,0.0,0.6244099067413961,0.0,1.0885590616238157,0.0,0.0,0.0,,0.903169218865912,,0.3407560731059704,,,,0.5496511697243147,,,,,0.1923118859664634,0.0,1.021029694380792,0.6258925570217935,,,,0.5698906001639601,0.0,-2.33529963386205,-7.364227898732771,0.0,-0.1638082469312358,-116422.83,-1.4098557099109983,0.2846932552944604,0.0131750274299676,0.1463653400301019,,-0.6207650756128006,-180122.79,0.0,0.0,-0.6073805456279543,8464852.66,0.3230365623636821,30.28039344642143,1.2489394854949252,,,,,0.652172128680635,-0.2587067806339496,-0.2192178915847303,-0.8627757538518032,0.0,0.0,0.0321847594594756,0.0,0.4965721854901612,-0.4313892757660167,0.0,-0.6197860372780413,-0.7041072214895049,-0.7666544111210323,-0.6284640676373885,,0.1318738806316993,0.6332390585989264,-0.3472230631420688,,,,0.0,814.11,0.0,-1.6605654127101996,-0.168000988604567,0.6414357756398064,-0.430017608317628,0.1337499289745359,0.0,-5.329768665766244,-5.795019141737892,,0.995,0.2471910112359551
2016-09-30,0.193804956771034,0.0,,-0.1850987768469457,0.5776606136909578,0.2003823168237177,0.0,-0.5455587075566373,0.2546687095452192,,-0.5926064791575993,0.0,0.0,0.2552767703599832,0.2786228330409575,,-0.3895812121875079,,-0.3553654951200995,0.0,0.0,,-0.4972140370236652,0.5035979583237333,0.1793272766584688,0.0,0.0,-0.4675481767620147,-0.087872203383539,0.0,-274768.0,0.1873653086009684,0.0,0.0,0.0,0.6204508119776163,0.0,1.08765888053434,0.0,0.0,0.0,,0.8831370467667212,,0.2800852824223654,,,,0.5496511697243147,,,,,0.1953525844861957,0.242790078371019,0.92218273814469,0.559631904466656,,,,0.5118123212750825,0.0,-0.0122281073275575,0.0,0.0,4.081268025265165,0.0,3.347492167982383,-0.2149625340983998,0.2786228330409575,0.322302251774462,,-0.6055430976393783,0.0,0.0,0.0,2.074287570876086,0.0,7.326187892825765,0.0,0.5751266079158842,,,,,0.5404110600994818,0.3195068057969191,-0.3203856310862747,-0.3148587392910817,0.0,0.0,-0.1858106497871964,0.0,0.535815413539419,0.4696378830083565,-0.0782368011959765,-0.6045880666151979,-0.3710781109894456,-0.4241119106395644,-0.6130533002303786,,-0.1815243837191832,0.2018868552805846,-0.3262727932652199,,,,0.0,0.0,0.0,-0.2788644347189526,-0.168000988604567,0.2449109474565766,-0.3742742734166581,0.0892158200975612,0.0,0.0,0.0,,1.4,-0.15
2016-06-30,0.0596831314473413,0.0,,-0.133692546893427,0.5190121212136715,0.0650993105593964,0.0,-0.5455587075566373,0.1750762048962324,,-0.5741174603222746,0.0,0.0,0.2570966831094386,-0.2335020157403995,,-0.7111286879889154,,0.0791358975658427,0.0,0.0,,-0.4972140370236652,0.4741484526749531,-0.2558359866292923,0.0,0.0,-0.4675481767620147,0.0870060745874374,0.0,-274768.0,-0.073572479151619,0.0,0.0,0.0,0.5935171884589966,0.0,1.0051864481803787,0.0,0.0,0.0,,0.8702130647672434,,0.2426384356665828,,,,0.5496511697243147,,,,,0.0540683318514731,-0.2256215247506463,0.8611980783050339,0.5187517042996744,,,,0.4003906366799895,0.0,-0.0122281073275575,0.0,0.0,2.3534721725658443,0.0,1.9115355102386151,-0.4856304544615339,-0.2335020157403995,-0.7055881403470525,,-0.6138058258861997,0.0,0.0,0.0,-1.179189418632681,0.0,0.453635285660746,0.0,-0.1419113750074855,,,,,-0.8267960623156605,1.515046669445078,-0.2607018226403527,-0.0582609080098188,0.0,0.0,-0.9887481485012072,0.0,1.6679983701558168,-0.4172005571030641,-0.0741852138728949,-0.612837763317525,-1.1070386359444253,-1.1798391897333544,-0.6214185063410052,,-1.2437456788015109,1.2386726203327652,-0.2823990837762237,,,,0.0,0.0,0.0,-0.1902659061823582,-0.168000988604567,1.2919897911584606,-0.3771610093974062,0.0002050758225401,0.0,0.0,0.0,,1.63,-0.0981595092024539
2016-03-31,-0.0083558021456431,0.0,,-0.2184366387828046,0.6935041887212627,-0.0115699198780427,0.0,-0.5455587075566373,0.1283946650692554,,-0.5400447567068082,0.0,0.0,0.2559857251416156,-0.510924534859749,,0.2455452431639502,,0.3145091101850619,0.0,0.0,,-0.4972140370236652,0.4541226011263726,-0.5007020049700945,0.0,0.0,-0.4675481767620147,0.0925877934956477,0.0,-274768.0,0.7027743995586857,0.0,0.0,0.0,0.5112345039885753,0.0,0.9568158113655448,0.0,0.0,0.0,,0.8747364584670606,,0.2304399249372906,,,,0.5496511697243147,,,,,-0.0176040440616081,-0.4793641955700121,0.8409413601087734,0.5051729010929903,,,,0.3738820112526483,0.0,-0.0122281073275575,0.0,0.0,-0.1726272196400905,0.0,-0.9081723842941314,-0.3066476847614556,-0.510924534859749,-1.2531831311865105,,-0.6229080826714681,0.0,0.0,0.0,-0.2339303868445599,0.0,-0.5859464374581447,0.0,0.0844138363702437,,,,,-0.7541956913109381,,-0.2644302185753696,-0.373545990584966,0.0,0.0,0.0179192005536199,0.0,0.01638934044964,1.1617513927576602,-0.0697219679447944,-0.6219256644976288,0.1037451394538276,0.0623402402086944,-0.6306336531794493,,0.2690656051155063,-0.2682107242612609,-0.0696307126163682,,,,0.0,0.0,0.0,0.029508265790319,-0.168000988604567,-0.2298537017175529,-0.3803410501034709,-0.2285942313607956,0.0,0.0,0.0,,0.7062,0.6567544604927781
2015-12-31,0.0083558021456431,22445.63,,-0.1818622606155696,0.7612046471260366,0.0029086560663122,0.0,-0.5455587075566373,0.1283946650692554,,-0.525509796279643,0.9816808012482386,0.0,0.1201984776984997,-0.3274751967093786,,0.6167212204336814,,0.1588654363752001,0.0,0.0,,-0.2783064108300072,0.3820133802750067,-0.3428018747126597,0.0,0.6768430923400567,-0.4675481767620147,-0.0072644834263505,0.0,-274768.0,1.0039860266575305,0.0,0.0,0.0,0.5112345039885753,0.0,0.9568158113655448,0.0,0.0,0.0,,0.6317440569068775,,0.2058743096255181,,,,0.5496511697243147,,,,,0.0,-0.3115734727040928,0.811424227479774,0.4853865106564205,,,,0.3738820112526483,0.0,0.4128926088342543,-5.646219298881984,0.0,1.7719425575020855,20568.6,1.1774157632133715,-0.4602476451848484,-0.3274751967093786,-0.3098736809448145,,-0.519005379610503,493.46,0.0,0.0,-5.1814742225902135,5945640.49,-0.7468999711236584,-28.060391320636224,0.2095623601346401,,,,,-0.6767060471580929,-0.1097105472159533,-1.505146070594893,-0.2130905410645459,0.0,0.0,0.2409684494448043,0.0,0.4474404655066386,-0.6727889972144847,-0.1206701368764861,-0.5181868313664939,-0.5714888118143658,-0.6255077297477108,-0.5254423046813841,,0.0324604647492885,0.0339596713238313,0.6842297468084171,,,,0.0,225087.06,0.0,-1.3226396810600436,0.5526343663662603,0.0753166035424304,-0.3440407310728338,0.8823811784806233,0.0,-1.4719612299435494,-4.061558609717577,,0.678,-0.1150442477876107
2015-09-30,-0.0558049546997045,0.0,,-0.1988837770220025,0.8662926817664072,-0.0670495662494826,0.0,-0.5455587075566373,0.0916733963156315,,-0.5234848156275417,0.0,0.0,-0.2417170128488885,-0.4849082899999344,,0.0580485738888,,0.2924361827515524,0.0,0.0,,-0.4972140370236652,0.3972488355636714,-0.4845133001808006,0.0,0.0,-0.4675481767620147,-0.1539179611053178,0.0,-274768.0,0.5506196797317043,0.0,0.0,0.0,0.4953536914566858,0.0,0.91876584213049,0.0,0.0,0.0,,,,0.1692225169749537,,,,0.8009630100773191,,,,,-0.0675870952210474,-0.4555686094136484,0.7883720040934431,0.4699337802680748,,,,0.2704397443189991,0.0,-0.0122281073275575,0.0,0.0,-1.9602568227863184,0.0,-2.6719521524241063,0.0,-0.4849082899999344,-1.4950382143441094,,-0.2443469904006539,0.0,0.0,0.0,-1.4847662268244368,0.0,-2.6405853910286736,0.0,-0.0015770246675822,,,,,-0.2690304081599151,0.0,-0.8817052179858998,-0.3746340952412599,0.0,0.0,2.600464596946912,0.0,0.573518011641209,0.7033774373259053,-0.2553474994448025,-0.2439616190581228,-3.680592146999336,-3.802784197349301,-0.2473774855174573,,-0.5162934628350809,0.5118083311939807,7.083920259979134,,,,0.0,0.0,0.0,-7.933052101601546,0.282786982196291,0.5579092847952916,-0.2480837746218703,7.656662580389396,0.0,0.0,2.558330043044717,,0.5758,-0.0422021535255296
2015-06-30,0.1366826757695741,0.0,,8.498189295663115,0.888708242921533,0.1295358971329752,0.0,-0.4145232620313813,0.22186740747861,,-0.5590727769125353,0.0,0.0,-0.2417170128488885,-0.0131750274299676,,0.1809446075915283,,-0.1077958310838898,0.0,0.0,,-0.4972140370236652,0.4223658693242054,0.4121449915365717,0.0,0.0,-0.4675481767620147,-0.454841350638495,0.0,-274768.0,0.5371176782056505,0.0,0.0,0.0,0.4764416520065641,0.0,1.0536707157223322,0.0,0.0,0.0,,,,0.1462413369436297,,,,0.8009630100773191,,,,,0.1351798366086269,-0.0241009032634454,0.7505908697628151,0.444607733717474,,,,0.2637303816971369,0.0,-0.0122281073275575,0.0,0.0,2.2913911691097604,0.0,-0.838457439182885,0.1678655283582458,-0.0131750274299676,-0.7402808114940698,,0.3039314237741226,0.0,0.0,0.0,-2.72728034963789,0.0,-0.7098311041207154,0.0,0.1809379032627789,,,,,-0.6687743164046469,,0.0934456862606399,-0.3074610919513202,0.0,0.0,0.0700953285842242,0.0,-0.1246066148086657,0.192983983286908,-0.5241930678857539,0.303452078967685,-0.1353644116859951,-0.1371526865906822,0.3077009103312532,,0.155093690969141,-0.164489181678835,-0.2955306048440807,,,,0.0,0.0,0.0,-0.3106188678052865,0.1782044469551862,-0.1251024247083472,-0.0565326333538877,0.0494702969876712,0.0,0.0,0.0,,0.84,-0.0952380952380951
2015-03-31,0.1533050460075415,0.0,,-0.2141925278756228,0.9555436129130944,0.1439569893976146,0.0,-0.5455587075566373,0.22186740747861,,-0.5455504685704696,0.0,0.0,0.6698095792747624,0.1588796353020112,,0.5473776326750419,,-0.2537719358424222,0.0,0.0,,-0.4972140370236652,0.4600304687520066,0.1488180279981357,0.0,0.0,-0.0742209834407633,-0.1525294054163295,0.0,0.0,0.9477132714773836,0.0,0.0,0.0,0.4795322326264615,0.0,0.9948135518196212,0.0,0.0,0.0,,-0.1245734008941672,,0.2403312644173296,,,,0.8009630100773191,,,,,0.152689881304343,0.190247779852312,0.7683143372124478,0.4907520990907521,,,,0.2445005779564472,0.0,-0.0122281073275575,0.0,0.0,2.905418305327136,0.0,2.0442127089027653,-0.1239600424305452,0.1588796353020112,-0.4014371779660661,,0.3039314237741226,0.0,0.0,0.0,2.21108234726924,0.0,-1.1236352242217211,0.0,0.4975033389498871,,,,,0.9638215675223124,0.2414072390718009,1.8304331423451463,-0.4516332693067472,0.0,0.0,-1.4581405651892962,0.0,0.5894470507776093,0.6338788300835655,-0.5241930678857539,0.5986985772581891,0.0998524377098417,0.1042509235429031,0.3077009103312532,,-0.8728945247465287,0.6540131569289424,1.5222175980482444,,,,0.0,0.0,0.0,1.6737711911269808,-0.168000988604567,0.7015259021510455,-0.0565326333538877,-2.28875459542916,0.0,0.0,0.0,,0.9,-0.1222222222222222
2014-12-31,0.0830276825679279,41308.84,,-0.1766076471114397,0.837639889426251,0.0765032548723737,0.0,-0.5455587075566373,0.1650655288648326,,-0.5023676368671114,1.4989033084093868,0.0,1.000074312424786,-0.1402285297256436,,-0.0990438365462557,,0.0,0.0,0.0,,-0.2545024985883535,0.4991806791430063,-0.0843799872066438,2301867.31,0.8876940692404889,0.0497183335142191,0.0664307038533795,0.0,0.0,0.4231382061188876,0.0,0.0,0.0,0.4577782175317746,0.0,0.9948135518196212,0.0,0.0,0.0,,-0.1102734456111449,,0.2221704105035283,,,,0.8009630100773191,,,,,0.0786595380194861,-0.0653748397711017,0.7683143372124478,0.4564884082821753,,,,0.2445005779564472,33855.09,-7.112875609439462,-10.195174733169075,0.0,2.842904921940174,-412019.62,-1.268629684815639,0.1125038139565911,-0.1402285297256436,-1.2154215736008689,,0.5996443050139737,118750.54,0.0,0.0,-0.1011392577531363,5267618.97,-1.2067342086346406,178.57393768963678,0.5919474463673703,,,,,-0.3311326588124565,-0.3601450016120027,32.6176758388154,-0.7405014011037053,0.0,0.0,-9.951169657584392,0.0,0.253501146898078,-0.1230327298050139,-0.6691943949430991,0.5986985772581891,9.470621883359687,9.73614029098167,0.6070813482743966,,-3.7998934269504434,0.2967616825659054,4.342195814152395,,,,0.0,439899.32,0.0,4.586602520552562,0.3105206944947083,0.3407276800921081,0.0467800968662011,-24.26391690902405,0.0,-22.9500789419228,-24.95345579013378,,0.94,0.1393617021276595
2014-09-30,0.2877154831208462,0.0,,-0.1958915261665794,-0.0356134031918232,0.3208677066788291,0.0,-0.5455587075566373,0.1650655288648326,,-0.2571550930594752,0.0,0.0,4.147349870379953,0.102136352790114,,0.2726566422366764,,-0.2056293094190805,0.0,0.0,,-0.4972140370236652,0.5639471090777807,0.1472665623016368,0.0,0.0,0.2116933882498601,0.0896319571279994,0.0,0.0,0.7247754694762241,0.0,0.0,0.0,0.4581133336356642,0.0,0.9948135518196212,0.0,0.0,0.0,,-0.0940616025909999,,0.4012514249134268,,,,0.0777228140963208,,,,,0.2942781582907958,0.1797673924579559,0.8049217817451272,0.4810276885541704,,,,0.1757953881474058,0.0,-0.0122281073275575,0.0,0.0,3.259174710999881,0.0,1.7940117674155165,-0.1394229339036462,0.102136352790114,-0.0805561727799834,,0.5996663978702487,124118.22,0.0,0.0,0.3291794619181872,0.0,-2.276317836363301,0.0,1.3878465167052647,,,,,0.4299769626861179,-0.150191474471381,0.5440098087760251,-1.0269522734882344,0.0,0.0,-0.395204842768131,0.0,0.0652161289638241,0.2925661559888579,-0.6692052280642837,0.5987206352707621,-0.0605959640007719,-0.0457700859638986,0.607103715135655,,-0.1624723794577024,0.1080990697486233,0.1779154124568449,,,,0.0,0.0,0.0,0.2852053149637401,-0.0497740332418285,0.1501920485881843,0.0467878154116042,-0.6200878952362976,0.0,0.0,0.0,,1.34,-0.1044776119402986
2014-06-30,0.1947282199959662,0.0,,-0.2150314631251753,-0.0996278994338556,0.227994825945148,0.0,-0.5455587075566373,0.1017408385607196,,-0.2346020803224666,0.0,0.0,4.390302540931183,-0.1560773022716534,,-0.0783106002597264,,0.0134465526521325,0.0,0.0,,-0.4972140370236652,0.5280417935117908,-0.0426340029648293,0.0,0.0,0.4476159755919361,0.1690078494640656,0.0,0.0,0.4399633570427903,0.0,0.0,0.0,0.4592563668296963,0.0,0.9291975586997464,0.0,0.0,0.0,,-0.0798452223915742,,0.3437680941852655,,,,0.0,,,,,0.1963251521828017,-0.0222286840064121,0.7083563813592355,0.4162964445436402,,,,0.1238343531289462,0.0,-0.0122281073275575,0.0,0.0,-0.1002282207126683,0.0,-0.8324967626093721,0.0274920625432195,-0.1560773022716534,-0.7934937092020476,,0.584245584190352,130259.58,0.0,0.0,-0.8150461677129951,0.0,-0.794341711568354,0.0,0.350414426335134,,,,,-0.8606789714742239,-0.4115718206194808,0.004765862629978,-0.4476801603095804,0.0,0.0,0.1064077550549465,0.0,-0.2982955797439136,0.4782033426183844,-0.6616437094773561,0.5833241424947613,0.0598346961165742,0.0770644028923087,0.59149164597732,,0.4236750696525855,-0.2765790838987848,-0.0126662710979708,,,,0.0,0.0,0.0,0.0883483692246114,0.2538602360293404,-0.2383051413768339,0.0414002707202615,-0.1768994494955069,0.0,0.0,0.0,,1.4,0.0
2014-03-31,0.2198588657916942,0.0,,-0.1948083255410739,0.1803046840368166,0.2427545361577129,0.0,-0.5455587075566373,0.0996571690351634,,-0.1994198916113274,0.0,0.0,4.316928651326743,0.2268256236723916,,1.4564537527101582,,-0.3114192588430628,0.0,0.0,,-0.4972140370236652,0.4571679142507386,0.2530974750727229,0.0,0.0,0.1743403680733115,0.1867538661308583,0.0,0.0,1.685434228762008,0.0,0.0,0.0,0.4057152052339102,0.0,0.9270384949191516,0.0,0.0,0.0,,-0.0131324889090694,,0.2903940042099704,,,,0.3398784560036572,,,,,0.2227978347675216,0.2884023988122146,0.6151272968327496,0.3538016524623556,,,,0.1238343531289462,0.0,-0.0122281073275575,0.0,0.0,-0.1464914789655583,0.0,-1.311705194161181,0.477490172254278,0.2268256236723916,1.6576850031233883,,0.93424061329769,0.0,0.0,0.0,15.11833817194722,0.0,-2.669257263628712,0.0,1.6908391556138451,,,,,2.9738490919139577,-0.0062907423862358,5.805595835985947,-0.7850596246996377,0.0,0.0,-2.1739834565148146,0.0,-0.708492296407386,1.6860376044568246,0.1847913811687854,0.9327671776772912,2.0217190580322826,2.1078860059176776,0.945827462032253,,-1.041145916086874,-0.1209860285058439,5.094055061377943,,,,0.0,0.0,0.0,5.3632181547195845,-0.0174329823198665,-0.081167377703271,0.0409371579960773,-5.551803524299852,0.0,0.0,0.0,,1.3899,-0.0718756745089573
2013-12-31,0.2198588657916942,63970.63,,-0.1948083255410739,0.1803046840368166,0.2427545361577129,0.0,-0.5455587075566373,0.0996571690351634,,-0.1994198916113274,0.0,0.0,4.48110962212727,0.2268256236723916,,1.4564537527101582,,-0.3114192588430628,0.0,0.0,,-0.2508940169975379,0.450578572814428,0.2530974750727229,8893435.94,1.173072558412858,0.1743403680733115,0.1867538661308583,0.0,0.0,1.685434228762008,0.0,0.0,0.0,0.4057152052339102,0.0,0.9270384949191516,0.0,0.0,0.0,,-0.0131324889090694,,0.2903940042099704,,,,0.3398784560036572,,,,,0.2227978347675216,0.2884023988122146,0.6151272968327496,0.3538016524623556,,,,0.1238343531289462,21241.65,0.4966145909860057,-13.826073758811892,0.0,-0.1464914789655583,0.0,-1.311705194161181,0.477490172254278,0.2268256236723916,1.6576850031233883,,0.93424061329769,129572.63,0.0,0.0,15.11833817194722,5022399.51,-2.669257263628712,68.47903375443225,1.6908391556138451,,,,,2.9738490919139577,,5.805595835985947,-0.7850596246996377,0.0,0.0,-2.1739834565148146,0.0,-0.708492296407386,1.6860376044568246,0.1847913811687854,0.9327671776772912,2.0217190580322826,2.1078860059176776,0.945827462032253,,-1.041145916086874,-0.1209860285058439,5.094055061377943,,,,0.0,0.0,0.0,5.3632181547195845,-0.0174329823198665,-0.081167377703271,0.5581422202195171,-5.551803524299852,0.0,-10.651649689933004,-11.581462107487924,,1.17,0.188034188034188
2013-09-30,0.2420116072888239,0.0,,0.4702623189135727,0.0015772132335505,0.27251708394719,0.0,-0.5455587075566373,0.0986168667065867,,-0.1423437369676547,0.0,0.0,4.6441253323718685,0.4762310546199254,,0.4765587091092169,,-0.523021971244168,0.0,0.0,,-0.4972140370236652,0.3832185309297498,0.5672160664998439,0.0,0.0,0.1652497952150348,2.2173364614789217,0.0,0.0,0.8902432720621214,0.0,0.0,0.0,0.3238675631104245,0.0,0.9259605509117408,0.0,0.0,0.0,,-0.0146833667490067,,0.2282802498677175,,,,0.1228775764743296,,,,,0.2461335858183187,0.5152025038110839,0.5114698888494951,0.2843163819322347,,,,0.06168760352795,0.0,-0.0122281073275575,0.0,0.0,0.4196049338577047,0.0,-0.3545268826807239,0.5681846897089531,0.4762310546199254,0.465005471170495,,0.9039292144884952,0.0,0.0,0.0,-0.1749237525284814,0.0,-1.4423975965053482,0.0,0.7946123607136594,,,,,0.9790420636180074,,0.6595399778359388,-0.4395976603497085,0.0,0.0,-0.1867295297225623,0.0,-0.1232968615451257,,0.0,0.9025035844270431,0.2581001994863041,0.2963784862650349,0.9151401283857836,,-0.1068180450726898,-0.2252919097382972,-0.2337734513071293,,,,0.0,0.0,0.0,-0.1400391828480242,-0.0567024741594654,-0.1865087946031128,0.0116837937329888,-0.744423929605438,0.0,0.0,0.0,,1.37,-0.1094890510948906
2013-06-30,0.2301870644676915,0.0,,1.1531032694687935,-0.1774050263631985,0.2674332627620793,0.0,-0.5455587075566373,0.0433720184143109,,-0.1251010716031484,0.0,0.0,4.545712026769779,0.5691888808330711,,-0.5047331353129759,,-0.6018900539915326,0.0,0.0,,-0.3914987099982145,0.3135573476362047,0.6540317966492415,0.0,0.0,-0.0356122721824105,2.0463653867436924,0.0,0.0,0.0939188027594066,0.0,0.0,0.0,0.3095258241281108,0.0,0.8687167559867925,0.0,0.0,0.0,,-0.0146833667490067,,0.1896849395335988,,,,-0.0944326290473256,,,,,0.2336775840363638,0.5711275331778728,0.4489187934318577,0.2423861439336916,,,,0.0398705160232772,0.0,-0.0122281073275575,0.0,0.0,2.339588249314742,0.0,1.2898572140344116,0.3966540152383991,0.5691888808330711,-1.2581134733338084,,0.9020955074176764,0.0,0.0,0.0,-2.4326873696456457,0.0,-1.0505512923698874,0.0,0.4088086821950384,,,,,-1.4254105402551067,0.1282525103993835,-0.0127384404989271,-0.6158982115265315,0.0,0.0,-0.2758723434068932,0.0,0.1384243665335505,-0.2640320334261838,-0.8174998239617808,0.9006727693834785,-0.3116171185051001,-0.288414570092967,0.9132836789013398,,-0.2059648481874475,0.2019197959397773,-0.191026539005474,,,,0.0,0.0,0.0,-0.0958847476550856,-0.0586852441941548,0.2449442151464899,0.1524469834342263,-0.1800265292353872,0.0,0.0,0.0,,1.26,0.1271186440677967
2013-03-31,0.181240016725544,0.0,,0.4467881254923837,0.0380966315523988,0.2087353158428596,0.0,-0.5455587075566373,0.0417128000884051,,-0.1048641047066322,0.0,0.0,4.746052229810925,0.393377607173381,,0.6767808509265726,,-0.452726732905275,0.0,0.0,,-0.4972140370236652,0.305571446498592,0.5135995405133963,0.0,0.0,0.372792308937598,1.919676865218673,0.0,0.0,1.052724792449404,0.0,0.0,0.0,0.3331081557286694,0.0,0.8669975014948376,0.0,0.0,0.0,,0.0323599277290926,,0.1708372860215348,,,,0.167217407723957,,,,,0.1821166464914452,0.4694871520216125,0.4145313587764013,0.2193350157378443,,,,0.0362562589155876,0.0,-0.0122281073275575,0.0,0.0,-0.1240334882612322,0.0,-1.4064326540492649,0.655092913908746,0.393377607173381,-0.9026278388247674,,0.9020955074176764,0.0,0.0,0.0,1.1526731158227914,0.0,-1.6641413589083514,0.0,1.013553867555499,,,,,-0.4660459542427509,-0.4365775216047683,-0.6168594232628327,-0.969718644408581,0.0,0.0,-0.9836672216930676,0.0,0.0706656899372891,,0.0,0.9006727693834785,-0.0214621034663277,0.0093722096748778,0.9132836789013398,,0.0226664087007995,-0.0087600670414024,1.9453809281928096,,,,0.0,0.0,0.0,2.110867973814903,-0.0638291656000918,0.0321727489887707,0.7541809237848444,-2.35513123872981,0.0,0.0,0.0,,2.16,-0.089622641509434
2012-12-31,0.2226936029358808,0.0,,0.4070353895166186,0.1617193517106215,0.2463943366933725,0.0,-0.5455587075566373,0.0344673629868415,,-0.0708900134512759,0.0,0.0,5.343713703985751,0.658265925712822,,1.3545574132819491,,-0.6774655706818465,0.0,0.0,,-0.4972140370236652,0.235700312258981,0.81534074481079,0.0,0.0,0.8674545607779343,2.1460554363673734,0.0,0.0,1.6027447119986884,0.0,0.0,0.0,0.3885155887883933,0.0,0.8594898998196691,0.0,0.0,0.0,,0.1535868788841951,,0.1352579818828182,,,,0.317313186977003,,,,,0.2257839536774434,0.7834256026049277,0.3210672279823834,0.1566826637309903,,,,0.0362562589155876,0.0,7.425832310083839,0.0,0.0,0.5840795256822786,0.0,-0.8393129093742141,0.8230948616324891,0.658265925712822,0.4374106480297497,,1.24327548687132,97762.55,0.0,0.0,-3.680316099483299,0.0,-1.263538273440524,0.0,0.6913276675244813,,,,,2.045459022583134,-0.4800622783496237,-1.4173887670651482,-0.3702704125927275,0.0,0.0,-4.874492408692166,0.0,0.2558462151027532,,-1.1071558181985603,1.2413146575493548,4.173254015048368,4.331317733774533,1.2586951173141874,,-0.6947871079035913,0.2253234181949163,10.197079887243802,,,,0.0,0.0,0.0,10.634269719136924,-1.0701114828185825,0.2685801856192455,2.129346843566465,-11.440554462325808,0.0,0.0,0.0,,3.17,-0.110410094637224
2012-09-30,0.2380076193610625,0.0,,0.4727747627805169,-0.3022146212219847,0.2803700112074041,0.0,-0.1400015277108307,0.0494139063894886,,0.0385985398212865,0.0,0.0,5.4465093649701775,0.83046041219629,,-1.1890168822171547,,-0.8235603059167113,0.0,0.0,,1.4309816825613852,0.1950520391300824,0.9803187513710954,0.0,0.0,1.0898173821357178,1.5389706402960237,0.0,0.0,-0.4549996520935715,0.0,0.0,0.0,0.1445540753776305,0.0,0.0,0.0,0.0,0.0,,0.1900325081227226,,0.1070281226361815,,,,,,,,,0.2419157753272449,0.9731351249105776,0.2713079832458913,0.1233272610717978,,,,0.1213414538208334,0.0,-0.0122281073275575,0.0,0.0,0.5185895602431176,0.0,-0.7798665442999598,0.9816170688734622,0.83046041219629,-1.165709386516185,,1.2263523589647287,98747.84,0.0,0.0,-3.964910441973316,0.0,-1.5526074107751762,0.0,0.9301333937552464,,,,,-0.9349291643638472,1.1433424286983669,-0.3106593808210134,-0.9784195392507566,0.0,0.0,-1.3054168857731705,0.0,1.3982922937443176,,0.7323298252075897,1.2244182199183853,-0.7565568727882982,-0.7289970586690477,1.2415621015902838,,-1.6368208084779978,1.362824532627544,0.4563490369006959,,,,0.0,0.0,0.0,0.5728068928106848,0.4287013090183686,1.4173742680204209,1.9744157234797144,-0.8492999664955743,0.0,0.0,0.0,,2.76,-0.0814814814814815
2012-06-30,0.2405310091746595,0.0,,0.4419522526327445,-0.2158188399476445,0.2795572233968768,0.0,0.3048230884518231,0.0019266575300051,,0.0788172582751127,0.0,0.0,5.281043362691688,0.9929385884432164,,-0.7153415290200797,,-0.961411445201112,0.0,0.0,,1.582368798681302,0.116934261115694,1.1219260806413789,0.0,0.0,1.2113289892444692,1.0771645142907815,0.0,0.0,-0.0888680253780269,0.0,0.0,0.0,-0.3748091372766048,0.0,0.0,0.0,0.0,0.0,,0.2458641103604671,,0.0701157737177935,,,,,,,,,0.2445739202120146,1.1393477026490697,0.2085230362539983,0.0812402639933474,,,,0.0242525216990837,0.0,-0.0122281073275575,0.4562267236646363,0.0,-0.1130395662018829,0.0,-1.4565699053107308,1.2480512104806052,0.9929385884432164,-1.2135056158106343,,0.8644934660377567,19667.62,0.0,0.0,-3.232075293723077,0.0,-1.6203771127344666,0.0,0.8888245192975545,,,,,-1.119203051212879,0.6723230925289571,1.9539977835938789,-0.960568315034458,0.0,0.0,-1.424133673068874,0.0,0.9088453402543676,,0.2415786024190359,0.8631300319841182,-0.1115070865083926,-0.0849035751177407,0.8752152810396117,,-1.5301814660171402,0.909023986170652,1.4391252280840177,,,,0.0,0.0,0.0,1.5879428478136075,0.0288372421463311,0.9590684468255752,3.365117299892272,-1.84604161210496,0.0,0.0,0.0,,2.06,-0.1116279069767441
2012-03-31,0.3164031612395387,0.0,,0.3848290497134709,-0.0918891694358278,0.3525132578785849,0.0,1.0191358951463574,0.0212062521264377,,0.1361287521148731,0.0,0.0,5.558552578659373,1.1093080580135084,,-0.0358820741089785,,-1.0601426368523943,0.0,0.0,,1.5998356103855873,0.0802608527249853,1.6919177824616447,0.0,0.0,4.668699459343439,1.024349905035164,0.0,0.0,0.4743943713861177,0.0,0.0,0.0,-0.3678582102234821,0.0,0.0,0.0,0.0,0.0,,0.4827787939856957,,0.0,,,,0.0093959323010872,,,,,0.3244978272599815,1.746642225487663,0.1546673424262916,0.0,,,,0.0226631171312117,0.0,0.4232730270193662,4.015334872027736,0.0,0.8273727803599095,0.0,0.9251143368813411,0.9817870309126188,1.1093080580135084,-2.364331741593054,,1.377931445866979,20185.71,0.0,0.0,-2.941024807940218,0.0,1.3526769597512949,0.0,0.8870523089285051,,,,,-1.7565322549754578,-0.373355560623098,-32.521111857772745,-1.268447302252326,0.0,0.0,11.138438586498038,0.0,0.2696973640838037,,0.3739485101750091,0.8063747656336164,-12.18523172290702,-12.450765533904091,1.3950211366838892,,15.38888894893681,0.3717833177760328,-0.3011059565380048,,,,0.0,0.0,0.0,-0.4515638906882804,0.1366922350407358,0.4164941206590185,0.6138712758114913,28.683188550238025,0.0,0.0,0.0,,2.53,-0.1169811320754717
2011-12-31,0.3164031612395387,0.0,,0.3848290497134709,-0.0918891694358278,0.3525132578785849,0.0,-0.5455587075566373,-0.0019266575300051,,0.1361287521148731,0.0,0.0,5.414525934791627,1.1093080580135084,,-0.0358820741089785,,-1.0601426368523943,0.0,0.0,,1.5998356103855873,0.0,1.6919177824616447,0.0,0.0,4.668699459343439,1.024349905035164,0.0,0.0,0.4743943713861177,0.0,0.0,0.0,-0.3678582102234821,0.0,0.0,0.0,0.0,0.0,,0.4827787939856957,,0.0,,,,0.0093959323010872,,,,,0.3244978272599815,1.746642225487663,0.0873296505885391,0.0,,,,0.0226631171312117,0.0,-0.0122281073275575,2.46458874854348,0.0,0.8273727803599095,0.0,0.9251143368813411,0.9817870309126188,1.1093080580135084,-2.364331741593054,,1.377931445866979,0.0,0.0,0.0,-2.941024807940218,0.0,1.3526769597512949,0.0,0.8870523089285051,,,,,-1.7565322549754578,-0.373355560623098,-32.521111857772745,-1.268447302252326,0.0,0.0,11.138438586498038,0.0,0.2696973640838037,,0.3739485101750091,1.3757582441821992,-12.18523172290702,-12.450765533904091,1.3950211366838892,,15.38888894893681,0.3717833177760328,-0.3472230631420688,,,,0.0,0.0,0.0,-0.4515638906882804,0.1366922350407358,0.4164941206590185,0.1603977798684744,28.683188550238025,0.0,0.0,18.89530553232999,,2.1599,0.1486486486486484
2011-09-30,0.1126757311416455,0.0,,-0.0753581948183869,-0.0345221946847965,0.1412560822501626,0.0,1.2382623079496278,-0.0483297433686343,,-0.0651671198447517,0.0,0.0,5.43318747262444,0.9931127919357996,,0.2786393252722779,,-0.9615592444346744,0.0,0.0,,1.3254704822219363,-0.07426770290698,0.9502317075771516,0.0,0.0,0.0150410085303321,1.7975114607399627,0.0,0.0,0.6555822639146468,0.0,0.0,0.0,0.2978167195647535,0.0,0.0,0.0,0.0,0.0,,0.0314983289291274,,-0.0341322147128048,,,,,,,,,0.1098908635305003,0.9662047076542586,0.0116620947649783,-0.0507226708543833,,,,0.0,0.0,4.295221235777885,0.5799725936852627,0.0,-0.0118001430103682,0.0,0.8334474156104509,0.8830387113841727,0.9931127919357996,-0.5962695421405902,,0.5722270703767937,0.0,0.0,0.0,-6.592476916143503,0.0,1.754573705326149,0.0,0.5808578665131392,,,,,-0.5426518629580787,0.2280394115010497,-12.440372191176817,-0.5659124182759906,0.0,0.0,4.024585768247958,0.0,0.4729240240156474,,0.3025582415677693,0.5713245836550127,-4.940102397993836,-5.054978158866887,0.5793240734527724,,5.550895116338643,0.4098125927127384,-0.3472230631420688,,,,0.0,0.0,0.0,-0.446705533523981,0.0785234484645735,0.4549009454532831,-0.0257513830282616,10.924729988942886,0.0,0.0,5.763446906354515,,2.56,-0.046875
2011-06-30,0.0436546928588672,0.0,,13.412882811824815,-0.0223250108008155,0.0699690080587828,0.0,1.3010617590273224,0.0142664589160833,,-0.128394910453729,0.0,0.0,0.4592829301712879,0.8919001786137988,,0.3455118657949283,,-0.8756875638270257,0.0,0.0,,1.3151782942623194,-0.1024280601622019,1.6350396864675734,0.0,0.0,0.2248826920173577,0.8829014489784835,0.0,0.0,0.1804526798662008,0.0,0.0,0.0,0.2971157307530244,0.0,0.0,0.0,0.0,0.0,,0.0271903349293015,,-0.3096185324964652,,,,,,,,,0.0371839361805317,0.904030339526062,-0.048957682624933,-0.0913582772559457,,,,-0.0117097361265581,0.0,0.713657953577889,0.0,0.0,2.617861994994637,0.0,2.980636467472156,0.4418843430810248,0.8919001786137988,-0.5926262876116769,,0.5050426944447513,0.0,0.0,0.0,-0.8923731566977247,0.0,1.007134053808298,0.0,0.6566005307205343,,,,,-0.0403727557771126,6.4414056663862045,-0.7236831246610549,-0.6212108881428976,0.0,0.0,-4.384597092765982,0.0,6.267041585232418,,0.1332473905719346,0.5042461674203155,-4.760067874388667,-4.873535899994748,0.5113064483661007,,-6.172075483118548,6.184366005096493,0.0377668256376951,,,,0.0,0.0,0.0,-0.6548907462120613,-0.0594310227643855,6.286783397687028,0.0346654539288129,0.3000337656688704,0.0,0.0,0.0,,3.31,0.1087613293051359
2011-03-31,-0.0281484060081297,0.0,,13.09675398068233,-0.0293096660968474,-0.0034169052512962,0.0,1.2650999728699628,-0.0720966781621491,,-0.0284144125290471,0.0,0.0,0.3917700604585555,0.4397366713501061,,0.3072176456894109,,-0.4920590910135295,0.0,0.0,,1.1331852198727783,-0.1612001397578727,1.46794658152285,0.0,0.0,1.9376610919479944,1.1339385694714346,0.0,0.0,0.1453453363365195,0.0,0.0,0.0,0.1998174104758694,0.0,0.0,0.0,0.0,0.0,,4.98983916535201,,-0.3482389021783394,,,,,,,,,-0.0384536204646857,0.7385865882082511,-0.1652135551325078,-0.2796909040582634,,,,-0.0412533317457954,0.0,0.5398728058412449,0.0,0.0,0.2035752592062924,0.0,-0.8880282939715204,0.6176547927631962,0.4397366713501061,-0.5519488686625609,,0.4729196814210125,0.0,0.0,0.0,-2.360768448743882,0.0,-1.5017113225978878,0.0,0.6663605737966163,,,,,-0.1648727475690435,-0.359673195933035,0.1871477918464549,-0.6175337477179793,0.0,0.0,-0.1320905534298209,0.0,-0.0894247835200745,,0.1332473905719346,1.064696150876806,-0.0277111105661636,-0.0182979673302169,0.4787850320964459,,-0.0676994668825509,-0.049582136996621,-0.0416774746996429,,,,0.0,0.0,0.0,-0.3098894559166627,-0.0594310227643855,-0.0090545973416222,0.5883021276401961,-0.2869663865052271,0.0,0.0,0.0,,4.02,0.082089552238806
2010-12-31,-0.0283978883217759,0.0,,12.810950405172283,-0.0487196717063651,-0.0029086560663122,0.0,1.1651639786858,-0.0999772525356907,,-0.0113724092645473,0.0,0.0,0.3856753333570464,0.6198935250775363,,0.2007999349281545,,-0.6449093267182721,0.0,0.0,,1.3366752048844377,-0.2214060396859183,1.58865435418723,0.0,0.0,1.867929916552021,0.8242659042900184,0.0,0.0,0.0374283585324034,0.0,0.0,0.0,-0.37328648906233,0.0,0.0,0.0,0.0,0.0,,0.0271903349293015,,-0.3825695053476976,,,,,,,,,-0.0387164257325384,0.893264134563684,-0.1652135551325078,-0.1692887494630943,,,,-0.0412533317457954,0.0,0.2713258151618977,0.0,0.0,0.2013150995113812,0.0,-0.8155395337687458,0.78186566880648,0.6198935250775363,-1.6918787706007388,,1.0663779866780076,0.0,0.0,0.0,-0.6810811943865092,0.0,-0.8421343917229346,0.0,0.6995565450977917,,,,,-2.553716340076718,0.2555614094408316,-6.152030133691731,-0.9484668115407804,0.0,0.0,-0.7236387853803286,0.0,0.5363788107303873,,0.375855139503518,1.064696150876806,-0.1733606352002166,-0.1383848066249978,1.079603659218502,,-0.913663219795926,0.4459098263776625,-0.3472230631420688,,,,0.0,0.0,0.0,-1.0623844658967023,0.1382457565031644,0.4913565479130672,3.657637357883248,-0.9530944570095112,0.0,0.0,0.0,,4.73,-0.0549682875264272
2010-09-30,-0.0268781410981907,0.0,,0.3186066271290199,0.4194660752074409,-0.0197824121874102,0.0,3.265924409921692,-0.1313628430476568,,0.0113724092645473,0.1085790439556057,0.0,0.4231046471230652,0.7882023325549955,,2.43781291283458,,-0.7877073405703355,0.0,0.0,,1.2759676978158587,0.030253446600214,0.9712516565908004,0.0,0.0,1.830214922654644,0.7349254063759453,0.0,0.0,2.0324930264506533,0.0,0.0,0.0,-0.3467073517641301,0.0,0.0,0.0,0.0,0.0,,0.0271903349293015,,-0.2066825146138896,,,,-0.2685552115839478,,,,,-0.0371155203604281,1.0417430233921126,0.119598007679392,0.0216306346612745,,,,-0.1274561943707126,0.0,13.477441579924497,0.0,0.0,5.237836372303659,0.0,3.386938392045068,0.2759195037670624,0.7882023325549955,2.4354276107545183,,0.0663890331061451,0.0,0.0,0.0,-0.7884669803905128,0.0,-4.055285292111844,0.0,1.3690821592690725,,,,,3.3341805884638327,0.6737385095658601,-0.7285433024451203,-0.337033658872995,0.0,0.0,-0.5544086051751589,0.0,0.6304080594374742,,0.1994594272528829,0.0662843277820668,-0.4459478478189249,-0.4676705271635415,0.0672124180813706,,-0.6795656805957426,0.5236540786801966,-0.3472230631420688,,,,0.0,0.0,0.0,0.0793452672491428,-0.0054814592509555,0.5698726353723775,0.4250151418564445,-0.2435765223451008,0.0,0.0,0.0,,2.83,0.0067137809187279
2010-06-30,-0.2217973553451328,0.0,,0.2428697628194831,-0.2158930196164297,-0.1947303256592453,0.0,0.0,-0.2531872811484345,,0.0370153029115112,0.1031794231645312,0.0,0.4316541979628362,0.2696301299249309,,-1.039935040347349,,-0.3477358281800504,0.0,0.0,,1.0198981382644567,-0.0670433489384182,0.3442468330373894,0.0,0.0,0.5547377630751638,0.6314958800452861,0.0,0.0,-0.3692707965477576,0.0,0.0,0.0,-0.3442444676231447,0.0,0.0,0.0,0.0,0.0,,0.0271903349293015,,-0.2626315287571135,,,,-0.269814255331836,,,,,-0.2424438883763217,0.3826601842117941,0.0251912638902001,-0.0416535845729121,,,,-0.1577826246802205,0.0,-0.0122281073275575,0.0,0.0,0.4827571207245859,0.0,0.1381710681861446,0.2880448992110585,0.2696301299249309,-0.0823715113427216,,0.0319683630298143,0.0,0.0,0.0,-1.936444719273055,0.0,-0.4655583885772565,0.0,0.1534580305043756,,,,,-0.4520867647622122,-0.177556203851507,2.261412133644573,-0.1102809838786481,0.0,0.0,-0.6223984276943328,0.0,-0.1164199308842331,,0.8313878853205792,0.0319179441932281,0.8506480905930106,0.8613241241661852,0.0323648482408463,,-0.7736165769730876,-0.2355464801652475,-0.3472230631420688,,,,0.0,0.0,0.0,1.7321425750082948,0.5094138104527279,-0.1968651711152559,3.477831295598754,-1.9512886141772705,0.0,0.0,-0.5944924826582435,,0.8979,1.2385566321416637
2010-03-31,-0.2185038236227385,0.0,,0.1421040286688455,-0.1713100155086666,-0.1931068447483134,0.0,0.2348829062327967,-0.2387903327039308,,0.1745000811322729,0.1063137124198512,0.0,0.4816631700756423,0.2820581182320736,,-0.7898179390736798,,-0.3582800894877917,0.0,0.0,,0.8477904848840971,-0.0653008117540948,0.3907138957989576,0.0,0.0,0.8711415996328119,0.3774836758781068,0.0,0.0,-0.1483234699907205,0.0,0.0,0.0,-0.3444578006633087,0.0,0.0,0.0,0.0,0.0,,7.725011265404309,,-0.2718002025939261,,,,-0.2710732990797241,,,,,-0.2389744741567926,0.4398637509234283,-0.3370850588180739,-0.2845003697646507,,,,-0.1635332155357222,0.0,-0.0122281073275575,0.0,0.0,0.0449481587415087,0.0,-0.1223137295915129,0.341709054502769,0.2820581182320736,0.1282958037589666,,-0.0367625128414727,0.0,0.0,0.0,6.84007420372486,0.0,-0.2779078783261552,0.0,-0.1096560850869731,,,,,0.780778891035147,0.7467111212461961,-5.195515314423145,0.1418151804679582,0.0,0.0,1.0396595143532017,0.0,1.1635589527567205,,0.7088544516003228,-0.0367045329215837,-2.4235832047672003,-2.502431412714253,-0.0372184571339104,,-0.8117969664511067,0.8258975165965424,3.637394370730296,,,,0.0,0.0,0.0,-0.4283859721190863,0.4095735760122163,0.8751167081186905,0.0184698616659137,4.182145210663159,0.0,0.0,0.6232979143441101,,0.91,0.1208791208791208
2009-12-31,-0.238160387275006,0.0,,0.5739346220231757,-0.1310345480296729,-0.2148576701371146,0.0,0.3857206449046892,-0.2618200707316571,,0.0586824422178985,0.1206175907363397,0.0,0.4910367228493454,0.337061478539659,,-0.6291970639134544,,-0.4049465160689706,0.0,0.0,,0.953657913840674,-0.0953352480830632,0.3453723523907392,0.0,0.0,-0.0046347187973498,1.2747271178739426,0.0,0.0,-0.0459177306112611,0.0,0.0,0.0,-0.3106209555474803,0.0,0.0,0.0,0.0,0.0,,-0.1276329382328436,,-0.282485916365259,,,,-0.2577430879926854,,,,,-0.2596807454759832,0.3633013580418844,-0.0060974832523994,-0.0626275516250624,,,,-0.1635332155357222,0.0,2.0810321348078045,0.0,0.0,1.3117697533071149,0.0,1.344658422973605,0.1614393892085255,0.337061478539659,-0.0100095169019339,,0.1912578567720127,0.0,0.0,0.0,-2.142244767484515,0.0,0.1514447386691078,0.0,-0.4593341117756009,,,,,0.5472730058496172,-0.3483498596378105,0.204932093089057,0.3644694405638319,0.0,0.0,-0.0635694057779524,0.0,-0.712774405469669,,0.9197319885818904,0.1909562148450424,0.3045364742208465,0.3087379851882977,0.1936299179136192,,-0.0005836657886459,1.459849095975833,-0.3472230631420688,,,,0.0,0.0,0.0,-0.0464006024889534,11.33704354273508,-0.2471283113103636,8.975168899140147,-0.6620670467318164,0.0,0.0,0.0,,1.05,0.0857142857142855
2009-09-30,-0.2790327446812835,0.0,,0.4196212066314094,-0.2780253986070081,-0.2510004028389405,0.0,-0.3673459711894809,-0.2865962284344395,,0.0764178054250952,0.1177915866389576,0.0,0.4845895506161964,0.1522931299313891,,-1.4311065860000167,,-0.2481837560005755,0.0,0.0,,0.8880858359116502,-0.1029137446563311,0.1775406799335829,0.0,0.0,0.0,0.9937191914206506,0.0,0.0,-0.6670802470247171,0.0,0.0,0.0,-0.3180127490704144,0.0,0.0,0.0,0.0,0.0,,-0.1276329382328436,,-0.283967512208286,,,,-0.2586257230029218,,,,,-0.3027357848450686,0.1949756275524797,-0.0089597371119837,-0.0645462228288728,,,,-0.2265422385320869,0.0,-0.0122281073275575,0.0,0.0,-0.0561492968656894,0.0,0.0073411210889853,0.1944278591955389,0.1522931299313891,0.0698339363499536,,0.1808300286102488,0.0,0.0,0.0,-2.642428180646243,0.0,0.3253692792587996,0.0,-0.5341171445342292,,,,,-0.7090403672837311,,0.6893406191789866,0.4414855106643549,0.0,0.0,0.007099962312379,0.0,-0.1884766891435524,,2.7279207448854126,0.1805448329105547,1.016103374634426,1.0385042981949333,0.1830727593996734,,0.0971738686341247,-0.5076535115279776,-0.3472230631420688,,,,0.0,0.0,0.0,-0.9551372189657624,2.0547086705916624,-0.471673646854793,0.2341295707585686,-1.3264656880065258,0.0,0.0,0.0,,0.71,-0.0140845070422535
2009-06-30,-0.2733674915857515,0.0,,0.196393927702334,-0.2023171170608889,-0.248169261117893,0.0,0.0261949727777733,-0.3275211155715453,,0.0858037124712688,0.1074955479469923,0.0,0.5198731568679432,0.1861048370351055,,-1.0120410962362107,,-0.2768705769205386,0.0,0.0,,0.8880858359116502,-0.1248419232136942,0.176076931081125,0.0,0.0,-0.147717413118728,0.6470999464512435,0.0,0.0,-0.387071769807171,0.0,0.0,0.0,-0.3391908958358241,0.0,0.0,0.0,0.0,0.0,,-0.1297869352327566,,-0.2767906462855014,,,,-0.2595083580131581,,,,,-0.2967679936398933,0.2045019429050861,-0.0052933005233305,-0.0620884791595997,,,,0.0226961053329785,0.0,0.1285271791308436,0.0,0.0,-0.0655252294124657,0.0,0.3000564633828205,0.1807378573061869,0.1861048370351055,1.6067758664782852,,0.1636638792846333,0.0,0.0,0.0,10.83349229140683,0.0,0.0943644440075447,0.0,-0.4251034667559684,,,,,1.0511171182016668,,1.3309518756926269,0.7734221989682718,0.0,0.0,0.1729650833438165,0.0,-0.1764522248693016,,5.434684404097086,0.1634057571412815,1.3614993565473836,1.3921347847400949,0.165693708201928,,0.3266164930260945,-0.4957934420160256,-0.3472230631420688,,,,0.0,0.0,0.0,-0.2013492803311582,4.260179537650829,-0.4596958320647013,3.273928320493147,-1.5416542304072585,0.0,0.0,0.0,,0.62,-0.032258064516129
2009-03-31,-0.2628463745801809,0.0,,0.7451978299463999,-0.2094649676282483,-0.2370945085572886,0.0,0.4185822316694455,-0.3639266150127835,,0.1049042613904908,0.0983734189105255,0.0,0.4733258203159984,0.2579572474955067,,-1.0432587531449056,,-0.337832220330689,0.0,0.0,,0.8827273630433422,-0.1375707205789579,0.2206681836830623,0.0,0.0,-0.2608575442417378,0.5775566781623497,0.0,0.0,-0.3430981043549486,0.0,0.0,0.0,-0.3513434190127248,0.0,0.0,0.0,0.0,0.0,,-0.0100858755523925,,-0.2768008903780825,,,,-0.2612736280336308,,,,,-0.2856850237397518,0.253831033595466,0.0024163249595001,-0.0673111553938576,,,,-0.229410135256912,0.0,1.8756856949534857,0.0,0.0,-0.0860344416636872,0.0,-0.2445472588525888,0.337687212975318,0.2579572474955067,-0.2044876175463162,,0.025406784716162,0.0,0.0,0.0,-11.363650655571044,0.0,-0.1102746938800587,0.0,-0.2858621563442812,,,,,-2.1830755087634817,-0.4215851098127717,4.564877036617858,0.1833276121481365,0.0,0.0,-1.0178762257267109,0.0,-0.01638934044964,,3.984053645616106,0.1587956325135105,1.614626259050718,1.645071738711767,0.0257218904471135,,-0.1292163998557408,0.1295878371628639,2.7131096606925595,,,,0.0,0.0,0.0,-1.1759041284186245,3.078205682710895,0.1718941537820662,0.420797497091845,-3.441638621132868,0.0,0.0,0.0,,0.75,-0.0533333333333333
2008-12-31,-0.2628463745801809,0.0,,0.1402185907586033,-0.2094649676282483,-0.2370945085572886,0.0,-0.5455587075566373,-0.3495995106195412,,0.1049042613904908,0.1003903780600055,0.0,0.5133776360729337,0.2579572474955067,,-1.0432587531449056,,-0.337832220330689,0.0,0.0,,0.8827273630433422,-0.1394774167384717,0.2206681836830623,0.0,0.0,-0.2608575442417378,0.5775566781623497,0.0,0.0,-0.3430981043549486,0.0,0.0,0.0,-0.3513434190127248,0.0,0.0,0.0,0.0,0.0,,-0.0100858755523925,,-0.2768008903780825,,,,-0.2612736280336308,,,,,-0.2856850237397518,0.253831033595466,-0.0130844349184141,-0.0673111553938576,,,,-0.229410135256912,0.0,0.0122281073275575,0.0,0.0,-0.0860344416636872,0.0,-0.2445472588525888,0.337687212975318,0.2579572474955067,-0.2044876175463162,,0.025406784716162,367357.0,0.0,0.0,0.0,0.0,-0.1102746938800587,0.0,-0.2858621563442812,,,,,-2.1830755087634817,,4.564877036617858,0.1833276121481365,0.0,0.0,-1.0178762257267109,0.0,1.856838072953344,,3.984053645616106,0.0253667144590272,1.614626259050718,1.645071738711767,0.0257218904471135,,-0.1292163998557408,0.1295878371628639,2.7131096606925595,,,,0.0,0.0,0.0,-1.1759041284186245,3.078205682710895,0.1718941537820662,1.9423821391624407,-3.441638621132868,0.0,0.0,0.0,,0.65,0.0153846153846153
2008-09-30,-0.2396820389437336,0.0,,-0.119023742245592,0.0808548158080455,-0.2247609359201083,0.0,0.4544412924433627,-0.2872202796298019,,0.1324880614239548,0.1138638579751223,0.0,-0.2417175319444636,0.3329392707562345,,0.5524403344468473,,-0.4014491168955056,0.0,0.0,,0.8702742512874926,-0.0996953050551388,0.3170362365765687,0.0,0.0,0.1172224913614395,-0.0969486832436385,0.0,0.0,0.0876822073141289,0.0,0.0,0.0,-0.368745440088066,0.0,0.0,0.0,0.0,0.0,,1.3225843139045677,,-0.2763135341200484,,,,-0.2621562630438671,,,,,-0.2612836569951763,0.3771840636591438,-0.0121947738123349,-0.0667147837129641,,,,-0.2398591064445548,0.0,2.65748719186737,0.0,0.0,-0.085648909545942,0.0,-0.1998612798680131,0.4037176525768854,0.3329392707562345,0.2227583922724433,,0.4393606327394037,419915.45,0.0,0.0,0.0,0.0,-0.2365028907061187,0.0,0.2059785232548859,,,,,0.7092756652639989,,0.9715993492254368,-0.0673239412029244,0.0,0.0,-0.2547974882906619,0.0,-0.3614715719724011,,1.227620125772537,0.4386676960405867,0.8101740147498319,0.8399633646725143,0.4448097698449976,,-0.3232312314519479,-0.4067992384978916,1.1519652987255338,,,,0.0,0.0,0.0,-0.1611657950589586,0.8322638161901651,-0.3698181052893457,4.123525362252561,-1.437428688801358,0.0,0.0,0.0,,1.12,-0.1160714285714286
2008-06-30,-0.1978353516958723,0.0,,0.4053708518359509,0.1400762822787073,-0.1841631374745463,0.0,0.4544412924433627,-0.2672031814499993,,0.1530536216081781,0.1168486919949179,0.0,0.7872218192605838,0.4006175196903845,,0.8811176650426753,,-0.4588692820884439,0.0,0.0,,0.8656005318307708,-0.0987460802470533,0.502126925608176,0.0,0.0,0.8213474759760406,0.8931877595378996,0.0,0.0,0.3544059168265325,0.0,0.0,0.0,-0.2914673785969766,0.0,0.0,0.0,0.0,0.0,,1.5433018016892506,,-0.2785346971869675,,,,-0.2630395191906342,,,,,-0.2172022769148932,0.5410898107925469,-0.0257188558565083,-0.0757804599419389,,,,-0.2408397961729662,0.0,4.475842595275656,0.0,0.0,0.1331599749731855,0.0,-0.1870909195599499,0.4677116396310062,0.4006175196903845,0.5581516247909006,,0.416450340782308,0.0,0.0,0.0,0.0,0.0,-0.2289296707482659,0.0,0.0599295903776587,,,,,1.0529666697674929,,0.693024804885525,0.1313024674687965,0.0,0.0,-0.080083199264896,0.0,-0.3328748083669071,,3.220296935851673,0.4157935370023161,0.0414459185272771,0.0498811649771521,0.4216153347200787,,0.0276470234305785,0.0937111626942738,0.3024621920666595,,,,0.0,0.0,0.0,-0.0617156188941378,2.4558967614373604,0.1356613002025713,1.232973255471735,0.0165014195296187,0.0,0.0,0.0,,1.8,0.1222222222222222
2008-03-31,-0.2002893765126871,0.0,,0.4340549785529183,-0.0374382230439396,-0.1796917370201413,0.0,0.4544412924433627,-0.2697750851735832,,0.1709918913221831,0.1153564596379437,0.0,0.7948552858023634,0.4662084957958162,,-0.0881443024270115,,-0.5145185452188251,0.0,0.0,,0.8639347401843884,-0.117611365058268,0.5308587233757034,0.0,0.0,0.602827518006222,0.9563299235813189,0.0,0.0,-0.4321562320875703,0.0,0.0,0.0,-0.330741664093255,0.0,0.0,0.0,0.0,0.0,,1.5653888869263584,,-0.2895654751294529,,,,-0.2639221542008705,,,,,-0.2197873318636754,0.5694258909697327,-0.0448414247484238,-0.0885990022780571,,,,-0.2408397961729662,0.0,-0.0122281073275575,0.0,0.0,0.1393636038612799,0.0,0.1782107159392428,0.4734520278630932,0.4662084957958162,0.1558088737773715,,0.3832226849448231,0.0,0.0,0.0,0.0,0.0,0.0562378427529598,0.0,0.0945157386749148,,,,,-0.2161458190832134,,0.9272063851359316,-0.0024938547712572,0.0,0.0,0.0446427711001842,0.0,-0.2673610082068239,,2.8240105297937914,0.3826182860924231,0.4060335277729502,0.4224125479279373,0.3879755753875059,,0.2915951045572408,-0.2206186327406521,0.4635075131496849,,,,0.0,0.0,0.0,0.580201075421716,2.133002621567468,-0.1817891218993247,1.217347600601398,-0.4061062958930627,0.0,0.0,0.0,,2.3,-0.0652173913043478
2007-12-31,-0.1928028652239732,0.0,,0.3739391322088674,-0.0190452462726634,-0.1727356880970182,0.0,0.4544412924433627,-0.2615714101306068,,0.1850081915793294,0.1178090860544837,0.0,-0.2417175319444636,0.4720921371299355,,0.0155948043497162,,-0.5195103950769656,0.0,0.0,,0.8495014842485092,-0.1280334900808931,0.6044020220104426,0.0,0.0,1.1373590227558388,0.7959311193889805,0.0,0.0,-0.3479712980952185,0.0,0.0,0.0,-0.3166492499216852,0.0,0.0,0.0,0.0,0.0,,1.5898117665101716,,-0.3013617704342454,,,,-0.264563167100634,,,,,-0.211901022907511,0.6522431562656609,-0.0653269845148771,-0.1023312061796144,,,,-0.2408397961729662,0.0,-0.0122281073275575,0.0,0.0,-0.0459808127755929,0.0,-0.1713146626180678,0.5383032269879106,0.47554931779862,-0.5739090150635369,,0.4366211185613132,0.0,0.0,0.0,0.0,0.0,0.1194128886786309,0.0,0.2088346775194616,,,,,-0.5149715180002955,,-0.9349667539081842,-0.2834889974427851,0.0,0.0,0.4514773833904117,0.0,0.0687213888066017,,1.4757311002659532,0.4359325024815264,-0.5067106723573396,-0.5116941978745382,0.442036279048961,,-0.0854025546547166,0.045199597121416,0.6280097052418375,,,,0.0,0.0,0.0,-1.264568488353109,1.0344246233151797,0.0866681179093715,0.8942236644581595,1.0943590433539432,0.0,0.0,0.0,,2.51,0.0278884462151395
2007-09-30,-0.174034322744777,0.0,,0.531953327981983,0.1000167032150747,-0.1581690940446193,0.0,0.4544412924433627,-0.2617537042035621,,0.1911285069488149,0.118426953675515,0.0,-0.2417164937533135,0.5385617172891949,,0.6683663881479487,,-0.5759050910562236,0.0,0.0,,0.8410945401402002,-0.1321870559893387,0.74271917976187,0.0,0.0,1.6625022509672338,1.0855150957312911,0.0,0.0,0.1817569249596675,0.0,0.0,0.0,-0.2676634685688121,0.0,0.0,0.0,0.0,0.0,,1.1145133733057735,,-0.3179502147414977,,,,-0.264563167100634,,,,,-0.1921301952229294,0.7891149005508137,-0.0713387966978022,-0.1063611390520852,,,,-0.2560529386651329,0.0,0.9932192129614992,0.0,0.0,-0.0284250983196281,0.0,0.3635804130228885,0.514483243958817,0.5385617172891949,2.531076667658884,,0.4409292255349233,0.0,0.0,0.0,0.0,0.0,-0.4706946910538636,0.0,0.0480895878265247,,,,,3.442272650166624,,0.0424948716134965,0.6701710920667765,0.0,0.0,0.1420961349482492,0.0,0.4616517240324317,,1.7494949057247628,0.4402338149332745,-0.8198380653133727,-0.8328442057531033,0.4463978169943411,,-0.7845909349497273,0.5032895902862292,0.6219295891970231,,,,0.0,0.0,0.0,-1.258288172994381,1.2574873555710515,0.5493059708994499,2.3802647136894346,1.0920235301647594,0.0,0.0,0.0,,2.31,0.2478260869565219
2007-06-30,-0.1799232597939858,0.0,,1.8361219812434435,-0.0928719221512513,-0.1566162491760009,0.0,0.4544412924433627,-0.2983443442969699,,0.2032533990883866,0.0,0.0,0.0865259312825404,0.5141472994725375,,-0.0412673302872978,,-0.5551911995741036,0.0,0.0,,0.8199002188189766,-0.1555981055097003,0.8043388076819834,0.0,0.0,1.6664706228312651,3.804348378998714,0.0,0.0,-0.3941152760011004,0.0,0.0,0.0,-0.2477407147612263,0.0,0.0,0.0,0.0,0.0,,0.3750177704752492,,-0.3423546672695288,,,,-0.3416071162370058,,,,,-0.1983336156416599,0.7673592999560075,-0.0783828624101331,-0.1110830284102711,,,,-0.2538149144741001,0.0,-0.0122281073275575,0.0,0.0,0.0263055654868311,0.0,-0.6271668777923228,0.6486548755423923,0.5141472994725375,-2.4606956142594214,,0.4945927734267125,0.0,0.0,0.0,0.0,0.0,0.1222803708459539,0.0,-0.3367400571915708,,,,,-2.721349734879369,,-1.7636786446912358,-0.3850516272430542,0.0,0.0,0.644090036690084,0.0,-0.317908481440847,,2.754288561848997,0.4938127274732546,-0.3205838732755523,-0.3178005234868778,0.5007269229908967,,0.4207639464598328,-0.1151068369412306,0.5131095332268144,,,,0.0,0.0,0.0,-1.145885010980677,2.0761931662709308,-0.0752298182643956,-0.0646945320049099,1.2390433016946183,0.0,0.0,0.0,,2.24,0.0888888888888889
2007-03-31,-0.1770411667561567,0.0,,0.5865875539579307,-0.0053122874528671,-0.1571068544564892,0.0,0.4544412924433627,-0.3462823479828108,,0.2056354224008985,0.0,0.0,-0.2417164937533135,0.6516672241770631,,0.4387861856959742,,-0.6718670432641111,0.0,0.0,,0.8113443250183834,-0.1167474737346115,0.7017809387805853,0.0,0.0,0.5595076914868268,1.4952105139787002,0.0,0.0,-0.004548845254521,0.0,0.0,0.0,-0.2351968628787487,0.0,0.0,0.0,0.0,0.0,,-0.1340957908313825,,-0.3099980562010141,,,,-0.1213036165053368,,,,,-0.19529761191974,0.7327788876558212,-0.0024163249595001,-0.0601599394705348,,,,-0.2609233063898471,0.0,-0.0122281073275575,0.0,0.0,0.0118001430103682,0.0,-1.1831349574732606,0.8714851342009111,0.6516672241770631,-0.7924938056288073,,0.401139991383786,0.0,0.0,0.0,0.0,0.0,-1.566275381997137,0.0,1.0846082849140617,,,,,-0.4931790945952601,,-2.0686584848270497,-0.9929225325241634,0.0,0.0,0.0674793336661929,0.0,0.3859953223803014,,2.1702208331753505,0.4005073342891805,-0.0333928984581659,-0.0276844021919918,0.4061150998680355,,0.0005836657886459,0.0589659282588247,-0.0286122358192765,,,,0.0,0.0,0.0,-1.949354588975084,1.6002948160048018,0.1005711194505334,0.6709159574674187,0.0769922561018221,0.0,0.0,0.0,,2.07,0.0909090909090908
2006-12-31,-0.1780792856932814,0.0,,0.3519490399614666,0.0021430250520089,-0.1584653545368888,0.0,0.4544412924433627,-0.3538318712948045,,0.2192085028643989,0.0,0.0,-0.2074341761472476,0.8800582784627944,,0.4796608410536029,,-0.865640556500779,0.0,0.0,,0.8234141962893026,-0.1767059357548304,0.8532266059073013,0.0,0.0,0.3322748987292115,0.9947805428977784,0.0,0.0,0.0286211932214034,0.0,0.0,0.0,-0.3143582755649056,0.0,0.0,0.0,0.0,0.0,,-0.1340957908313825,,-0.3539365867696208,,,,-0.1122517938423008,,,,,-0.1963911688991774,0.9087567818540452,-0.0746514113841416,-0.1085817032367456,,,,-0.2609233063898471,0.0,2.323202909165575,0.0,0.0,0.4916744130616136,0.0,0.382859632382837,0.8445907496333144,0.8800582784627944,1.2601342428193507,,0.7237840644227689,4288.53,0.0,0.0,0.0,0.0,-0.7004471532227841,0.0,0.2716041251031269,,,,,0.9525847209530116,,0.8534224611539459,0.162630532430672,0.0,0.0,0.158480743500969,0.0,-0.3084556058913514,,2.936339163358051,0.7226425499062534,0.4939652994053794,0.5295249225274437,0.7327607416851193,,-0.9670275666793128,-0.2919781259700935,1.1413856418760664,,,,0.0,0.0,0.0,1.2803996229177528,2.22452798545339,-0.2538570632006555,3.972446336620121,-0.3902566778631099,0.0,0.0,0.0,,2.32,-0.0717299578059071
2006-09-30,-0.1886455400120709,0.0,,0.8091498785593972,-0.0015772132335505,-0.1691585274506071,0.0,0.4544412924433627,-0.3442482606414566,,0.2310154373737205,0.0,0.0,-0.2063569126732015,0.8524927364994274,,0.4592641832782186,,-0.8422531610214801,0.0,0.0,,0.7938481436741536,-0.172093490653334,0.8239458087831832,0.0,0.0,0.0959921566297275,1.88722865593996,0.0,0.0,0.0120691778644472,0.0,0.0,0.0,-0.3118170602432219,0.0,0.0,0.0,0.0,0.0,,-0.1340949292325825,,-0.3582969132790913,,,,-0.1167686986941225,,,,,-0.2075216865533752,0.8493146329240319,-0.0818198408127089,-0.1133869580449745,,,,-0.2743982914447917,0.0,2.3215946250666306,0.0,0.0,0.0670533905374806,0.0,-0.3020676408999358,0.9269197430162724,0.8524927364994274,0.2527932316799637,,0.4887602593701327,4481.49,0.0,0.0,0.0,0.0,-0.6735034375134398,0.0,0.2626543869391552,,,,,-0.6637208818749418,,7.210735422413997,-0.1013649461903524,0.0,0.0,-1.9627765071988044,0.0,3.179070293862312,,3.4938765782503425,0.4879894121539649,-2.1900818736146044,-2.236759633734265,0.4948220716186897,,-2.788183001562567,3.0181585383799856,6.33209415384733,,,,0.0,0.0,0.0,6.642022024552478,2.6788094376428844,3.0891422215440114,0.6561270701042289,0.2828021717137742,0.0,0.0,0.0,,2.23,0.0444444444444444
2006-06-30,-0.1972732655105117,0.0,,-0.3962952735696604,-0.0877033897806507,-0.1746186310829664,0.0,0.4544412924433627,-0.3536756050104,,0.2839924155226005,0.0,0.0,-0.2064043891544961,0.9368762744902536,,-0.0129330292907449,,-0.913846572011062,0.0,0.0,,0.6864934217991293,-0.1969766749557824,0.8510069124614581,0.0,0.0,0.0196181268193423,0.7124308042143352,0.0,1.0,-0.3711218135236566,0.0,0.0,0.0,-0.2268871483268636,0.0,0.0,0.0,0.0,0.0,,-0.1340949292325825,,-0.3762278963190936,,,,-0.2213382759237542,,,,,-0.2166101532965236,0.915431421372786,-0.1112984349489173,-0.1331475147505114,,,,-0.4059722997569099,0.0,0.0809994007434352,0.0,0.0,5.229084137766654,0.0,5.238869192967283,0.125651511390244,0.9368762744902536,0.0585373318296348,,0.4367978614115126,4475.47,0.0,0.0,0.0,0.0,0.172248483992062,0.0,-0.2258435006465355,,,,,0.1295014418841349,,0.2489684280021692,0.2094010102139347,0.0,0.0,0.1018987841249426,0.0,-0.4264452078153702,,1.30467611675938,0.4361089665821109,0.5941434616791181,0.6181237635029851,0.4422152139390279,,0.3521133205143032,-0.4517947467525702,1.2798414835993013,,,,0.0,0.0,0.0,1.4234143849504155,0.8950490330211579,-0.4152603232896248,0.9379308540284904,-0.7376786331239252,0.0,0.0,0.0,,2.17,0.0875576036866359
2006-03-31,-0.3597908783762873,0.0,,0.4474836856900154,-0.0113085626103262,-0.3443488633362676,0.0,0.6900985900282627,-0.4625128594946392,,0.2968974715544185,0.0,0.0,-0.2057273327959508,0.1156121549382572,,0.4059108796198906,,-0.2170625660065347,0.0,0.0,,0.4672859382449068,-0.2125269695029165,0.1789639376931043,0.0,0.0,0.1946533389195721,1.2083019132510144,0.0,0.0,-0.234868135952409,0.0,0.0,0.0,-0.2603725828826673,0.0,0.0,0.0,0.0,0.0,,-0.1297869352327566,,-0.3807920029127917,,,,-0.1841558009182882,,,,,-0.3878065966666108,0.1896244094527265,-0.1189945334207784,-0.1383064850040422,,,,-0.3743948025576852,0.0,0.8410638422128821,0.0,0.0,1.8341449171731616,0.0,1.9037880995635688,-0.1437809517246439,0.1156121549382572,0.2448065804974782,,0.4028411413169551,0.0,0.0,0.0,0.0,0.0,0.1056584113096957,0.0,-0.287941357816609,,,,,-0.0213738118820008,,0.0540661620805923,0.3055856320623666,0.0,0.0,0.322417466844921,0.0,-0.3772815426302978,,0.0,0.4022058012573067,0.2115071931285444,0.223741399233153,0.4078373481849292,,0.1224718174091652,-0.4941764853104353,0.7402330966082002,,,,0.0,0.0,0.0,0.8660383718052023,-0.168000988604567,-0.458062822416348,0.2636803305760373,-0.0374531150299025,0.0,0.0,0.0,,2.8,-0.032142857142857
2005-12-31,-0.420607566985876,0.0,,-0.3962967275302315,-0.0913238692012921,-0.4035888366412012,0.0,0.4544412924433627,-0.4958577160827088,,0.305522625794199,0.0,0.0,-0.2052111493470711,-0.1605440757283901,,-0.0327855518064449,,0.0172362912137022,0.0,0.0,,0.3969205864347797,-0.216932148779632,-0.0655973581515741,0.0,0.0,0.2642377845995643,0.7118891300148685,0.0,0.0,-0.3872322597140493,0.0,0.0,0.0,-0.3010837253000748,0.0,0.0,0.0,0.0,0.0,,-0.1297860736339566,,-0.3844532462896459,,,,-0.3416057373139075,,,,,-0.4518710423836833,-0.052879587842986,-0.1250136679173339,-0.1423413262854092,,,,-0.3743948025576852,0.0,1.353179946963376,0.0,0.0,3.445552377547372,0.0,2.866009924864335,-0.5666561556919739,-0.1605440757283901,-3.674981029083149,,0.5988710550443515,0.0,0.0,0.0,0.0,0.0,0.8953661458685328,0.0,-0.2740464098803198,,,,,-1.8069954636738224,,-2.6276260875716204,-0.7578789731378387,0.0,0.0,-0.007099962312379,0.0,-0.5129484574482582,,1.9732963562796888,0.5979265468181317,0.7414989087427458,0.7773823905317157,0.606298508130354,,-0.2829914384875706,-0.2265422225850469,-0.3413876813279891,,,,0.0,0.0,0.0,1.6989161518651352,1.439840764050101,-0.187771520398518,3.17108765650991,-1.3483683083399896,0.0,0.0,-0.4797161835748793,,2.08,0.0758928571428571
2005-09-30,-0.5103211870783535,0.0,,-0.3962923656485181,0.1427267985819917,-0.5048384430144535,0.0,1.4136935570112708,-0.5445674949749915,,0.3266544437485435,0.0,0.0,-0.2051264173763547,-0.5939722566533142,,1.2504284363964782,,0.3849691764453974,0.0,0.0,,0.1800054981016722,-0.2144132844225614,-0.4511372488829925,0.0,0.0,0.3221875339160888,0.1090029963931922,0.0,0.0,-0.1748238338186762,0.0,0.0,0.0,-0.1445540753776305,0.0,0.0,0.0,0.0,0.0,,-0.1297877968315565,,-0.3828687641254784,,,,-0.1677702192363499,,,,,-0.5463755850659102,-0.4409168138684235,-0.122408697035622,-0.1405951210699742,,,,-0.539171408133472,0.0,2.558650553075496,0.0,0.0,0.4491764986294839,0.0,0.3889248925374327,-0.5945177498131612,-0.5939722566533142,2.597682403793345,,-0.0073127354269996,0.0,0.0,0.0,0.0,0.0,-1.2474294526397276,0.0,0.0264683181230327,,,,,1.080129906373292,,0.123620640871472,0.7041309960860335,0.0,0.0,1.0671092292477815,0.0,-0.4741727909853196,,8.288984340723328,-0.0073012021616852,1.0949319177020371,1.110087627151286,-0.007403431076517,,1.7086823168361278,-0.5961006136629977,0.3875787180642542,,,,0.0,0.0,0.0,-1.016220856440154,6.585862954691899,-0.5609988406933276,-0.4167474991334003,-0.0172172255853641,0.0,0.0,0.4808295978880218,,1.563,-0.0550223928342929
2005-06-30,-0.5446248972207033,0.0,,-0.1103660322474496,-0.0698168810928046,-0.5316617298142378,0.0,0.4544439264275536,-0.5666795271742008,,0.3208263461006717,0.0,0.0,-0.2069835700423646,-0.6225291451734265,,0.0851375343941166,,0.4091976587428135,0.0,0.0,,0.1532624675794109,-0.243794211872858,-0.5414780321478492,0.0,0.0,-0.133881164694405,0.0072644834263505,0.0,-1.0,-0.2915392138343529,0.0,0.0,0.0,-0.1445540753776305,0.0,0.0,0.0,0.0,0.0,,-0.1297869352327566,,-0.3983555816895823,,,,-0.341607221830216,,,,,-0.5825111956450476,-0.5331053643978557,-0.1478691137594742,-0.1576621496431011,,,,-0.6307549264676016,0.0,1.7968204064157276,0.0,0.0,-0.1183243951853176,0.0,-0.1373120727055655,-0.5384618519781488,-0.6225291451734265,0.5256767691166051,,0.0122615352325825,0.0,0.0,0.0,0.0,0.0,-0.2200008601463477,0.0,-0.1597630971638079,,,,,0.2796160812489398,,0.3275241093112636,0.285810512656679,0.0,0.0,0.2691568104552284,0.0,-0.2769315001802072,,0.7548735503929714,0.0122421969780522,0.0123492790878432,0.0,0.0124136079983895,,0.3771215981201638,-0.3072812104689711,0.8705617224191214,,,,0.0,0.0,0.0,1.0006583139789025,0.4470699349462887,-0.2693120747973383,-0.3607364850778519,0.2916583123304777,0.0,0.0,0.0,,1.59,-0.1119496855345913
2005-03-31,-0.5414449646693767,0.0,,-0.0163620144309657,-0.0754407231545697,-0.528178085889943,0.0,0.7269796366682207,-0.5644503919384417,,0.3305054009829895,0.0,0.0,-0.2065182735327076,-0.5650743556733547,,0.0542957234895338,,0.3604513694079703,0.0,0.0,,0.1509013125468027,-0.2561323420254364,-0.4870703085425439,0.0,0.0,-0.1452727262805654,0.2131666699891184,0.0,0.0,-0.5520764027554189,0.0,0.0,0.0,-0.1585319048395909,0.0,0.0,0.0,0.0,0.0,,-0.1297869352327566,,-0.4098987049122791,,,,-0.341605706257081,,,,,-0.5791614470649138,-0.4822049797694478,-0.1668460456871327,-0.1703830663096462,,,,-0.4695216134980082,0.0,0.4184087450540873,0.0,0.0,-0.1599648432844714,0.0,-0.0073411210889853,-0.5031320471529415,-0.5650743556733547,0.6230866625021486,,-0.3618368000706971,0.0,0.0,0.0,0.0,0.0,0.0204685340034282,0.0,-0.2979310757181068,,,,,0.1417451449271397,,-0.264895899648676,0.4146416534009325,0.0,0.0,0.5971125604480009,0.0,-0.5832293529123344,,1.5410006554038316,-0.361266129921694,0.4203419521510083,0.4001949944850044,-0.3663244536894137,,0.87967513594549,-0.6766634406303697,0.0680552360060138,,,,0.0,0.0,0.0,0.1717277845364679,1.0876062529238864,-0.6423614852721767,-0.3598084071785868,0.1553390576047535,0.0,0.0,0.0,,1.4,-0.0557142857142856
2004-12-31,-0.5413823732145956,0.0,,-0.1388593993374824,-0.1462756562534611,-0.5253250504198237,0.0,0.4544412924433627,-0.5635362355141775,,0.333778999732592,0.0,0.0,-0.2063339375030496,-0.5288628850215895,,-0.3340625867741474,,0.3297285203471636,0.0,0.0,,0.1501107156684007,-0.2625905508327282,-0.4665065702618364,0.0,0.0,-0.1615051558518175,-0.0699749578793317,0.0,0.0,-0.6317204579472856,0.0,0.0,0.0,-0.1578383107007264,0.0,0.0,0.0,0.0,0.0,,-0.1297869352327566,,-0.4156217770373484,,,,-0.2924534396056528,,,,,-0.5790955130762528,-0.4514359368336147,-0.1762547947786238,-0.1766900875702772,,,,-0.4146135953688125,0.0,0.3588223325178334,0.0,0.0,-0.1428751042783935,0.0,-0.1861520175230377,-0.4392877841002386,-0.5288628850215895,0.1835504332915484,,-0.4160084836568096,0.0,0.0,0.0,0.0,0.0,-0.1007727800544349,0.0,-0.0654546722339465,,,,,-0.0968305909262532,,4.081146400697932,0.1238186503503533,0.0,0.0,-1.0641525611564344,0.0,1.0988336182530698,,0.2861893954576723,-0.4153523767508547,-0.1063413401513366,-0.1430244060437348,-0.4211679974949115,,-1.683031286287709,0.8861817873243627,4.1331647386410495,,,,0.0,0.0,0.0,4.370688701752169,0.0651861136365642,0.9359994735026466,11.041935165916694,-1.707501791147909,0.0,0.0,0.0,,1.51,-0.1251655629139073
2004-09-30,-0.5212982518111458,0.0,,0.0,-0.0527494182651319,-0.5084034785118845,0.0,0.4918675738108219,-0.5748033821295122,,0.3761575856653175,0.0,0.0,-0.2079908127142914,-0.4634253693247288,,0.1787063604924143,,0.2742094574236361,0.0,0.0,,0.1488311117221266,-0.2646473684431722,-0.3959416534159495,0.0,0.0,-0.1395599684955535,0.2905160959038295,0.0,0.0,-0.2479467773496959,0.0,0.0,0.0,-0.2367466685199156,0.0,0.0,0.0,0.0,0.0,,-0.1297869352327566,,-0.4115371267950486,,,,-0.1877248514241418,,,,,-0.5579388513959992,-0.3884048186874447,-0.1695396165637709,-0.1721886632727258,,,,-0.4010808299672094,0.0,2.3220289465843305,0.0,0.0,0.5655392682636158,0.0,0.371549329372475,-0.4643785472490018,-0.4634253693247288,0.2716698180049722,,-0.4185049764158759,0.0,0.0,0.0,0.0,0.0,-0.377687803739179,0.0,-0.2947611083257353,,,,,0.2353827969816194,,0.8056135200773384,0.3178701759355968,0.0,0.0,0.0110796917376597,0.0,-0.6052555693808902,,0.4389147379197157,-0.4178449321716113,0.7339459371858037,0.719240768947949,-0.4236954528171062,,0.271877288951675,-0.6418437316610937,1.5020754609958007,,,,0.0,0.0,0.0,1.6529658361377508,0.1896267135076925,-0.6071960906125088,1.4474829012993322,-0.9423443040190288,0.0,0.0,0.0,,1.423,-0.0316233309908644
2004-06-30,-0.5319570386037068,0.0,,0.0225515391219497,-0.0678452366548857,-0.5187437129113571,0.0,0.4745438597877535,-0.5967630275282819,,0.3908252896118844,0.0,0.0,-0.2101740716024629,-0.4891422799583131,,0.0959417046018697,,0.2960284211245028,0.0,0.0,,0.1170834279206272,-0.2811823865652176,-0.4141459333078441,0.0,0.0,-0.1343207475212076,0.4010588768234245,0.0,0.0,-0.3001407080634422,0.0,0.0,0.0,-0.2367466685199156,0.0,0.0,0.0,0.0,0.0,,-0.1297869352327566,,-0.4191308827463507,,,,-0.2019681332114249,,,,,-0.5691668429801088,-0.4111676319597269,-0.1820237759184732,-0.18055724210351,,,,-0.5939607503260135,0.0,1.9411447474287948,0.0,0.0,-0.0455595280657847,0.0,0.1158589249747941,-0.4486950986423977,-0.4891422799583131,0.3694339749206575,,-0.3960144487280038,0.0,0.0,0.0,0.0,0.0,0.1568081197815228,0.0,-0.3720546461067296,,,,,0.0,,-0.1819575110230836,0.4015663750880354,0.0,0.0,0.4973171987601372,0.0,-0.5092311976315594,,1.2271868009251483,-0.3953898753722289,0.3898581845360264,0.3672166342770103,-0.4009259880560961,,0.8012419831522348,-0.6262398846217607,0.3122541106109497,,,,0.0,0.0,0.0,0.4239673686926937,0.8319107431305223,-0.5914373305427045,-0.424227232741699,0.0623783178688311,0.0,0.0,0.0,,1.43,0.0489510489510489
2004-03-31,-0.5339963852158689,0.0,,-0.1531714456799748,-0.1442318784824476,-0.5178284252949178,0.0,0.4899974450353349,-0.5950880626141044,,0.3960559302131023,0.0,0.0,-0.2092165634775822,-0.47306744620969,,-0.3228573271739466,,0.2823900716720363,0.0,0.0,,0.1114441238878235,-0.2809070221047581,-0.4166249526651225,0.0,0.0,-0.1534629122453223,-0.0543708914733744,0.0,0.0,-0.6533527948494462,0.0,0.0,0.0,-0.2363016793563833,0.0,0.0,0.0,0.0,0.0,,-0.1297869352327566,,-0.4208668696481649,,,,-0.2983567211941722,,,,,-0.5713150955949767,-0.3992379545001093,-0.1848777440021074,-0.1824703590551483,,,,-0.4724477170611391,0.0,0.2149860266462723,0.0,0.0,0.1667012275056608,0.0,0.1365318086849025,-0.4363082952109448,-0.47306744620969,0.0100095169019339,,-0.4970892661857788,0.0,0.0,0.0,0.0,0.0,0.0097781436813034,0.0,-0.4796675348507717,,,,,-0.3336087596513212,,-0.1213158142934616,0.384955883044519,0.0,0.0,0.4290471282788165,0.0,-0.5464096040170103,,0.6790417021000006,-0.4963052828940112,0.2994549577837508,0.269429416811107,-0.5032543783130913,,0.6850809620109232,-0.5999976368657536,0.4793107162363954,,,,0.0,0.0,0.0,0.5965246288425787,0.3852821495087871,-0.5649345530522021,-0.1824961297283712,0.1038323707614125,0.0,0.0,0.0,,1.89,-0.0899470899470899
2003-12-31,-0.5388988393148021,0.0,,-0.2785869149131805,-0.1316944912899,-0.5233513299480737,0.0,0.6072413493374212,-0.5980180603802442,,0.402611579622606,0.0,0.0,-0.2088983267443385,-0.4603715264007241,,-0.2541195807353679,,0.2716184896026417,0.0,0.0,,0.0627888047990977,-0.2829131803791332,-0.4274563615975989,0.0,0.0,-0.2436422681018692,-0.367125875322822,0.0,0.0,-0.6988867699891476,0.0,0.0,0.0,-0.151223612224402,0.0,0.0,0.0,0.0,0.0,,-0.1297869352327566,,-0.4236664371552347,,,,-0.3107825574923973,,,,,-0.5764793525067221,-0.4006897039666937,-0.1894802420421601,-0.1855555782174785,,,,-0.4724477170611391,0.0,-0.0122281073275575,0.0,0.0,2.188870813967346,0.0,2.0235404127408656,-0.724837314519204,-0.4603715264007241,-0.0907250034587859,,-0.538911043114209,0.0,0.0,0.0,0.0,0.0,-0.1218330947451202,0.0,-0.2965318026893364,,,,,-0.3436226039278346,,0.4696128362924713,0.221820159166282,0.0,0.0,0.1758894552016079,0.0,-0.2792417190741008,,0.2405927883912273,-0.5380611006948274,0.1383860267893793,0.1020525850447327,-0.5455948466751661,,0.3576286019294838,-0.3317231795899675,1.0987865898388132,,,,0.0,0.0,0.0,1.2363979165679195,0.3537174179767148,-0.3473653074404635,-0.1452264385805625,-0.0002050758225401,0.0,0.0,0.0,,1.855,0.0059299191374663
2003-09-30,-0.6077514029195763,0.0,,-0.3189097488288928,-0.0759569113325303,-0.5961797885267268,0.0,0.6827102643729932,-0.6384890601308921,,0.417356220216747,0.0,0.0,-0.210252024184969,-0.7561008735215181,,0.0514684639959161,,0.5225237395389675,0.0,0.0,,0.004029817010294,-0.2974695542908606,-0.6901205017420108,0.0,0.0,-0.2719738360301487,-0.4577559427777575,0.0,0.0,-0.5161158292371912,0.0,0.0,0.0,-0.2855250718346661,0.0,0.0,0.0,0.0,0.0,,-0.1297869352327566,,-0.4318183437801198,,,,-0.2609059152074099,,,,,-0.6490088082266094,-0.6752808954715351,-0.202882002910215,-0.194539258184155,,,,-0.5908362354312887,0.0,0.735687383733625,0.0,0.0,0.776715528542486,0.0,0.9398048047342284,-0.8405461403134076,-0.7561008735215181,0.9114529835697186,,-0.5085333657361892,0.0,0.0,0.0,0.0,0.0,-0.075346854014733,0.0,-0.1780317208184096,,,,,0.8090474809435996,,-0.2714272240692273,0.4030318245267913,0.0,0.0,0.4955617421942738,0.0,-0.6016109122949863,,0.0389125712954787,-0.50773133340686,0.3388169854431506,0.3092599401229056,-0.5148404124449216,,0.7517327127741023,-0.7451084016225423,0.3165497062233238,,,,0.0,0.0,0.0,0.4284044049104956,-0.1362950278486376,-0.71148595922683,-0.3786671291619071,0.117709603491775,0.0,0.0,0.0,,1.125,-0.1022222222222222
2003-06-30,-0.637870831116205,0.0,,-0.23437082531571,-0.1789249421974115,-0.6230245863881567,0.0,0.4544412924433627,-0.6508425298378226,,0.4226209313176134,0.0,0.0,-0.2101141939278802,-0.8746972476064245,,-0.5130662582847398,,0.6231443007751882,0.0,0.0,,-0.0368003126182384,-0.3114276892062042,-0.7725192107163543,0.0,0.0,-0.1714391214164146,-0.2429862471120447,0.0,0.0,-0.7769830569683176,0.0,0.0,0.0,-0.2855250718346661,0.0,0.0,0.0,0.0,0.0,,-0.1297869352327566,,-0.4445484455562345,,,,-0.3320943729999404,,,,,-0.6807366861635208,-0.7691901485693596,-0.2238103314203435,-0.2085682658215489,,,,-0.6601225850107489,0.0,-0.0122281073275575,0.0,0.0,-0.1191818615182934,0.0,-0.020986928227461,-0.803040277958205,-0.8746972476064245,0.1960607572435362,,-0.5638317849923228,0.0,0.0,0.0,0.0,0.0,0.130610519589833,0.0,-0.5550463577505775,,,,,-0.3189600923681374,,-0.1649012048760934,0.490949779633463,0.0,0.0,0.5344891217690418,0.0,-0.6616707953177569,,0.3880965664422405,-0.5629425388772472,0.5514900699321575,0.5247879352907191,-0.5708246661745957,,0.8883609475705992,-0.8844975170978133,0.2212945548545647,,,,0.0,0.0,0.0,0.3300127976237498,0.1482200704380754,-0.8522589123056462,-0.0116837937329887,-0.064925437957706,0.0,0.0,0.0,,0.59,-0.1322033898305084
2003-03-31,-0.6312942323029718,0.0,,-0.2309022133583615,-0.1485880155838694,-0.6174722148031775,0.0,0.4881562900859469,-0.6634201676578777,,0.4327049297586605,0.0,0.0,-0.212723183860978,-0.8323974897315132,,-0.3467403773606074,,0.5872559744214442,0.0,0.0,,-0.0425165774091167,-0.3200822504659033,-0.7277871954443114,0.0,0.0,-0.1037106247472398,-0.2819455452452622,0.0,0.0,-0.6711430247765597,0.0,0.0,0.0,-0.2855250718346661,0.0,0.0,0.0,0.0,0.0,,-0.1297869352327566,,-0.4493080338159137,,,,-0.3032115243187374,,,,,-0.6738088811924539,-0.7206893491102172,-0.224327556532091,-0.2138134949029984,,,,-0.5623985141105179,0.0,0.9100523707832108,0.0195219658030095,0.0,0.6193850554165177,0.0,0.5121319891797121,-0.8467853586979034,-0.8323974897315132,-0.2215824050510852,,-0.351475250477758,0.0,0.0,0.0,0.0,0.0,0.0,0.0,-0.0701095669629166,,,,,-0.1456302976245848,,0.0307968451580957,0.0184290686145166,0.0,0.0,0.1817350734752336,0.0,-0.6599254256694476,,-2.64449487864196,-0.589831256203816,0.1481758891321013,0.1213835197927062,-0.3558343957592431,,0.288926094580519,-1.0147062140763314,1.0844823839153526,,,,0.0,0.0,0.0,1.221622717625435,-3.841125949987201,-0.7349469127222155,-1.7577617885536907,-0.0199132542332809,0.0,0.0,0.0,,0.52,-0.0961538461538462
2002-12-31,-0.6312942323029718,0.0,,-0.2705618667783618,-0.1485880155838694,-0.6174722148031775,0.0,0.4881562900859469,-0.6731044710346893,,0.4327049297586605,0.0,0.0,-0.2146515616308413,-0.8323974897315132,,-0.3467403773606074,,0.5872559744214442,0.0,0.0,,-0.0425165774091167,-0.3305140205474857,-0.7277871954443114,0.0,0.0,-0.1037106247472398,-0.2819455452452622,0.0,0.0,-0.6711430247765597,0.0,0.0,0.0,-0.2855250718346661,0.0,0.0,0.0,0.0,0.0,,-0.1297869352327566,,-0.4493080338159137,,,,-0.3032115243187374,,,,,-0.6738088811924539,-0.7206893491102172,-0.2316351099196336,-0.2138134949029984,,,,-0.5623985141105179,0.0,-0.0122281073275575,0.0,0.0,0.6193850554165177,0.0,0.5121319891797121,-0.8467853586979034,-0.8323974897315132,-0.2215824050510852,,-0.351475250477758,227634.01,0.0,0.0,0.0,0.0,0.0,0.0,-0.0701095669629166,,,,,-0.1456302976245848,,0.0307968451580957,0.0184290686145166,0.0,0.0,0.1817350734752336,0.0,-0.5964503101900851,,-2.64449487864196,-0.3509209220249255,0.1481758891321013,0.1213835197927062,-0.3558343957592431,,0.288926094580519,-1.0147062140763314,1.0844823839153526,,,,0.0,0.0,0.0,1.221622717625435,-3.841125949987201,-0.7349469127222155,-1.7577617885536907,-0.0199132542332809,0.0,0.0,0.0,,0.405,0.1358024691358024
2002-09-30,-0.6480434346607278,0.0,,-0.3962938196090892,-0.1923509506636138,-0.6329317998940741,0.0,0.3227420829020184,-0.6834352464421937,,0.4440604958622541,0.0,0.0,-0.2148937508623394,-0.8810921675483238,,-0.5866759786721417,,0.6285699340509064,0.0,0.0,,-0.0767516083087451,-0.3407374555621619,-0.7637964980858397,0.0,0.0,-0.1080621915720148,-0.0588307673694912,0.0,0.0,-0.7229113192318144,0.0,0.0,0.0,-0.285087150146084,0.0,0.0,0.0,0.0,0.0,,-0.1297869352327566,,-0.4591535913444403,,,,-0.317338653574765,,,,,-0.6914525311475016,-0.7658580111199196,-0.2478212383533423,-0.2246636361030679,,,,-0.7060189829763356,0.0,-0.0122281073275575,0.0,0.0,-0.1908979859373138,0.0,-0.0590853167002352,-0.803204056152497,-0.8810921675483238,0.2385556109892966,,-0.563168999304075,0.0,0.0,108387.42,0.0,0.0,0.1652513163311072,0.0,-0.5109215031726895,,,,,-0.5314779449183844,,5.894060503171347,0.4695819273250845,0.0,0.0,-1.462084872939064,0.0,-0.7696571929928548,,0.2129141637642929,-0.5622807985000552,2.8016689252368834,2.8341846560568658,-0.5701536603368449,,-1.9222333791258777,-1.0295466971439375,4.975894315601361,,,,0.0,0.0,0.0,-0.1482681075843037,0.0054814592509555,-0.9987481223643492,10.440830595758245,-5.356030568053497,0.0,0.0,0.0,,,-0.0285714285714286
2002-06-30,-0.6024736356934172,0.0,,-0.3962938196090892,-0.1363115361918767,-0.5883892594584395,0.0,0.552760020334358,-0.6780071710174664,,0.4881565180555955,0.0,0.0,-0.2153548167430597,-0.8364232805874,,-0.2794330895943948,,0.5906715707115042,0.0,0.0,,-0.0759658038585016,-0.2909468986271853,-0.7336750327057033,0.0,0.0,-0.1091717592589785,-0.3366271432391429,0.0,0.0,-0.6723493735305733,0.0,0.0,0.0,-0.285087150146084,0.0,0.0,0.0,0.0,0.0,,-0.1340949292325825,,-0.4132369194658669,,,,-0.3035407266800501,,,,,-0.6434491955660426,-0.725162648773468,-0.1721413887505812,-0.1739327242884851,,,,-0.8098461864363918,0.0,0.1840404325211441,0.0,0.0,0.4709861756644023,0.0,0.1355035993203242,-0.7906532871375137,-0.8364232805874,-0.4020325083954168,,-0.5921990124493245,0.0,0.0,113441.5,0.0,0.0,1.370264249245836,0.0,-0.4829026904774196,,,,,-1.6044339989165348,,-0.2478454881988163,0.2766551144720454,0.0,0.0,0.7573758476784608,0.0,-0.4550405193662484,,3.725272046755751,-0.5912650270210654,0.6703011699429262,0.6453190381147469,-0.5995437160303294,,1.169748386001965,-0.4128860994356764,-0.3241084249121602,,,,0.0,0.0,0.0,-0.2333486062176438,4.385741144486323,-0.6247787879423428,0.8977265719184345,0.0378684915367036,0.0,0.0,0.0,,0.41,-0.1136363636363636
2002-03-31,-0.607376030891985,0.0,,-0.3962938196090892,0.2838774070982781,-0.6099616517993777,0.0,2.587968487013141,-0.6914538597698989,,0.488339851717502,0.0,0.0,-0.2167058356505229,-0.8235593033848175,,2.024303773325592,,0.5797574039349794,0.0,0.0,,-0.103646868901923,-0.3006131462259042,-0.7416023905209603,0.0,0.0,-0.3807533055112773,-0.2085005729510726,0.0,172020.0,-0.5615564830581861,0.0,0.0,0.0,-0.285087150146084,0.0,0.0,0.0,0.0,0.0,,-0.1340949292325825,,-0.4168551939143433,,,,-0.273306284907873,,,,,-0.6486133904320021,-0.752739827971026,-0.178089843651358,-0.1779201865071378,,,,-0.8098461864363918,0.0,-0.0122281073275575,0.2768549014760898,0.0,-0.1726272196400905,0.0,0.6741995243209705,-0.8640068044780219,-0.8235593033848175,1.967298751063839,,-0.5998873264329979,0.0,0.0,0.0,0.0,0.0,0.55127516696055,0.0,-0.5427955177229573,,,,,2.2325072367809047,,-0.2369078776732451,0.95773090755081,0.0,0.0,0.4703956835562946,0.0,-0.4902717205117801,,0.0337776718539261,-0.5989412153964928,0.3475342490582775,0.3136817847576028,-0.6073273837482386,,0.7477450504600691,-0.7343239162433612,0.3781309570319346,,,,0.0,0.0,0.0,0.4920133348079566,-0.1404789436054055,-0.7005944068334727,0.8885249852016188,0.0754404721707537,0.0,0.0,0.0,,0.49,-0.0434782608695652
2001-12-31,-0.6183098234897906,0.0,,-0.3962938196090892,-0.1465820950231325,-0.604230827025092,0.0,0.3245042183256816,-0.6910570708817827,,0.4940929942661472,0.0,0.0,-0.2166100054164119,-0.8987433796490707,,-0.3357426745089459,,0.6435457280562543,0.0,0.0,,-0.103646868901923,-0.3016729133093661,-0.7824554921199719,0.0,0.0,-0.1786525240239594,-0.32337124823595,0.0,172020.0,-0.5208001042103233,0.0,0.0,0.0,-0.285087150146084,0.0,0.0,0.0,0.0,0.0,,-0.1340949292325825,,-0.4183916202666314,,,,-0.2621842141877522,,,,,-0.6601310737912602,-0.7922287661328492,-0.1806157335458628,-0.1796133809064934,,,,-0.8098461864363918,0.0,0.1560031112240271,0.3184216470478652,0.0,-0.2158282683827911,0.0,0.3039953865714682,-0.8783249350942237,-0.8987433796490707,0.4580124348595313,,-0.6233278469406918,0.0,0.0,0.0,0.0,0.0,0.2372185324674526,0.0,-0.5146842286953418,,,,,0.0435219182804642,,-0.0413070901417085,0.6659628529405719,0.0,0.0,0.4857707743568947,0.0,-0.4541016789337934,,0.330821854738678,-0.6223447667365171,0.5428293149975104,0.5129525797923561,-0.6310586235433582,,0.8012880999552883,-0.8570264395336605,0.3405081676862864,,,,0.0,0.0,0.0,0.4531517440053929,0.1015526387797795,-0.8245151053392473,-1.0215142103437924,-0.1076256203706908,0.0,0.0,-0.0085101960237829,,,
2001-09-30,-0.6546601446226806,0.0,,-0.3908026903388507,-0.3562839260075709,-0.6332655436126754,0.0,-0.5455587075566373,-0.7398614294080303,,0.4995477318095631,0.0,0.0,-0.1247432528953168,-0.9134188234892474,,-1.4854584059080749,,0.6559967950216916,0.0,0.0,,-0.1563759313210693,-0.345559564302464,-0.8374642631807965,0.0,0.0,-0.1620393247765252,-0.5691978478761628,0.0,6594.119999999995,-0.7019458883389481,0.0,0.0,0.0,-0.2624339297431476,0.0,0.0,0.0,0.0,0.0,,0.0,,-0.4462836588766867,,,,-0.3116173649897636,,,,,-0.6984225892988806,-0.8032448638367828,-0.2324682735952813,-0.2143719943341978,,,,-0.8585079562434034,0.0,-0.0122281073275575,0.0,0.0,-0.12942617089739,0.0,0.2232938775126499,-0.8797738286849168,-0.9134188234892474,0.8580619059797169,,-0.6248080683111116,0.0,0.0,302763.27,0.0,0.0,0.3797570700957834,1.1700423368442292,-0.4847249290262625,,,,,0.2270406627742179,,0.2124802527646129,0.6165622257034312,0.0,0.0,0.5250752905944773,0.0,-0.7403326596138727,,0.0,-0.6238226535789125,0.7290307481855915,0.7039782376525378,-0.6325572032476683,,1.0405593679980372,-1.02691144440852,0.2443301643224654,,,,0.0,0.0,0.0,0.3538068980771965,1.104324350566241,-0.9960867071712844,0.1627076317657972,-0.3337576356455741,0.0,0.0,0.0085278861637557,,,
