,totalAssets,intangibleAssets,earningAssets,otherCurrentAssets,totalLiab,totalStockholderEquity,deferredLongTermLiab,otherCurrentLiab,commonStock,capitalStock,retainedEarnings,otherLiab,goodWill,otherAssets,cash,cashAndEquivalents,totalCurrentLiabilities,currentDeferredRevenue,netDebt,shortTermDebt,shortLongTermDebt,shortLongTermDebtTotal,otherStockholderEquity,propertyPlantEquipment,totalCurrentAssets,longTermInvestments,netTangibleAssets,shortTermInvestments,netReceivables,longTermDebt,inventory,accountsPayable,totalPermanentEquity,noncontrollingInterestInConsolidatedEntity,temporaryEquityRedeemableNoncontrollingInterests,accumulatedOtherComprehensiveIncome,additionalPaidInCapital,commonStockTotalEquity,preferredStockTotalEquity,retainedEarningsTotalEquity,treasuryStock,accumulatedAmortization,nonCurrrentAssetsOther,deferredLongTermAssetCharges,nonCurrentAssetsTotal,capitalLeaseObligations,longTermDebtTotal,nonCurrentLiabilitiesOther,nonCurrentLiabilitiesTotal,negativeGoodwill,warrants,preferredStockRedeemable,capitalSurpluse,liabilitiesAndStockholdersEquity,cashAndShortTermInvestments,propertyPlantAndEquipmentGross,propertyPlantAndEquipmentNet,accumulatedDepreciation,netWorkingCapital,netInvestedCapital,commonStockSharesOutstanding,investments,changeToLiabilities,totalCashflowsFromInvestingActivities,netBorrowings,totalCashFromFinancingActivities,changeToOperatingActivities,changeInCash,beginPeriodCashFlow,endPeriodCashFlow,totalCashFromOperatingActivities,issuanceOfCapitalStock,depreciation,otherCashflowsFromInvestingActivities,dividendsPaid,changeToInventory,changeToAccountReceivables,salePurchaseOfStock,otherCashflowsFromFinancingActivities,changeToNetincome,capitalExpenditures,changeReceivables,cashFlowsOtherOperating,exchangeRateChanges,cashAndCashEquivalentsChanges,changeInWorkingCapital,stockBasedCompensation,otherNonCashItems,freeCashFlow,researchDevelopment,effectOfAccountingCharges,incomeBeforeTax,minorityInterest,sellingGeneralAdministrative,sellingAndMarketingExpenses,grossProfit,reconciledDepreciation,ebit,ebitda,depreciationAndAmortization,nonOperatingIncomeNetOther,operatingIncome,otherOperatingExpenses,interestExpense,taxProvision,interestIncome,netInterestIncome,extraordinaryItems,nonRecurring,otherItems,incomeTaxExpense,totalRevenue,totalOperatingExpenses,costOfRevenue,totalOtherIncomeExpenseNet,discontinuedOperations,netIncomeFromContinuingOps,netIncomeApplicableToCommonShares,preferredStockAndOtherAdjustments,adjusted_close,10%DDret
2023-09-30,0.6612032611751476,0.6216165086573614,,1.0761802575107295,0.6397863901169276,0.7220413735167489,,1.5951790420089909,0.0,0.0,-0.7033776212582039,,0.6394275519702141,,1.7585056704469646,,1.223616817695728,,0.3845797754563657,0.2150075672508909,0.0795481289715227,0.6635859781422314,0.8293382319996415,,1.5335190709830124,0.0116913484021823,,-0.282453637660485,1.5274784807078794,0.6198059069194484,1.1287425149700598,,,,,0.1514666666666666,,,,,,,2.4823713763384694,,0.6121745010049893,,,0.6885462931329006,0.5443356681736792,,,,,0.6596441047523035,2.172811834584781,,0.8831587429492345,,0.2994596019507051,-0.891611985137165,1.3388429752066116,-0.2958244869072894,,,,-0.4658732077260339,,1.710872478111915,0.2515559415255464,1.629081015719468,1.8136486675543373,,1.2386023294509152,,-3.653,0.0528301886792452,0.174757281553398,0.2093517534537725,0.1028985507246376,,1.272,,,,,2.5930909187656543,0.6257668711656442,1.939575183751252,1.8634760161113144,0.5991432068543452,,0.2006556291390728,-3000000.0,1.0443196004993758,,0.5611362700699877,1.2386023294509152,-0.0207682611341817,-0.0858863996382757,-0.2572665429808287,,-0.0418443496801705,1.3244650965670342,0.3737244897959184,-0.1984,1.2272727272727273,0.6407766990291263,,,,-0.3330557868442964,0.9453767239622256,0.9378947368421052,1.8552990574231063,0.3355931837042775,,0.3071189925469031,,,151.6124,0.0146687954893109
2023-06-30,0.6532002623934027,0.6924611624002488,,1.0756437768240343,0.6230219394289964,0.8031082642024572,-0.0269881498732789,1.3919547356998916,0.0,0.0,-0.429326076516728,,0.6445857896369842,,0.248165443629086,,1.0809928519164744,,0.4915977400625777,0.2321925499194454,0.1002588844433984,0.6712120997349285,0.8127604283346028,0.9149086504491774,1.1023447323651965,0.0218238503507404,-0.7561015323937547,-0.2786495482643842,1.5464997291277915,0.6252441186191149,1.1656686626746506,1.8751390299337487,,1.3195876288659794,,0.2592,,0.0,,-0.4687449261243708,-0.0381490262940565,,1.9725776965265085,,0.6493419367107665,,0.6585997860454059,0.7163050905363854,0.5568354109067459,,,,1.2254771158419862,0.6516352894286451,0.1447943516754454,,0.886784850926672,,-0.1850533807829181,-0.8367459878251245,1.3388429752066116,-0.002830856334041,0.5641577060931899,0.0,-0.760859411489958,-1.062626377532883,,0.7668298439284355,-0.3412939643942683,0.2602781136638452,1.3768896353427498,,1.2552412645590685,-0.0075757575757575,-3.651,-1.5924528301886791,0.0686084142394822,0.2029755579171094,-0.7753623188405797,1.1351197263397947,0.616,-0.0466101694915254,0.4288465653755617,,0.6339920948616601,0.6062264588393139,1.2269938650306749,1.969710102085624,1.4189502013914317,0.6113831089351285,,0.7125372029606545,-3000000.0,0.9794007490636704,,1.1602854398243447,1.2552412645590685,1.183251449294223,1.5821584292109274,2.3388991960420533,-3.213984327908378,1.1479211087420045,0.8633317390707786,0.7665816326530612,1.1168,0.5568181818181818,0.2783171521035599,,1.3612903225806452,,1.035803497085762,0.936952238603166,0.8271578947368421,0.9998572040826106,-3.6073423238178446,,0.4335646363402724,0.5180032733224222,,131.9322,0.0429599445775936
2023-03-31,0.6454877705931965,0.7254964951857323,,1.032725321888412,0.6103375614593233,0.8459519059120025,-0.0308240290430851,1.2177956905906062,0.0,0.0,-0.2359532575636305,,0.6444306546695625,,-0.4349566377585057,,0.8193279675803455,,0.5613367764100905,-0.2368793633745056,-0.4650506001412097,0.70177328589451,0.7934047224338008,0.91006359140002,0.8692028896175942,-0.0023382696804364,-0.7845783655672751,-0.2748454588682834,1.542165773791609,0.7298020010215426,1.0548902195608785,1.6578171091445428,,1.1958762886597938,,0.2805333333333333,,0.0,,-0.2726091898035395,-0.0377227801902123,,1.7720031339775395,,0.6656224990821714,,0.7689052656602876,0.7143833276392211,0.6037746204455178,,,,1.1744300713498463,0.6439171922256348,-0.7714894093914603,,0.8819500402900886,,0.417292737577435,-0.7584262260521253,1.3801652892561984,-0.2689313517338995,-0.4838709677419355,-0.1643265730629225,-1.0868752919196638,-2.139531224078682,,-0.9606159116863342,0.3795049934867564,-0.3588270858524788,0.6370093943213669,,1.1667221297836938,0.1969696969696969,-3.687,-0.9283018867924528,-0.0802588996763754,-1.8639744952178527,-0.6565217391304348,2.4828962371721777,0.568,-0.3714689265536723,-0.1112775518938583,,-0.9667105841018884,-0.7021964781853495,2.871165644171779,3.311431466020727,0.6415792749908459,1.295593635250918,,-0.9508831320607714,-2000000.0,0.83645443196005,,0.7798819816110882,1.1667221297836938,0.2419367563293636,0.8588639963827576,2.174397031539889,-4.154309825195901,0.2177505330490405,0.9065400082141678,0.7691326530612245,0.0,0.5681818181818182,0.2783171521035599,,0.5225806451612903,,-0.1265611990008326,0.714111012976425,1.0330526315789474,0.9030722460654677,-4.198896410347419,,-0.4844512978668722,-0.9427168576104746,,154.6379,-0.0668529513140051
2022-12-31,0.6854184237653453,0.7685954615740445,,1.0010729613733906,0.6131987770111144,1.2638874304315866,-0.0089047195013357,1.0379011006045575,0.0,0.0,0.5295341764046743,,0.641948495190816,,0.3955970647098065,,0.9289694377216188,,0.5320669057485624,0.0238246350632231,-0.1508590256530948,0.735169461493756,0.9328374927192078,0.9116786110830726,1.063980867378387,-0.014809041309431,-0.758290666328949,-0.2586780789348549,1.489435983868055,0.7250848781660307,0.9281437125748504,-0.4559214662217709,,1.3608247422680413,,0.3157333333333333,,0.0,,0.5038155544731288,0.1679409649146175,,1.6106032906764167,,0.6897739368375456,,0.7639288402868576,0.6463102152374445,0.5808469913489706,,,,1.0876500957132085,0.6838768668088997,0.3523478650678023,,0.8835616438356164,,0.424410175299855,-0.4865733786597096,1.421487603305785,0.2476999292285916,2.255913978494624,-0.1112844513780551,-6.224661373190098,-3.771004147410831,,-1.014289303387895,1.141120277898393,0.3938935912938331,1.7628384534484474,,1.1866888519134775,-1.893939393939394,-3.532,-0.8150943396226416,-0.3663430420711974,0.2093517534537725,-0.6072463768115942,2.400798175598632,1.176,-0.9957627118644068,-0.6753691418788786,,-1.0215195432586737,0.882734138341258,0.6503067484662577,2.932592492674345,1.812212742585133,0.6811505507955936,,0.9891246591351772,1000000.0,1.0724094881398252,,1.524221215863867,1.1866888519134775,1.7167530145333325,1.9233931829307136,2.2115027829313543,-4.689572031344183,1.6751066098081024,0.9192266914945671,0.8022959183673469,0.8288,0.4659090909090909,0.1359223300970873,,1.1225806451612903,,0.736053288925895,1.1076160065221825,0.9846315789473684,0.9731841841566262,-4.915586938258248,,0.6622976098689283,0.8854337152209493,,155.9307,-0.0852572302522897
2022-09-30,0.7090338300065598,0.7899869207694784,,1.0917381974248928,0.6522435235301409,1.131576183975638,-0.0686348380026029,0.9654317160130212,0.0,0.0,0.5836401472706899,1.527040314650934,0.6252714861929879,-0.1225077987250779,1.2731821214142762,,1.1076152417403051,-1.0,0.6147007479210472,1.014109261338671,1.0425982584137443,0.9147660424964916,0.9162596890541692,0.8947209044110225,1.251460834833206,-0.0194855806703039,-0.796573372170861,-0.2406086543033761,1.3663998073797627,0.7630622239581768,0.7250499001996008,1.5336331544078534,,1.3608247422680413,,-1.0112,,0.0,,0.5586945932781295,0.1683672110184617,,1.6257508487855836,,0.696313630612951,,0.8039938190895043,0.6275196446873932,0.5891618586335352,,,,1.043796043854052,0.7075094366164162,1.5402891404236243,,0.8666398066075746,,0.088836167127982,-0.2190950536274277,1.3801652892561984,2.056617126680821,1.4516129032258065,1.6921476859074362,-2.3479682391405885,-1.820062092665008,-0.0865384615384615,1.2476063951275218,0.1826602981618179,1.1892382103990329,1.8233930921773849,,1.2186356073211315,1.2878787878787878,1.478,0.3396226415094339,0.6343042071197411,0.2093517534537725,-0.7115942028985507,-0.3722919042189281,0.6,1.1878531073446328,-0.0650545687994864,,1.1040843214756255,1.3530822529579671,0.5766871165644172,0.4385692514773285,1.889107652874405,0.4657282741738066,,2.1071612777561355,3000000.0,1.00187265917603,,1.205571565802113,1.2186356073211315,1.231800631166336,1.5956383574052757,2.2708719851576995,0.9885473176612416,1.1958955223880596,1.0650316167316207,0.6262755102040817,0.6848,0.1590909090909091,0.0,,-0.1870967741935484,,0.5861781848459617,1.0656294585229975,0.9597894736842104,1.2978329409700349,0.904395189982714,,1.4230274993574916,2.09328968903437,,127.6993,0.1222042720672705
2022-06-30,0.7264736200918377,0.8415193784580122,,1.0574034334763949,0.6852972771970417,0.9907592145332352,0.0089047195013357,0.8689350488296388,0.0,0.0,0.1235793180726748,1.5908226810881678,0.636984176233323,-0.1343415163434151,0.1687791861240827,,1.206731581020994,1.0,0.7627679213818414,1.5458673045940536,1.683454930571899,1.0090577912597276,0.9027286168735158,0.9209649742606238,1.1268029290662984,-0.0124707716289945,-0.8823476199952961,1.0841654778887304,1.4853428038283272,0.781179581167563,0.8368263473053892,1.440591904830988,,1.443298969072165,,-0.7477333333333334,,0.0,,0.0920603994154895,0.1682606494925007,,1.2956385479237398,,0.7293290474920169,,0.8231070961607037,0.6511359754014349,0.6089062382085989,,,,1.0089912407912291,0.7249619018591893,0.6804886249019388,,0.8928283642224013,,-0.708580466587584,-0.114475452604949,1.3801652892561984,-0.0169851380042462,-1.1433691756272402,0.4898595943837753,0.1732835123773937,-0.4744050242919777,1.7067307692307692,0.9095782261134374,-0.5187436676798379,0.1883313180169286,0.9195977083897408,,1.1168053244592346,3.371212121212121,1.481,-0.3924528301886792,-0.6187702265372168,0.2040382571732199,-0.2826086956521739,0.4646522234891676,0.056,-1.5466101694915255,2.26407019045581,-0.6428571428571429,0.7622310057092666,-1.024313671831944,0.3435582822085889,4.858357273851788,0.950623581105822,0.4596083231334149,,-0.3992664589014413,4000000.0,2.3177278401997503,,1.3765609990393852,1.1168053244592346,0.5262191879582925,1.032947640492626,2.0816326530612246,-3.5298372513562386,0.4986673773987207,1.221316845548135,0.7155612244897959,0.0672,-0.2840909090909091,-0.2265372168284789,,1.2903225806451613,,-0.0566194837635303,1.034513214212922,1.676421052631579,0.9731841841566262,-3.8803672868314942,,-0.1313287072731945,-0.3821603927986907,,144.3795,-0.0902898264642833
2022-03-31,0.7267078999156593,0.8774989478512654,,1.1727467811158798,0.6687600710655703,1.1619237635198991,0.1667237482019316,1.0457293442877074,0.0,0.0,0.6316631983352009,1.4540806293018682,0.6474557865342848,-0.1326461413264614,-0.6394262841894597,,1.0968649743907244,,0.8289151519545782,1.159595762339501,1.2179336314426925,1.0244234340227083,0.887584569201129,0.968204299989906,0.8712739465963165,0.0,-0.9497222875545022,1.1165002377555873,1.363992054415217,0.8568939098038038,0.8802395209580839,1.4431065331979305,,1.2783505154639174,,-0.5216,,0.0,,0.6074037993180711,0.168900018648267,,1.0208931835988508,,0.7569669132698205,,0.9029834779507904,0.5339084386744106,0.6137222752001537,,,,0.968385637217936,0.725196351956486,-0.3904516418244985,,0.9399677679290894,,-0.8770264926848557,0.0,1.396694214876033,-2.0141542816702054,0.1727598566308243,-1.3000520020800832,-2.514245679588977,-2.509243275269582,-1.1009615384615383,-1.40142291587362,0.5372702272398321,-0.5441354292623942,0.8858402373741838,,1.1174708818635608,1.1666666666666667,1.5,-2.437735849056604,-0.8440129449838187,-1.3485653560042508,5.7,-0.9469783352337514,0.36,-2.038135593220339,-0.2165632356088166,0.3095238095238095,-1.3707509881422926,-1.1297856732914486,2.785276073619632,-1.1069215602425715,0.9081482973269864,0.3225214198286413,,2.5193155434359173,-3000000.0,0.8913857677902621,,1.1221353094551942,1.1174708818635608,1.2932962615376793,1.5810030067942689,2.08286951144094,2.090415913200723,1.2566631130063963,0.7905212089397908,0.7563775510204082,0.6464,-0.4545454545454545,-0.2718446601941747,,0.4903225806451612,,0.5462114904246461,0.8925198722739317,0.739578947368421,0.9282210934242529,1.7052684148227528,,1.7011051143664868,2.5360065466448445,,151.5286,-0.0357952228160228
2021-12-31,0.7578015181332584,0.9101849644290474,,1.3186695278969958,0.7121018055612941,1.070040953481046,0.2154942119323241,0.8324290807626724,0.0,0.0,-0.0009604610212902,1.4738118649623075,0.6505972696245734,-0.1666214566662145,0.5773849232821882,,1.2473124331626049,,0.8191436554989766,1.6562027046819314,1.8164273946811007,1.1154265950359334,0.9786280747345312,0.9823357222166144,1.0112182253014128,0.0132501948558067,-1.0090641000126643,-0.2054208273894436,1.1819659302955516,0.8769341705976024,0.7030938123752495,-0.4609507229556555,,1.154639175257732,,-0.4309333333333333,,0.0,,-0.0342588082480922,0.3225617390841037,,0.8239749281796814,,0.7770297217988912,,0.9241253615436428,0.5628629996583533,0.6346192106364441,,,,0.8695399965195197,0.7563125688697161,0.6217639807239718,,0.9540692989524576,,-1.2075919335705814,0.1230663820591878,1.4132231404958675,-0.5888181174805379,-0.7849462365591398,-0.8361934477379095,-3.329752452125175,-2.208733736224671,1.5432692307692308,-0.940060144651694,1.2424374004921117,0.558645707376058,0.9439587699473592,,1.0682196339434276,-2.893939393939394,1.288,-0.3773584905660377,-0.7974110032362459,0.0743889479277364,-0.4420289855072464,-0.2137970353477765,0.76,-1.9364406779661016,0.1301091375989728,-0.5238095238095238,-0.944927536231884,-0.9482978149241932,0.6134969325153374,0.6523836720402487,0.9601439033321127,0.726438188494492,,2.006654850019478,-1000000.0,0.974406991260924,,1.418553588582407,1.0682196339434276,1.485874682963728,1.689997854765713,1.991341991341992,-0.2796865581675708,1.4469616204690832,0.924926505721993,0.8150510204081632,-0.0256,-0.4545454545454545,-0.4789644012944983,,2.167741935483871,,-0.1532056619483763,1.0756844894354236,0.9345263157894736,1.0303406554265926,-1.1228151603936338,,1.4708301207915704,2.1710310965630115,,125.2622,0.1663901799585189
2021-09-30,0.7796270265204761,0.935219292647654,,0.9645922746781116,0.7553609056728505,0.8749343694214008,0.3779710939105418,0.9908541311424586,0.0,0.0,-0.4898351208580118,1.5853818420190102,0.647378219050574,-0.1463447714634477,1.3899266177451637,,0.8724038948612597,,0.8548609290729906,0.5190645901479275,0.4459872911273241,1.2298751187151828,0.9719969532685157,0.9904108206318764,1.1127000172588082,0.0093530787217459,-1.0627431114649106,-0.2215882073228721,1.0143863239631614,1.1731815040711475,0.686127744510978,1.3746312684365782,,1.11340206185567,,-0.7050666666666666,,0.0,,-0.5301185257346972,0.335668806777313,,0.4426743275006529,,0.7907641352205826,,1.2366575537858078,0.5797745131533993,0.7834772884751274,,,,0.8238296884970125,0.778153939933885,1.70615263924689,,0.9621273166800968,,0.8195597732964282,0.237910770284871,1.3884297520661155,-0.4614295824486907,1.4630824372759856,-0.2849713988559542,-0.946753853339561,-0.9313312003791918,-0.6009615384615384,1.3713216596878568,0.1898972354899406,1.2950423216444982,1.9392821421586264,,1.1667221297836938,0.6666666666666666,1.289,2.120754716981132,0.9359223300970874,0.2072263549415515,-0.2391304347826087,0.6812998859749145,1.24,1.8460451977401129,-0.2516584635138027,-0.8333333333333334,1.1884057971014492,1.7046555911563153,0.6871165644171779,0.7499634075991654,1.996394361039912,0.5379436964504284,,1.5524281262173745,-1000000.0,0.8639200998751561,,1.2500343076711953,1.1667221297836938,1.071588330988363,1.4512105553229733,2.174397031539889,0.2001205545509343,1.0375799573560769,0.9688702347656952,0.8507653061224489,0.8768,-0.4318181818181818,-0.56957928802589,,2.070967741935484,,0.7860116569525396,1.0017664243494802,1.0056842105263155,1.0570136753525767,-0.6359206430192921,,1.02621434078643,1.4631751227495908,,98.5981,0.4818196293843391
2021-06-30,0.7713241495642396,0.966557946710016,,0.8390557939914163,0.7563628475808784,0.7719206132521265,0.394136584697582,0.9073011936133932,0.0,0.0,-0.7651672802945414,1.5695837430350703,0.6513341607198262,-0.1443442289434423,0.1771180787191461,,0.8809027973208757,,0.9675900879546228,0.7590684958258068,0.7352318192515886,1.2700469190752264,0.9564048568484252,1.0029272231755324,0.8209768485416307,0.0046765393608729,-1.0765473196678306,-0.2339514978601997,1.1667970866189128,1.178830033350359,0.8318363273453094,1.2139852023792252,,1.0309278350515465,,-0.6485333333333333,,0.0,,-0.8093846403636954,0.335455683725391,,0.4437189866805954,,0.8126546772280784,,1.2426165854431634,0.566920054663478,0.7827363597071959,,,,0.783920180984976,0.7698450284856868,0.0703799170682505,4.892514395393474,0.9746172441579372,,0.0,0.2608901889477429,1.3801652892561984,-0.1160651096956829,0.017921146953405,0.1029641185647426,-3.057916861279776,-1.993542362839199,0.5048076923076923,-0.4729874381423677,0.5398755246779563,0.1958887545344619,0.8795759644022247,,1.215307820299501,0.6515151515151515,1.284,0.0,-0.2110032362459546,0.2029755579171094,-10.146376811594203,2.954960091220068,0.888,-0.6567796610169492,-0.0547827947785148,0.7857142857142857,-0.5138339920948617,-0.8589791830575858,0.98159509202454,3.654395536588096,0.8894738191138777,0.6958384332925337,,-0.4148488507985975,25000000.0,0.9144818976279652,,1.1084122409770825,1.215307820299501,1.1444121037965325,1.5313198428779569,2.264687693259122,-6.162748643761302,1.1095415778251598,0.9275006153730884,0.9043367346938777,0.512,-0.4545454545454545,-0.7055016181229773,,0.1806451612903225,,0.4063280599500416,0.9497248454378694,0.8549473684210527,1.107692413211947,-5.973558669936141,,-0.2130557697250064,-0.5114566284779051,,101.823,-0.037057442817438
2021-03-31,0.7950238965420298,0.9990443540262544,,0.7494635193133047,0.7707205718299385,0.8917357975427911,0.4234536612096718,0.8934273756006821,0.0,,-0.2682887786137345,1.4499508357915438,0.649433757368911,-0.1450223789502238,0.580386924616411,,1.0647830247087298,,1.0162914047641622,1.4320167944148807,1.5462461755707224,1.3662097608686408,0.9367803216990008,1.0158473806399515,0.8771912522498089,0.0350740452065471,-1.0765473196678306,-0.2643842130290061,1.0883043399747183,1.177207583451011,0.7749500998003992,1.2530586585424828,,0.9484536082474226,,-0.8533333333333334,,0.0,,-0.3054067218704335,0.3359884913551962,,0.379472447114129,,0.8333513817612273,,1.2409049486905186,0.4844977792962077,0.7569822245700212,,,,0.7319450084111607,0.7935620003282301,0.5980051552168553,4.953934740882917,0.9875100725221596,,-0.7109529458283906,0.4998023559174638,1.371900826446281,-0.0608634111818825,0.5268817204301075,-0.001040041601664,-3.057916861279776,-0.7090299798554331,-1.3173076923076923,0.4843783783783784,0.1618179186568244,0.56136638452237,0.8750517672558099,,1.2252911813643927,0.3712121212121212,1.296,-0.9433962264150944,-0.9488673139158575,-0.6227417640807651,-0.0043478260869565,-0.2958950969213227,0.776,-2.266949152542373,-0.3791996576075326,-1.1666666666666667,0.3697848045674132,-0.8266724438717916,2.331288343558282,-0.6807277152278918,0.8872768216770414,0.671358629130967,,1.6918905336969223,2000000.0,0.7134831460674157,,0.9330314258268148,1.2252911813643927,0.9620829540990412,1.4069193626844003,2.2832405689548545,1.2103676913803496,0.929371002132196,0.8201234699273894,0.9451530612244898,0.2496,-0.4431818181818182,-0.8090614886731392,,0.0064516129032258,,0.1332223147377185,0.8207758679258101,0.739578947368421,0.9895690392540166,1.0454580875397663,,1.2189668465690051,1.7692307692307692,,96.6523,0.0144580108285059
2020-12-31,0.795623652891013,1.025376142444895,,0.5509656652360515,0.777951080444573,0.8251601386117821,0.390026714158504,0.6825298403348318,0.0,,-0.6643188730590683,1.435725991478204,0.6794911573068569,-0.1305777838057778,0.1447631754503002,,0.8796082625091461,,1.0571621387976375,0.876434116096275,0.87667686514474,1.3811218053212753,0.9748644652538196,1.038053901281922,0.6408935131536774,0.0257209664848012,-1.1306786315199102,-0.2567760342368045,0.9038704628905074,1.2784905206862365,0.7939121756487026,-0.5195609072005416,,0.865979381443299,,-0.6634666666666666,,0.0,,-0.7070953076798181,0.4162293204038682,,0.4740141028989292,,0.8593411179284278,,1.34775545782321,0.5161428083361804,0.8117286279782935,,,,0.6558385057137885,0.7941621925773099,0.0161380701557772,5.059500959692898,1.0096696212731668,,-0.4752866745749308,0.4941102063404222,1.421487603305785,-0.1004953998584571,-1.0372759856630824,-0.297451898075923,-1.010275572162541,-0.9559786704585852,0.0,0.2000236010658546,0.0,0.1665659008464328,0.8670474184583067,,1.125457570715474,-0.8863636363636364,1.075,1.6226415094339623,-0.287378640776699,-0.1009564293304994,-0.1898550724637681,3.820410490307868,2.232,-0.8234463276836158,-0.1446608174620158,0.7857142857142857,0.1073342116820377,-0.7943657046859975,0.6993865030674846,7.2720207328238144,0.8455338703771512,0.8035495716034272,,-2.495098169068952,2000000.0,0.9563046192259675,,1.0365033621517772,1.125457570715474,0.7732805801519347,1.2143489599079975,2.0977118119975264,-10.912597950572634,0.7428038379530917,0.9981047658031372,0.9349489795918368,-5.6928,-0.4318181818181818,-0.7831715210355987,,1.4903225806451612,,-6.0516236469608655,0.9360010870303688,0.948842105263158,1.1690403590417109,-10.91758570850831,,-0.5887946543305063,-1.108837970540098,,94.5903,0.0365724603897017
2020-09-30,0.7867772467435105,0.8884275549207833,,0.3401287553648068,0.7455584018510102,1.0555497217263468,0.6199054729776012,0.8004185397612773,0.0,,0.0656315031214983,1.26758439855785,1.0548014272417003,-0.163196799131968,-0.0416944629753168,,0.6274553948331176,,1.0920093476187556,0.1490016110921251,0.0,1.4095567494011083,0.9798826112281016,0.9322701120419904,0.526097783475924,-0.0109119251753702,-1.1171096195249035,-0.2282453637660485,0.8061156925299464,1.420545022984707,0.875748502994012,1.13699888776053,,0.7835051546391752,,-0.8149333333333333,,0.0,,0.0332846241272933,0.4473452859844953,,-0.4421519979106816,,0.8616654032767141,,1.4976187646103254,0.3357960368978476,0.8301695217579221,,,,0.6010789488949475,0.7853093569033831,-0.2210019051888378,4.5566218809980805,0.9041095890410958,,0.3988401212600501,0.6626083748385907,1.3636363636363635,-0.9907997169143666,1.2551971326164877,-0.8403536141445658,-0.4329752452125175,-0.5383936485365565,0.0288461538461538,0.7002139322421013,-0.5421913446229556,-0.0024183796856106,1.2067102196045294,,1.2765391014975045,-0.5454545454545454,1.074,1.3056603773584905,0.1320388349514563,0.1923485653560042,-0.0333333333333333,-0.0712656784492588,1.24,0.0918079096045197,-0.13952493045153,0.2857142857142857,0.5689942907334211,0.9986583201255782,1.01840490797546,0.0611652742421068,1.2256144269498352,0.5783353733170135,,0.6268340475262952,5000000.0,0.715980024968789,,0.6736654315905036,1.2765391014975045,0.5046417737929089,1.109975801603187,2.37847866419295,-0.0458107293550331,0.4773454157782516,0.960780175862252,0.9400510204081632,-0.1504,-0.4431818181818182,-0.7961165048543689,,-0.1548387096774193,,-0.2830974188176519,0.8061009579455126,0.7092631578947368,1.3085021489404285,-0.0830450929166517,,0.5805705474171164,0.7504091653027823,,76.2842,0.285321206750546
2020-06-30,0.7859244681847999,0.9187016262549124,,0.1437768240343347,0.7503718547287527,0.9965347054499633,0.7021028837591616,0.7904200899085413,0.0,,0.0,1.2818092428711898,1.0496819733167857,-0.1743523667435236,-0.6664442961974649,,0.6536275116789554,,1.1421161536445117,0.2650002441048674,0.1397975994351612,1.4201312600110565,0.9636632465612258,0.900777228222469,0.353213836633053,-0.0272798129384255,-1.1578166555099234,-0.263433190679981,0.7911876241497622,1.4139049965447823,1.1676646706586826,1.12452246240147,,0.9896907216494846,,-1.0026666666666666,,0.0,,-0.0332846241272933,0.44883714734795,,-0.5607208148341604,,0.8792243225896764,,1.4906137327152422,0.3324649812094294,0.8301832426610319,,,,0.5558327049132781,0.7844559585492228,-1.0772161828981284,4.406909788867562,0.8726833199033038,,-0.1858442071965203,0.6526471130787678,0.3140495867768595,1.9306440198159944,-0.6516129032258065,-36.72490899635986,-0.556282111163008,-0.4227401350870956,1.5144230769230769,-13.383531785306433,9.625705601389493,-0.5686215235792019,0.2528006520412133,,0.7860232945091514,-277.8712121212121,0.726,-1.018867924528302,0.7961165048543689,0.1934112646121147,-2.1318840579710145,2.054161915621437,0.6,1.5409604519774012,0.124973250588487,0.3333333333333333,-12.429863855950812,0.2232965796665184,1.9263803680981595,2.65276825099804,0.2365994141340168,0.4265605875152999,,-1.860894818854694,-1000000.0,1.1410736579275904,,0.3613283930286812,0.7860232945091514,-0.8455649176059697,-0.1378804083879045,1.4669140383426098,-1.723930078360458,-0.8568763326226013,0.8169977653510592,0.9247448979591836,-0.6016,-0.3522727272727273,-0.7572815533980582,,5.058064516129032,,-0.7527060782681099,0.4695291799714654,0.9437894736842104,0.7982853820705293,-3.504957962687726,,-0.988177846312002,-1.7422258592471358,,84.4762,-0.0698599132063231
2020-03-31,0.2392934120513541,-0.050401338539786,,-0.0670600858369098,0.3766165351402719,-1.3265777591095242,-0.3461880950750051,0.2815067431405983,0.0,,0.9101968945093644,0.6762372992461488,-0.0016677008997828,-0.2200596772005967,11.049699799866575,,0.1935048122924523,,-0.0962983206634801,-0.049211541278133,-0.2388797364085667,0.8421903128410847,-1.250056006093463,0.1146663974967194,3.3613747873468283,-0.1418550272798129,-0.0135871040109999,,0.3115632336122313,0.8497431120992699,0.062375249500998,0.4894820832728855,,,,-1.2821333333333331,,0.0,,0.8899171943497322,-2.0182753017023205,,0.7215983285453121,,-0.0592904062481016,,0.8954395974483934,0.1015971984967543,0.4458744674574481,,,,0.1957190092232728,0.2374276135324596,14.658298778437745,0.6698656429942419,0.088235294117647,,10.00975352576776,-1.587793501462566,-1.033057851239669,0.2278839348903043,1.4415770609318996,0.2204888195527821,-0.5375992526856609,-0.3525896433226685,0.1778846153846154,0.4508800913589646,9.273122014763352,10.049576783555018,0.5054596619102274,,0.1231281198003327,-0.0378787878787878,0.737,-0.3396226415094339,-1.1546925566343045,-0.4697130712008501,0.1376811594202898,0.0108323831242873,-0.232,-2.7161016949152543,-0.1129895142306869,-0.9523809523809524,0.338866930171278,0.0,1.7177914110429449,-0.2631438468801749,0.5214767484437934,0.1780905752753978,,1.0927475652512662,24000000.0,-0.0024968789013732,,0.3511733223548785,0.1231281198003327,0.6923652770317462,0.5765557859125507,0.2350030921459492,0.0940325497287522,0.6628464818763327,0.1175754001533893,0.4502551020408163,-0.4672,0.9772727272727272,0.4466019417475728,,,,-0.6128226477935054,0.2241320741898226,0.0869473684210526,0.1242200642267267,0.1513013336700641,,0.9388332048316628,1.3248772504091653,,64.5922,0.2164735060889705
2019-12-31,0.2197638459375878,-0.0429825276524116,,-0.0971030042918455,0.3629095566665289,-1.4060695159088523,-0.2993355709295157,0.1009920942489536,0.0,,0.508083880262526,0.6540150770239266,0.0,-0.2401329174013291,10.643428952635093,,0.1436370799797377,,-0.0762199032889563,-0.0509690963237806,-0.240997881854554,0.833175046422952,-1.2143913257762444,0.1150701524174825,3.1405606647106685,-0.1301636788776305,-0.0361297559387042,-0.2853067047075606,0.0866791067236501,0.8404590932307785,0.0469061876247504,-0.5992552831374824,,,,-1.1744,,0.0,,0.4820587757752882,-1.953699016969923,,0.4494646121702794,,-0.0576528415708999,,0.8856452315860375,0.0886573283225145,0.4398235491860074,,,,0.1474563489761587,0.2178838534217991,14.112294071500616,0.6717850287907869,0.088638195004029,,,,-1.008264462809917,-0.6496815286624203,-0.8580645161290322,-0.2849713988559542,26.556282111163007,13.404490579452542,-0.1442307692307692,11.131504377617054,0.7983789260385005,9.681378476420798,0.3175314727514566,,0.0898502495840266,1.2651515151515151,0.569,1.7509433962264151,0.344336569579288,0.2114771519659936,-0.4536231884057971,-0.040478905359179,0.376,0.5550847457627118,-0.1703402525144446,0.4761904761904761,10.196750109793587,-0.2242467778778653,0.0,0.346729500363054,0.3098326620285609,0.3776009791921664,,1.0740486949746786,24000000.0,0.1573033707865168,,0.3569370111156855,0.0898502495840266,0.8827859570412564,0.6932534499950509,0.1731601731601731,-0.7498493068113321,0.8510127931769723,0.0427423552965408,0.5191326530612245,0.1248,0.625,0.2718446601941747,,0.4516129032258064,,0.0033305578684429,0.2356817718595013,-0.1113684210526315,0.1486068253019123,-0.9612753906105578,,0.8314058082755076,1.1538461538461535,,74.0617,-0.0222044592549186
2019-09-30,-0.0583169337456658,-0.036545128967627,,-0.2548283261802575,0.0569557492872784,-1.4117399978998215,-0.3190629495170902,0.2433731204464424,0.0,,0.1738434448535297,0.538970829236316,-0.0025985107043127,-0.2617319951173199,0.8782521681120747,,0.2510271852310463,,-0.0550260182825144,0.2464482741785871,0.1174393975052953,0.0301359377436319,-1.221380886240423,0.087614817805592,0.2457161172612737,-0.1005455962587685,-0.0428961699202142,-0.2853067047075606,0.1109974116655631,-0.0563651113180903,0.1047904191616766,0.4418975772522849,,,,-0.0352,,0.0,,0.143042701737295,-1.95337933239204,,0.1679289631757639,,-0.0610441851927175,,-0.0604778319267799,0.0200290399726682,0.007230915938887,,,,0.1286617553222344,-0.0603990340655991,0.9884567970413538,0.5412667946257198,0.0612409347300564,,,,-1.0413223140495869,2.394904458598726,0.9254480286738352,1.7878315132605305,1.2494161606725829,0.5863841687403721,1.6153846153846154,2.0717403882756,-0.7867998263135041,0.8313180169286578,0.7629908840907651,,0.0858569051580698,1.2651515151515151,0.565,-0.3849056603773585,0.0284789644012945,0.2093517534537725,-0.0304347826086956,1.236602052451539,0.232,-0.134180790960452,0.1429488551251872,-0.238095238095238,1.834870443566096,0.8048178850108133,-0.0490797546012269,0.0080704181291668,0.7818209447088978,1.2870257037943695,,0.2380533696922477,24000000.0,-0.0262172284644194,,0.3187868807465349,0.0858569051580698,0.1604820178550405,0.1752390665265267,0.16573902288188,-0.1928872814948764,0.1372601279317697,0.2731251690695904,0.4298469387755102,-0.3744,0.125,0.4983818770226537,,,,-0.5162364696086594,0.2051090427338814,0.4524210526315789,0.1158371151071317,-0.1194484213184716,,0.3600616808018504,0.4034369885433715,,62.4278,0.1600152496163567
2019-06-30,-0.0798613063442976,-0.0128747973695691,,-0.1223175965665236,0.0367206544643226,-1.447443032657776,-0.2944037262826221,0.1722988683924972,0.0,,0.0813190331359052,0.5402818747951491,0.0014737821905057,-0.2648175776481757,-0.9482988659106072,,0.2199583497495356,,0.0416627160521369,0.3177268954742958,0.2033419628147799,-0.0022396416573348,-1.229266544200009,0.0815584939941455,-0.2539017234152715,0.9454403741231489,-0.0766920557957773,-0.0532572515454113,0.0996809727321976,-0.1023044797644443,0.0878243512974051,0.3532085690797427,,,,0.0042666666666666,,0.0,,0.0491962981003409,-1.953805578495884,,0.0749542961608775,,-0.0318110144713175,,-0.1082451761163279,0.0204560983942603,-0.0120743947366615,,,,0.1091710656070537,-0.0819590650130119,-1.3569427322649332,0.5124760076775432,0.0551974214343271,,,,-1.033057851239669,0.2094833687190375,-2.065232974910394,0.2090483619344773,-0.168612797758057,-0.1857452304775447,0.3413461538461538,0.0919154929577464,-0.8664061369228543,-0.8240628778718259,0.0398153709946064,,0.0851913477537437,1.2651515151515151,0.566,-0.7396226415094339,0.456957928802589,0.2104144527098831,-0.6246376811594203,2.528506271379704,-0.184,0.8008474576271186,-0.0838861545046009,0.3333333333333333,0.0075537988581466,-1.159241817843202,0.0981595092024539,3.0947470532354857,0.0304478213108751,0.0703794369645042,,-0.6922154265679782,,-0.0280898876404494,,0.2850281322903801,0.0851913477537437,0.5828599001424244,0.4764191764688211,0.1645021645021645,-5.227245328511152,0.554637526652452,0.0712414264336699,0.1466836734693877,-0.5376,0.0,1.2168284789644013,,0.1419354838709677,,-0.6860949208992506,0.1746721924043753,0.0326315789473684,0.0773517577853544,-5.077126708041325,,-0.2274479568234387,-0.5319148936170213,,56.8451,-0.0175965983893779
2019-03-31,-0.0833567613157155,-0.0064373986847845,,-0.3927038626609442,0.0252241457670536,-1.3697364275963455,-0.3031714500993219,0.2130677414354363,0.0,,0.3534496558348007,0.423795476892822,7.756748371082842e-05,-0.2655974501559745,-1.0400266844563042,,0.0490234704789778,,0.0452099031216361,-0.378069618708197,-0.6352082843021888,-0.0055282294073454,-1.2368833729109727,0.0738871504996467,-0.32165487314776,0.9485580670303976,-0.0696542615743672,0.0294816928197812,0.1473544814302052,0.0012318601087642,-0.0084830339321357,0.4040814352724987,,,,-0.0224,,0.0,,0.3252151323266764,-1.9534858939180009,,0.0801775920605902,,-0.0284936253833089,,0.0010143032608264,-0.0432183122651178,0.0143246228466757,,,,0.0887522478101978,-0.08545706046468,-1.4412193208562143,0.4760076775431862,0.0475423045930701,,,,-1.0413223140495869,0.3397027600849256,0.0494623655913978,0.3265730629225169,-2.814105558150397,-1.7560734684204289,-0.2692307692307692,-0.923311001141987,-0.1739759733680706,-0.9071946795646916,0.2277435601533772,,0.0858569051580698,0.6060606060606061,0.562,-0.4981132075471698,-0.2368932038834951,-0.4452709883103082,0.244927536231884,0.2251995438996579,-0.52,-0.713276836158192,-0.1925957628932163,0.1666666666666666,-0.9294685990338164,-0.3572745274664295,1.3496932515337423,0.0496853053528224,0.2358670816550714,0.0679314565483476,,0.661115309700039,,-0.011860174781523,,0.2021407986825854,0.0858569051580698,0.3724801120299343,0.3265994031087795,0.16573902288188,-0.0602772754671488,0.3467484008528784,0.0526710639507664,0.1875,-0.4672,3.2045454545454546,1.1132686084142396,,0.5548387096774193,,-0.6128226477935054,0.1166519464637543,0.0427368421052631,0.0297213650603824,-0.3469692238298463,,0.6540735029555385,0.8715220949263502,,64.0836,-0.1667158642770685
2018-12-31,-0.0591509699184706,0.0,,-0.3433476394849785,0.0583088873280171,-1.4348419615667332,-0.3165970271936434,0.1013796310649511,0.0,,0.0761965743556907,0.4626679777122255,0.0022882407694694,-0.264037705140377,-0.2421614409606404,,0.2367310181797715,,0.0624773420637266,0.2526973587853341,-0.7455871969875265,0.0842275362524274,-1.2180653255074152,0.0831735136771979,-0.0719445745703789,0.9041309431021044,-0.0889041665912832,0.4488825487398954,0.0760849936796484,0.0,-0.0568862275449101,-0.5901639344262295,,,,0.016,,0.0,,0.0440006494560805,-1.9115006526893463,,-0.081744580830504,,-0.0279548137798426,,-0.0010143032608264,-0.0440297232661428,0.0125134636361765,,,,0.0460583560531353,-0.0612336764119757,-0.1712428555418581,0.5201535508637236,0.0568090249798549,,,,-0.8925619834710744,0.0,-1.0759856630824374,0.0603224128965158,-0.1247080803362914,-1.0175973456570684,-0.0817307692307692,-0.2891275218880852,0.0361846866406136,-0.18409915356711,0.3582492470691903,,0.0452579034941763,-2.787878787878788,0.425,1.532075471698113,0.4504854368932038,-1.973432518597237,0.1608695652173913,5.059863169897377,-0.264,0.786723163841808,0.2037235180826022,-0.0952380952380952,-0.3441370223978919,-0.3059638240536976,-0.1104294478527607,-0.9705969296823206,0.3673207616257781,6.440024479804162,0.0,-3.1698157382158163,0.0,0.1435705368289637,,0.2430355427473583,0.0452579034941763,-2.567982003357715,-1.7962967170982875,0.0902906617192331,1.2127787823990357,-2.558901918976546,1.1159622148282966,0.1721938775510204,,,,-86000000.0,1.4903225806451612,0.0,-2.727726894254788,0.1814661322100686,2.339578947368421,0.1547035155707088,0.5244354497887185,0.0,-1.5469031097404269,-2.632569558101473,,72.9901,-0.1156540407534719
2018-09-30,0.0046855964764314,0.089691094853639,,-0.2258583690987124,0.0716026938809238,-0.8546676467499738,-0.2006986779916432,0.1774143543636645,0.0,,1.171442292300304,0.5252048508685677,0.0044213465715172,-0.2730231927302319,0.0,,0.1324928237744132,,0.0506980038706726,0.0013669872577259,-0.8827959519887032,0.0898408153429628,-1.022447242259958,0.1102250933683254,0.0779605019847629,0.9376461418550271,-0.0874929893438025,0.446980504041845,0.1714320110756636,0.0656491301865817,0.0334331337325349,0.3595918564727501,0.0,0.0,0.0,-0.0682666666666666,0.0,0.0,0.0,1.154895275207014,-1.6707781655433305,,-0.4411073387307391,,0.0279548137798426,,0.0460557074369032,0.0085411684318414,0.0555833784979727,,,,0.0284239225013051,0.0026492860994537,0.1533116664798834,0.6487523992322457,0.0838033843674456,,,,-0.7768595041322314,-0.7374380750176929,1.1605734767025089,-0.6469058762350494,3.3624474544605323,1.2295883398506933,0.8461538461538461,1.6880327369623145,-1.257200752641482,0.0353688029020556,0.7522024139723913,,0.0405990016638935,0.0,0.435,-0.8603773584905661,0.170873786407767,-0.8586609989373007,0.0043478260869565,0.2366020524515393,2.28,0.1765536723163842,0.0059918681789,-0.0714285714285714,1.4807202459376372,0.8532779937895045,-0.0490797546012269,0.2276248231367293,0.7236005126327353,0.0422276621787025,0.0,0.8301842617841839,0.0,0.1373283395755306,,0.2754219843557019,0.0405990016638935,0.4528559797959882,0.3577958083585568,0.0816326530612244,0.0482218203737191,0.4261727078891258,0.1186785900038588,0.1288265306122449,,,,0.0,-0.0903225806451612,0.0,-0.8592839300582847,0.1720904952782118,0.1345263157894737,0.0834484480541508,-0.017064060188353,0.0,0.8036494474428167,1.1096563011456628,,73.7451,-0.0956525392944085
2018-06-30,-0.0377003092493674,0.0943153760794016,,0.1040772532188841,0.0295727802338553,-0.9023416990444189,-0.151380231522707,0.1253294062935979,0.0,,0.7571634384504562,0.5294657489347755,0.0034129692832764,-0.2741760477417604,-1.4903268845897264,,0.2358867563460348,,0.0745467018410793,0.4913342772054875,-0.4120969639915274,-0.0065204757112279,-0.9400062726824678,0.0444130412839406,-0.3776720333341551,0.970381917381138,-0.1002659526351021,-0.098906324298621,0.1745620899295732,-0.1137517651653997,-0.0693612774451097,0.2945983848348566,0.0,0.0,0.0,-0.1536,0.0,0.0,0.0,0.7346971911024517,-1.5637903934784343,,-0.5528858709845913,,0.0289796123197688,,-0.1412100320931891,0.0009395285275025,-0.0254522752687581,,,,0.0089332327861244,-0.0397674255034815,-2.106914714782024,0.3358925143953934,0.0181305398871877,,,,-0.3057851239669421,1.3602264685067234,-0.3419354838709677,1.0691627665106604,0.304063521718823,-3.4600668325631,-1.0721153846153846,-2.091183098591549,0.3233463598205239,-1.3152962515114872,0.1751932702219432,,0.0459234608985024,0.0,0.505,-0.4377358490566038,0.0116504854368932,-7.773645058448459,-0.0217391304347826,0.934435575826682,-0.408,-0.1709039548022599,-0.3355446180184036,-0.6904761904761905,-2.00737812911726,-0.5853220981896824,0.0736196319018405,1.0914924820553735,0.1780128158183815,0.1083231334149326,0.0,0.2466236852356836,0.0,0.0380774032459425,,0.2597776862906545,0.0459234608985024,0.238700144204556,0.2079760349985152,0.0915275200989486,-0.8728149487643159,0.2145522388059701,0.2095078876925152,0.0522959183673469,,,,0.0,-0.8903225806451613,0.0,-0.8093255620316403,0.1777974047149942,0.3008421052631579,0.1211717190923285,-0.7610570844005481,0.0,0.4109483423284503,0.4844517184942717,,70.9601,-0.024978581387926
2018-03-31,0.0344672476806297,0.0997547284564676,,0.4592274678111588,0.037557327604016,-0.174839861388218,0.0223302965956572,0.1240117811192063,0.0,,0.5913238354410116,0.4603080957063258,0.0107043127520943,1.2571205750712058,0.3308872581721147,,0.2265435920526819,,-0.0432912987947372,0.4622369770053214,0.2934808190162391,-0.0014741945086254,-0.2735785653479098,0.0609669930352276,0.273132966789122,1.4006235385814498,0.015758145930201,0.1588207322872087,0.1861193041593932,-0.1230658294023976,0.0094810379241516,0.292954204748779,0.0,0.0,0.0,-0.144,0.0,0.0,0.0,0.5664880662445202,-0.7630870874070916,,-0.8871768085662053,,0.0406221689280026,,-0.1308451206466183,0.0,-0.0125683472486159,,,,-0.0089332327861244,0.0324525824678217,0.4621763980723972,0.4145873320537428,0.0346494762288477,,,,-0.1074380165289256,-0.2377919320594479,0.1885304659498207,-0.110244409776391,0.1377860812704343,-0.3938267567247304,-1.0144230769230769,-0.1254427103159497,0.4090316977854972,0.3352478839177751,0.0982819187328907,,0.0472545757071547,0.0,0.111,-0.0679245283018867,-0.7093851132686084,-1.3071200850159406,0.2913043478260869,-0.0883694412770809,-0.328,-1.7443502824858756,-0.325272843997432,0.5,-0.1930610452349583,-0.7050470728193902,1.374233128834356,-0.3478086174386467,0.0952592456975466,0.0128518971848225,0.0,0.858232567199065,0.0,0.0574282147315855,,0.1672842047481817,0.0472545757071547,0.3147605291375332,0.2630511701925666,0.0940012368583797,0.6292947558770343,0.2897121535181237,0.1076466914991637,-0.0012755102040816,,,,0.0,0.0,0.0,-0.8592839300582847,0.1310550988518241,0.0705263157894736,0.1185044170997301,0.4994081615124673,0.0,0.822153687997944,1.1391162029459905,,72.3509,0.049230773588005
2017-12-31,0.0479992503045637,0.1052273490437909,,1.1834763948497855,0.0365243978019253,-0.0127060800168014,0.0732926912802246,-0.0251898930398387,0.0,,0.7456379061949736,0.4658144870534251,0.0070198572758299,1.2805167503051675,0.4296197464976651,,0.2030731130748016,,-0.0480878096119845,0.4688766293999902,0.2913626735702518,0.0008221469375026,-0.1697208656301805,0.0508731200161502,0.3499593185236322,1.4263445050662509,0.0394586868814792,0.1768901569186876,0.0048155059290916,-0.1216536970825947,-0.0568862275449101,-0.5971275206731467,0.0,0.0,0.0,-0.2474666666666666,0.0,0.0,0.0,0.7230069816528657,-0.6130484588539308,,-0.7633846957430138,,0.0476478496398678,,-0.1293553627322794,0.0035872907413734,-0.0082188209627957,,,,-0.0667092058704101,0.0459944200876843,0.6033845119354477,0.3666026871401152,0.0245769540692989,,,,-0.024793388429752,0.7685774946921444,-0.1125448028673835,0.5637025481019241,-0.205978514712751,-0.1184386775684322,-0.2980769230769231,0.3134609821088694,0.1609494861774497,0.4247279322853688,0.0770529936612517,,-0.0033277870216306,0.0,0.004,2.0679245283018868,-0.1229773462783171,-0.3230605738575983,0.1115942028985507,0.8318129988597491,0.68,-0.4646892655367232,0.8842285469719666,,0.2120333772507685,-0.0427589195106099,-0.0245398773006134,0.4658341775893787,0.0498546320029293,0.2062423500611995,0.0,-0.3914752629528633,0.0,0.1573033707865168,,0.0168793742280774,-0.0033277870216306,-0.283473278597727,-0.1933406843875086,0.0,-0.5617842073538276,-0.3014392324093816,0.2310200897766707,0.0012755102040816,,,,0.0,1.5677419354838709,0.0,2.894254787676936,0.1045587336096202,0.2044210526315789,0.2530126461550508,-1.1774201529963635,0.0,-0.5815985607812901,-1.0957446808510638,,74.5179,0.1244325821275912
2017-09-30,0.0297629088182925,0.1153408849620054,,0.088519313304721,0.0,0.1542581119395148,1.0752791287074457,0.010463494031933,0.0,,1.09396510324956,0.0327761389708292,0.0055848588271796,1.2958768479587686,0.1437625083388926,,0.0,,-0.0194426008243305,-0.0376897915344432,-0.4132737114615203,0.0129275518448693,-0.1349522828083695,0.0080750984152619,0.1238196207993293,1.333593141075604,0.0578944511786948,0.7684260580123633,-0.0426172274724613,-0.0308866388246251,0.0329341317365269,0.151264567919145,0.0,0.0,0.0,-0.1258666666666666,0.0,0.0,0.0,1.0763110894625751,-0.5593414497695607,,-2.673021676677984,,0.0513138815301193,,-0.0335987955148777,-0.2785275025623505,-0.007230915938887,,,,-0.0936249202389929,0.0277448245141021,0.4980387761963465,0.1631477927063339,-0.0181305398871877,,,,-0.0495867768595041,0.2505307855626327,1.3111111111111111,0.2412896515860634,0.5441382531527323,0.4114819291385235,0.7788461538461539,0.8848351732013704,-0.5216384426110869,0.1656590084643289,0.3161394120910212,,0.0033277870216306,0.0,0.0,-0.4377358490566038,0.1773462783171521,0.208289054197662,-0.508695652173913,-0.0290763968072976,-0.216,0.1906779661016949,-0.0059918681789,0.2857142857142857,0.7393939393939394,0.9977081219142312,-0.0981595092024539,-0.100989286319034,0.3219161479311607,-0.0140758873929008,0.0,0.3112906116088819,0.0,-0.1541822721598002,,-0.0050775353369013,0.0033277870216306,0.2079523290188844,0.1613739975266257,0.0123685837971552,-0.5834840265220012,0.1841684434968017,-0.0159105717534214,0.0012755102040816,,,,0.0,1.5677419354838709,0.0,0.6394671107410491,0.0034649093009035,-0.0814736842105263,0.0,-0.4880321213868985,0.0,0.230017990233873,0.1963993453355155,,64.1338,0.3012890979410971
2017-06-30,0.0124636866273076,0.1186510718826052,,0.4189914163090129,-0.0120646200884187,0.0830620602751233,1.1421330228097817,-0.0184467524414819,0.0,,0.9031535136865696,0.0012454932808915,0.0018616196090598,1.3013698630136987,-0.642761841227485,,-0.0435639106208138,,0.020714233924717,-0.1159986330127422,7.711461520357731,-0.0028916892284576,-0.1481249159908598,-0.0080750984152619,-0.0702680046352227,1.396726422447389,0.0437645866878946,0.7769852591535901,-0.050322036959008,-0.035603761680137,-0.0683632734530938,0.115189322501088,0.0,0.0,0.0,-0.0565333333333333,0.0,0.0,0.0,0.882773177463874,-0.5601939419772491,,-2.811961347610342,,0.052602803405078,,-0.0385752208883077,-0.2990690126409293,-0.0126369517641651,,,,-0.1258773710772086,0.0104330293297071,-0.5549703014681161,0.0863723608445297,-0.0342465753424657,,,,-0.0743801652892562,0.7657466383581033,-0.4637992831541219,0.6853874154966199,0.168612797758057,0.3309036615712762,-0.0913461538461538,0.5003661971830986,-0.9118541033434652,-0.5471584038694075,-0.1251438172669812,,0.0033277870216306,0.0,-0.002,-0.060377358490566,0.0,0.208289054197662,0.1608695652173913,-0.0815279361459521,-0.216,-0.1963276836158192,-0.1609244596618874,0.3095238095238095,0.3845410628019323,-0.4332903843741804,-0.0368098159509202,-0.1741740879882215,-0.142382643720249,-0.0128518971848225,0.0,0.5123034670821971,0.0,-0.1217228464419475,,0.0050775353369013,0.0033277870216306,0.1912298330407121,0.1494346325544887,0.0123685837971552,0.1157323688969258,0.1676439232409381,-0.0223458458811602,0.0038265306122448,,,,0.0,-0.3483870967741935,0.0,0.5528726061615321,-0.0034649093009035,-0.0591578947368421,-0.0335317964783802,0.1376500855193816,0.0,0.3759958879465433,0.4288052373158756,,54.3824,0.5454889817293831
2017-03-31,0.0,0.1230258415314381,,0.3540772532188841,-0.0153596661570879,-0.0231019636669116,1.25337351873416,-0.0509998449852736,0.0,,0.6188570513846646,0.0,-0.0044213465715172,1.3057778380577785,-1.0923949299533022,,-0.2357741881015365,,0.0444067664266552,-0.7008738954254747,-1.0242409978818543,-0.0109997590258976,-0.1596845736816165,-0.0262440698496012,-0.2098177962967528,1.452065471551052,0.0236462649032981,1.148834997622444,-0.0941431409137422,0.0457891416038217,-0.1457085828343313,0.0745684027274046,0.0,0.0,0.0,-0.0501333333333333,0.0,0.0,0.0,0.5944146777074201,-0.5605136265551323,,-3.045965003917472,,0.0535008227441886,,0.0472918895360355,-0.2998804236419542,0.0298429642639078,,,,-0.1551134056499797,-0.002039715846482,-0.98397399977586,0.0,-0.0523771152296535,,,,-0.0495867768595041,-0.5180467091295117,-0.4666666666666667,-0.3567342693707748,0.1910322279308734,-0.0549240431330726,0.0144230769230769,-0.1498051008755234,-0.8076422058184977,-0.9546553808948004,-0.0906903159212065,,0.0,-0.4772727272727273,0.001,1.0037735849056604,0.1281553398058252,-0.7375132837407014,0.2594202898550725,-0.0267958950969213,-0.712,0.0833333333333333,-0.1420928739567729,0.5238095238095238,-0.2155467720685112,-0.1862388494239898,0.7607361963190185,-0.1985690218779507,-0.0947810325887953,-0.120563035495716,0.0,0.3042785352551617,0.0,-0.2066167290886392,,-0.1305063812268423,0.0,0.0536738177363916,0.0492980231107591,0.0061842918985776,0.0723327305605786,0.0317164179104477,-0.0473514824918024,-0.0114795918367346,,,,0.0,-0.3483870967741935,0.0,0.3430474604496253,-0.0586317005231333,-0.1534736842105263,0.0,0.1308244614440404,0.0,0.2711385248008224,0.2618657937806874,,48.3885,0.7369292290523574
2016-12-31,0.0040764689344953,0.1274837817059143,,0.5509656652360515,-0.0071272156344254,-0.0611151947915572,1.2788547160764436,-0.0856456363354518,0.0,,0.3995517848567312,-0.0096361848574237,-0.0072913434688178,1.2990980604909803,-0.9723148765843896,,-0.1830359655541172,,0.0339436800392644,-0.7053654249865743,-1.1183807954812897,-0.0140898975151317,-0.1267977956001613,-0.029474109215706,-0.1466998693261668,1.1870615744349182,0.0135871040109999,0.9728958630527818,-0.0746403419009209,0.0432052399122675,-0.1372255489021956,-0.6036075245418057,0.0,0.0,0.0,-0.0970666666666666,0.0,0.0,0.0,0.3719759701250203,-0.4989210645496443,,-3.1211804648733352,,0.0513350113969219,,0.0445659495225642,-0.3061581824393577,0.0279220378285298,,,,-0.2040721619583502,0.002039715846482,-0.905525047629721,-0.0153550863723608,-0.0556003223207091,,,,0.1157024793388429,0.0778485491861288,-0.3892473118279569,0.2308892355694227,0.373190098085007,-0.3905088280601967,-1.6201923076923077,-0.4383471640654739,-0.4840063685048487,-0.8458282950423216,-0.2859268235472629,,-0.0306156405990016,0.7575757575757576,-0.093,-0.030188679245283,0.2472491909385113,-1.7247608926673752,0.0826086956521739,-0.0108323831242873,-0.408,0.3432203389830508,-0.3286967686710892,-0.7619047619047619,-0.4818620992534036,-0.3848302755954892,-0.0490797546012269,-0.0837693329851076,-0.3071574514829732,-0.0532435740514075,0.0,0.2357160109076743,0.0,-0.0287141073657927,,-0.0429532043364896,-0.0306156405990016,0.0207682611341817,0.0080879569166089,-0.0507111935683364,0.1109101868595539,-0.0007995735607675,0.0039468455550297,0.0982142857142857,,,,0.0,-0.1870967741935484,0.0,1.115736885928393,-0.0235749711257558,-0.0103157894736842,-0.0232436316497863,0.0762194688413104,0.0,0.1066563865330249,0.0,,45.7805,0.8291214722217386
2016-09-30,0.0090150876206541,0.131076748413701,,-0.4420600858369098,-0.0206172788497293,0.1313661661241205,1.0689773272141927,0.0,0.0,,0.282055386585561,-0.0559160930842346,0.0020555383183369,1.3123219856232198,-0.5993995997331555,,-0.2211966004390161,,0.0194426008243305,-0.7787921691158521,-1.118145445987291,-0.0008221469375026,0.0482996550024642,-0.0157464419097607,-0.1365418279543381,0.8713951675759938,0.0384817180178387,1.3618640038040897,-0.0166134954553662,0.0685635309317068,-0.0444111776447105,0.1382078437061753,0.0,0.0,0.0,0.1653333333333333,0.0,0.0,0.0,0.2528007793472966,-0.275994352239124,,-2.544528597545051,,0.0558145431590735,,0.0713181980268631,-0.3363085070037581,0.0193053106755486,,,,-0.2360925807761471,0.0069819238974984,-0.2210019051888378,0.0499040307101727,-0.0419016921837228,,,,0.256198347107438,0.1358811040339702,-1.610752688172043,0.1476859074362974,-0.2872489490892106,0.1455736461666074,0.3653846153846153,-0.0542588503996954,-0.4524533217542336,-0.5078597339782346,-0.3162041429117315,,-0.0465890183028286,-0.1666666666666666,-0.093,0.6792452830188679,0.2563106796116505,0.2167906482465462,0.2304347826086956,0.2058152793614595,-0.424,0.3629943502824859,-2.6167344318425,0.3095238095238095,-0.1273605621431708,-0.8219214528150572,-0.1226993865030674,0.1974899048023579,-0.3386477480776272,-0.1560587515299877,0.0,0.2481819244253993,0.0,-0.198501872659176,,-0.1288596130094689,-0.0465890183028286,0.0223865671965854,0.0,-0.0803957946815089,0.0458107293550331,0.0007995735607675,-0.0708861993018187,-0.0038265306122448,,,,0.0,0.0709677419354838,0.0,0.4796003330557868,-0.0730348529112032,-0.1602105263157894,-0.0426768318815748,-0.0762194688413104,0.0,0.2130557697250064,0.1693944353518821,,45.945,-0.1074306235716618
2016-06-30,0.0144972354980789,0.1366824418420534,,-0.2950643776824034,-0.0060116514481675,0.0443137666701669,1.3583122131652854,-0.0249573709502402,0.0,,0.070113654554186,-0.0464110127826941,-0.0037620229599751,1.3158483656584836,-0.5630420280186791,,-0.2116845837789159,,0.0289463850482718,-0.682907777181077,-1.0025888444339843,0.0143450465647015,0.0378153143061965,-0.0238215403250227,-0.0871323257476762,0.8885424785658612,0.0201002297686031,1.307655729909653,-0.0048155059290916,0.0698855271459904,0.0184630738522954,0.1070651385463513,0.0,0.0,0.0,0.112,0.0,0.0,0.0,0.0378308166910212,-0.2358206569518075,,-3.1509532515016976,,0.0567019975647828,,0.0727128650104996,-0.330116159890673,0.0363878350473028,,,,-0.3507163988630431,0.0124680561742433,-0.1976913594082707,0.0115163147792706,-0.0499597099113618,,,,0.1900826446280991,-2.236376503892428,-0.017921146953405,-4.115444617784712,5.600653900046707,1.3471378125370304,0.3509615384615384,-0.4806006851922345,-0.0966854827037197,-0.4749093107617896,-0.1547251063012321,,-0.0565723793677204,-18.38636363636364,-0.099,0.3245283018867924,-0.1838187702265372,-3.827842720510096,17.268115942028984,-0.0838084378563284,-0.136,-0.597457627118644,1.2959554889792424,-0.1666666666666666,-0.520860781730347,-0.1368285424339517,-0.0981595092024539,-0.1698690996547399,-0.1753376052727938,-0.1340269277845777,0.0,0.3120697312037397,0.0,-0.1454431960049937,,-0.096198710031563,-0.0565723793677204,0.0364118864040848,0.0042365488610808,-0.0989486703772418,0.1205545509342977,0.0146588486140724,-0.0701507394015057,-0.0676020408163265,,,,0.0,0.0064516129032258,0.0,0.7127393838467944,-0.0703172769889258,-0.1168421052631579,-0.0804001029197526,0.017064060188353,0.0,0.2192238499100488,0.1792144026186579,,44.7075,-0.0527965106525751
2016-03-31,-0.1119295286289944,-0.0286272949263933,,-0.5659871244635193,-0.1350659009213733,-0.0603801323112464,0.8738954722926228,-0.0649511703611843,0.0,,-0.1463102289098767,-0.3268436578171091,-0.0903661185231151,0.864844703648447,-0.1531020680453635,,-0.1334496538526481,,-0.1308108891950228,-0.3106966752917053,-0.554012708872676,-0.1538265269961869,0.0120077064384605,-0.0323003936610477,-0.1037994033383466,0.0989867498051442,0.2222604164782081,0.7075606276747504,-0.0758442183831938,-0.1656100712075233,0.0349301397205588,0.0571594371101117,0.0,0.0,0.0,0.0768,0.0,0.0,0.0,-0.1816853385289819,-0.2928310733409702,,-2.288587098459128,,-0.08404404520735,,-0.1757280399381909,-0.5128117526477622,-0.1541131837297531,,,,-0.2934044898195951,-0.1140505943309966,0.0703799170682505,-0.0287907869481765,-0.0584206285253827,,,,0.1322314049586777,-1.6263269639065818,-0.025089605734767,-1.1617264690587623,0.1695469406819243,0.2176200971679109,-0.4951923076923077,-0.3336650171298058,0.1473440440005789,-0.1033857315598549,-0.0816419216283768,,-0.070549084858569,-0.2121212121212121,-0.102,0.6113207547169811,0.2770226537216828,-0.2210414452709883,0.5144927536231884,0.2286202964652223,-0.296,0.4081920903954802,0.926171624224267,-6.857142857142857,-0.3852437417654809,0.0655636765829352,0.7239263803680982,-0.3004537457703489,-0.0947810325887953,-0.3518971848225214,0.0,0.0627514608492403,0.0,-0.2147315855181023,,-0.2219020172910663,-0.070549084858569,-0.0223865671965854,-0.0458317558607839,-0.1249226963512677,-0.4484629294755877,-0.0434434968017057,-0.1299068563019375,-0.1313775510204081,,,,0.0,-0.3806451612903225,0.0,0.4995836802664446,-0.1374414022691759,-0.2385263157894737,-0.0941176560245445,-0.3833725522316662,0.0,0.0876381392958108,-0.0302782324058919,,40.8559,0.0364990123825444
2015-12-31,-0.1182082279074126,-0.0253503762160508,,-0.5777896995708155,-0.134776680576788,-0.1336763624908117,0.8366326460716488,-0.1713687800341032,-1.0,,-0.2823755402593245,-0.3149131432317273,-0.094477195159789,0.8536552285365523,0.1280853902601734,,-0.1203917374908538,,-0.1550165368076431,-0.3091344041400185,-0.6476818074841139,-0.1606872014401746,0.0,-0.0452205511254668,-0.1341749056929411,-0.0896336710833982,0.2079858158594612,-0.277698525915359,-0.0813820502016493,-0.1731214133341345,0.0,-0.5852313941679965,0.0,0.0,0.0,-0.0704,0.0,-1.0,0.0,-0.3196947556421497,-0.2844127127900471,,-2.3110472708278924,,-0.087868551098621,,-0.1836522841633979,-0.5050392893747865,-0.156912247964161,,,,-0.3428273101688033,-0.1203338569385506,-0.0161380701557772,-0.0902111324376199,-0.0713134568896051,,,,0.256198347107438,0.0113234253361641,0.1655913978494623,0.0457618304732189,-0.1751517982251284,-0.3568555516056405,2.7259615384615383,-0.3264324324324324,0.3858734983355044,0.1514510278113663,-0.1390644238713346,,-0.0752079866888519,0.8939393939393939,-0.186,0.5584905660377358,-7.070550161812298,-1.0882040382571732,-0.8768115942028986,-0.1704675028506271,0.088,-0.481638418079096,1.252300449390113,-1.261904761904762,-0.3785682916117698,0.0931194247119949,-0.3190184049079754,-0.2530988741020512,-0.1639864518491395,-0.1940024479804161,0.0,0.1780611608881963,0.0,0.0237203495630461,,-0.1296829971181556,-0.0752079866888519,-0.1113934006287928,-0.1120759744158665,-0.1335807050092764,0.3037974683544304,-0.1313965884861407,-0.0164621666786561,-0.1339285714285714,,,,0.0,0.5225806451612903,0.0,0.4496253122398002,-0.0773829743868469,-0.0233684210526315,-0.0537270829937683,0.34924443185496,0.0,0.1714212284759702,0.1031096563011456,,41.9318,-0.1269823856834193
2015-09-30,-0.1015087620654109,-0.0234707223365142,,-0.153969957081545,-0.1258521670867247,-0.0372781686443347,1.0339064319473936,-0.079987598821888,-1.0,,-0.4725468224747879,-0.3079646017699115,-0.0915684145206329,0.8605384511053845,0.4029352901934623,,-0.237518995891259,,-0.1632263785785596,-0.6338915197969047,,-0.1477596495953052,0.1299341368340875,-0.0528918946199656,0.0234226682117409,-0.1449727201870616,0.2211929875346009,-0.2605801236329054,-0.1189429964485643,-0.1094552774689781,0.060878243512974,0.038396440833696,0.0,0.0,0.0,-0.0042666666666666,0.0,-1.0,0.0,-0.5125832115603183,-0.1219063856994432,,-0.0848785583703316,,-0.0859246033527816,,-0.1164863901105432,-0.5005124701059105,-0.1165041883056742,,,,-0.3602297117002146,-0.1036222540032354,0.3613134595987896,-0.1266794625719769,-0.0789685737308622,,,,0.4545454545454545,1.4338287331917905,1.232258064516129,1.1294851794071763,0.8897711349836525,0.2948804360706245,,0.6811808146174343,-0.1418439716312056,0.4005441354292623,-0.0722455121704383,,-0.0978369384359401,0.1439393939393939,-0.176,-1.6905660377358491,-11.73980582524272,-0.8469713071200851,2.479710144927536,-0.1864310148232611,-0.2,-0.538135593220339,1.0930879520650545,-0.3571428571428571,0.5514273166447079,0.5853220981896824,-0.294478527607362,-0.2760588118806198,-0.0870915415598681,0.2258261933904528,0.0,-0.0377549668874172,0.0,-0.1404494382022472,,-0.1703032798133662,-0.0978369384359401,-0.2343846613714793,-0.2129828654707017,-0.1756338899196042,0.1808318264014466,-0.2529317697228145,-0.0583833809964976,-0.1390306122448979,,,,0.0,-0.4451612903225806,0.0,0.4529558701082431,-0.13934370541477,0.0103157894736842,-0.1710883706680991,0.2332088225741589,0.0,0.0285273708558211,-0.1243862520458265,,38.16,-0.1046409853249475
2015-06-30,-0.1106644175803579,-0.0215578002467203,,0.0391630901287553,-0.1425649712845515,0.0300325527669851,1.0511678882115214,-0.1415284452022942,-1.0,,-0.5999679846326237,-0.3002949852507374,-0.092887061743717,0.863488403634884,-0.205136757838559,,-0.0999043169921765,,-0.1449550187677429,-0.0013669872577259,,-0.1762229435695352,0.211837447914333,-0.0646007873220954,-0.0786508543110037,-0.098207326578332,0.2313245164908725,0.550641940085592,-0.1687834828146632,-0.2369377760418231,-0.0479041916167664,-0.038396440833696,0.0,0.0,0.0,0.1290666666666666,0.0,-1.0,0.0,-0.6418249715862965,0.0377227801902123,,-0.1794202141551319,,-0.0853118372155061,,-0.2509766631007568,-0.4955158865732832,-0.1722522176409651,,,,-0.4957364116248042,-0.1127845638055939,-0.0735178751540961,-0.182341650671785,-0.0906526994359387,,,,0.1983471074380165,-2.100495399858457,0.2315412186379928,-12.65730629225169,15.089677720691263,5.615416044555042,,-0.2053818043395508,0.0046316398899985,-0.1505441354292624,-0.1846544105005919,,-0.1224625623960066,-81.45454545454545,-0.208,-0.1735849056603773,-7.210355987055016,-5.10201912858661,46.528985507246375,-0.1123147092360319,-0.392,0.0550847457627118,1.0383051572865396,0.238095238095238,-0.2668423364075538,0.1311273531658704,-0.294478527607362,-0.1827840646551848,-0.2009692420358843,-0.3090575275397796,0.0,-0.013602259446825,0.0,0.0024968789013732,,-0.2301358583779333,-0.1224625623960066,-0.2521860280579208,-0.2399427218593982,-0.2213976499690785,0.2555756479807112,-0.2705223880597014,-0.1427774045574151,-0.2232142857142857,,,,0.0,-0.2967741935483871,0.0,0.1332223147377185,-0.2030708607921733,-0.0772631578947368,-0.2667301992598427,0.2514104867750689,0.0,0.0938062194808532,-0.0204582651391162,,46.776,-0.0486552933128099
2015-03-31,-0.3651485334083029,-0.3286067468163279,,-0.2301502145922746,-0.3804383754080073,-0.4033392838391263,-0.6089458182067264,-0.2028367694931018,-2.0,,-0.7654874339683048,-0.3218616846935431,-0.3905522804840211,-0.0045775125457751,-0.0363575717144763,,-0.1116114144199921,,-0.5098467905207561,0.112483522921447,,-0.6255687697563327,-0.103230431470944,-0.0993237105077218,-0.223526221060677,-0.1301636788776305,0.629475512456353,-0.268188302425107,-0.1714320110756636,-0.7306733167082294,-0.3478043912175648,-0.1148991730741331,0.0,0.0,0.0,0.0298666666666666,0.0,-2.0,0.0,-0.8097093684039617,0.5174627700668674,,0.2097153303734656,,-0.3566932814947268,,-0.7718530845120647,-0.5095661086436625,-0.4853769475106851,,,,-2.3561691513428853,-0.3674536374932595,-0.2326571780791213,-0.3474088291746641,-0.1253021756647864,,,,-0.0082644628099173,0.2377919320594479,0.1842293906810035,-0.5533021320852834,0.2545539467538533,0.3546031520322313,,-0.1810194137799771,0.1325806918512085,0.0024183796856106,-0.2706141562824741,,-0.1437603993344426,-5.575757575757576,-0.24,-0.0981132075471698,-0.5320388349514563,-0.1498405951115834,0.7579710144927536,0.1966932725199544,0.088,-1.3573446327683616,1.0699764605178683,-5.190476190476191,-0.2443566095740008,-0.0038007928453875,0.4907975460122699,0.1142601303550467,-0.3023972903698279,-0.5171358629130967,0.0,-0.2333139851967277,0.0,-0.1410736579275905,,-0.3566625497461232,-0.1437603993344426,-0.3411928614901281,-0.315815460553301,-0.2609771181199752,-0.1181434599156118,-0.3584754797441364,-0.2115429052366813,-0.3201530612244898,,,,0.0,0.3741935483870968,0.0,0.3397169025811823,-0.2621781371017053,-0.2456842105263157,-0.2568230775730485,-0.3378683917293913,0.0,-0.083012079157029,-0.3019639934533552,,40.4189,0.1009725648149752
2014-12-31,-0.3572017617842751,-0.3280245531368254,,-0.1266094420600858,-0.3754493244639094,-0.3650110259372046,-0.6089458182067264,-0.2328321190513098,-2.0,,-0.8307987834160397,-0.3467059980334316,-0.3778312131554452,-0.0007120575071205,0.1110740493662441,,-0.0919119716328023,,-0.5255525747781614,0.0843626421910852,-0.1795716639209225,-0.6329964420882532,-0.0913123347820242,-0.0775209447865145,-0.1564634236544293,-0.1309431021044427,0.6295116964883397,-0.2605801236329054,-0.1870824053452116,-0.7342186701919899,-0.2969061876247505,-0.6544803907345617,0.0,0.0,0.0,0.4949333333333333,0.0,-2.0,0.0,-0.8759538886182822,0.553906811945547,,0.1637503264559937,,-0.3549183726833082,,-0.7755933277863624,-0.4988469422617014,-0.483552067397076,,,,-2.404663843610418,-0.3595010901929524,-0.0309313011319063,-0.2437619961612284,-0.1035455278001611,,,,-0.0991735537190082,0.2505307855626327,-0.3620071684587813,2.96931877275091,0.2835123773937412,0.3773546628747481,-0.7884615384615384,0.2266699657403882,-0.0495006513243595,0.1360338573155985,-1.0233709584128838,,-0.1204658901830282,20.07575757575757,-0.352,-1.2150943396226417,-6.190291262135922,-0.1052072263549415,0.4507246376811594,0.4087799315849487,0.216,-0.5748587570621468,-0.7558313717098224,-9.976190476190476,0.1319279754062362,-0.5283102055088692,-0.4417177914110429,0.4902291114791079,-1.0973441962651045,-0.4339045287637699,0.0,-2.128911959485781,0.0,1.024968789013733,,-0.2921641278989982,-0.1204658901830282,-1.4750859758810362,-1.1119015056309511,-0.2176870748299319,-0.9089813140446052,-1.4789445628997868,0.2688962746427906,-0.3125,,,,0.0,-0.2645161290322581,0.0,-1.6619483763530392,-0.2061960731027923,0.78,-0.1893784414744883,-0.8588910294804392,0.0,-1.0246723207401696,-1.8011456628477904,,44.8463,-0.0708575735344945
2014-09-30,-0.3487020897760285,-0.3275754322983521,,1.2280042918454936,-0.3960666033136388,-0.060170114459729,-0.6089458182067264,-0.2143078592466284,-2.0,,-0.319833520089643,-0.3798098983939691,-0.3724014892956872,-0.0179031601790316,-0.0987324883255503,,-0.3601058141498283,,-0.5164057401964338,-0.720792852609481,,-0.6392050689611182,-0.0743760921188225,-0.0989199555869587,-0.0117853004265391,-0.1060015588464536,0.6790114522461238,-0.2767475035663338,-0.2583518930957684,-0.6169215515428297,-0.3547904191616766,-0.129213211470574,0.0,0.0,0.0,1.687466666666667,0.0,-2.0,0.0,-0.3576879363533041,0.5858752697338626,,-0.010707756594411,,-0.3608347353880368,,-0.6518483299655295,-0.5473180731124018,-0.4455588866859216,,,,-2.430419397876907,-0.3509952406630249,-0.3205200044827972,-0.345489443378119,-0.1248992747784045,,,,0.0082644628099173,1.8556263269639064,0.2243727598566308,-2.0208008320332813,0.1798225128444652,0.4546150017774618,,-0.5331320898363152,0.3462150817773918,-0.054111245465538,-0.2006631080955983,,-0.1211314475873544,-24.65909090909091,-0.353,-0.1132075471698113,-14.011650485436894,0.2146652497343252,0.0478260869565217,0.7748004561003421,0.648,0.1087570621468926,0.3124331264712176,-3.4285714285714284,-0.5693456302151955,0.1786372637332147,-0.4294478527607362,0.9264679292719116,-0.2416136946173562,-0.5159118727050184,0.0,-0.7857097779509155,0.0,-0.0649188514357053,,-0.4041443666803897,-0.1211314475873544,-0.5985035254123275,-0.4864328374131941,-0.2189239332096475,-0.0699216395418927,-0.6127398720682303,-0.1609800370901621,-0.3150510204081632,,,,0.0,1.5419354838709678,0.0,-0.3030807660283097,-0.2650315918200965,-0.1938947368421052,-0.1989045200194827,-1.272978890051141,0.0,-0.3482395271138525,-0.7242225859247136,,39.29,0.0868974293713413
2014-06-30,-0.3431637147408865,-0.3249971460034125,,0.0826180257510729,-0.3958806759492624,0.0,-0.6089458182067264,-0.2349248178576964,-2.0,,-0.2660477028973907,-0.3578498852835136,-0.363015823766677,-0.0044418825444188,0.357238158772515,,-0.3780041650250464,,-0.5480404022376281,-0.730947615095445,,-0.640650913575347,-0.0822617500784085,-0.117088927021298,0.0117853004265391,-0.1013250194855806,0.682195647060952,0.8178792201616738,-0.3026545476434117,-0.6168915061743232,-0.3348303393213573,-0.1549397939939068,0.0,0.0,0.0,2.2133333333333334,0.0,-2.0,0.0,-0.3031336255885696,0.5857687082079015,,-0.3167928963175764,,-0.3571158788307788,,-0.6518166329886287,-0.5330116159890673,-0.4409486632410145,,,,-2.450606183653344,-0.3454528403629287,0.8082483469685083,-0.4318618042226487,-0.1430298146655922,,,,-0.0082644628099173,-0.0566171266808209,0.4810035842293906,-0.0187207488299532,0.4563288183092013,0.5987079037800688,,0.3473399314807766,0.0723693732812273,0.3591293833131802,-0.224676154488108,,-0.1144758735440931,-0.1287878787878787,-0.353,0.8226415094339623,-14.783171521035598,0.1880977683315621,1.0014492753623188,-0.3278221208665906,0.04,0.0466101694915254,0.8320136956986947,0.2142857142857142,0.243302591128678,0.4294895915287929,-0.3803680981595092,-0.4209934191078342,-0.2529648480410106,-0.488984088127295,0.0,-0.2044865601869887,0.0,-0.1566791510611735,,-0.4348840400713599,-0.1144758735440931,-0.4339757424012776,-0.3651134836640601,-0.2065553494124922,0.2483423749246534,-0.4501599147121535,-0.1804697244484568,-0.4655612244897959,,,,0.0,-0.3419354838709677,0.0,0.2098251457119067,-0.277668319858686,-0.2465263157894736,-0.191664700325287,0.2605113188755239,0.0,-0.0439475713184271,-0.2397708674304419,,38.1031,-0.0485656022738306
2014-03-31,-0.3467997376065973,-0.3232172967546478,,0.0,-0.3945068793124819,-0.0547096503202772,-0.6089458182067264,-0.2232987133777708,-2.0,,-0.4021130142468385,-0.3370042608980662,-0.3619686627365808,0.0,0.0416944629753168,,-0.3836888613722069,,-0.5344093877755902,-0.7799638724796173,,-0.6501481281982224,-0.090326627537076,-0.1388916927425053,-0.0340738183880273,-0.1098986749805144,0.6703453765853129,0.6276747503566333,-0.115090591705291,-0.6194153171288646,-0.3068862275449102,-0.1404323226461627,0.0,0.0,0.0,2.206933333333333,0.0,-2.0,0.0,-0.4411430427017373,0.5858752697338626,,-0.2974667014886393,,-0.3563023789588786,,-0.6544791790482982,-0.5194311581824393,-0.4377379719133113,,,,-2.4717210975114567,-0.3490915058729749,0.2945197803429339,-0.5355086372360844,-0.1647864625302175,,,,0.0,-0.7077140835102619,-0.9627240143369176,-0.4742589703588143,-0.2078468005604857,0.1901286882332029,,-0.5666303768557289,0.4935591257779708,0.0731559854897218,-0.6050567299520644,,-0.1164725457570715,0.0,-0.385,0.8452830188679246,0.3883495145631068,-0.1360255047821466,-0.7057971014492753,-0.3004561003420752,-0.04,0.6511299435028248,0.5546757971324631,0.0238095238095238,-0.6002635046113307,-0.5017046555911563,0.3312883435582822,-0.4927432246658612,-0.6513537165873307,-0.5648714810281518,0.0,-0.3190171406310869,0.0,-0.2240948813982521,,-0.5309455194181419,-0.1164725457570715,-0.5224431404793504,-0.4294319981913788,-0.2102659245516388,,-0.5375799573560768,-0.2141170148877768,-0.475765306122449,,,,0.0,-0.4451612903225806,0.0,0.1132389675270607,-0.3269923228480195,-0.3181052631578947,-0.196618261168684,0.178603829971429,0.0,-0.1046003598046774,-0.3363338788870704,,34.3928,-0.078795561861785
2013-12-31,-0.3417299222190985,-0.3217534955033273,,-0.2870171673819742,-0.3868012229888857,-0.0762364801008085,-0.6089458182067264,-0.276081227716633,-2.0,,-0.5004001920922042,-0.3627663061291379,-0.3617359602854483,0.0019327275193272,0.5270180120080054,,-0.3463724883210446,,-0.5597974310780437,-0.6997021920617097,,-0.6411612116744865,-0.0797526770912675,-0.1530231149692137,0.0171108755146823,-0.1106780982073265,0.6649358638033036,0.0,-0.0638054535604647,-0.6222395817684704,-0.2839321357285429,-0.649451134000677,0.0,0.0,0.0,2.189866666666666,0.0,-2.0,0.0,-0.5408345510634843,0.6233849268721529,,0.2452337424915121,,-0.35606995042405,,-0.6574586948769761,-0.5118722241202597,-0.4365991369551943,,,,-2.52601659028946,-0.3440180057674724,0.6509021629496806,-0.6026871401151631,-0.1788879935535858,,,,-0.0082644628099173,0.6808209483368719,-1.021505376344086,0.4825793031721269,0.1583372255955161,0.4413432871193269,,0.2232440045679482,0.3140830800405269,0.5129987908101572,-0.388939312419478,,-0.1158069883527454,-0.3560606060606061,-0.385,0.6943396226415094,-13.445954692556636,0.0,0.4594202898550724,-0.3187001140250855,0.184,0.2556497175141243,1.271132035095228,0.119047619047619,0.1287659200702679,-0.083617442598526,-0.5153374233128835,-0.3478086174386467,-0.4290908092273892,-0.533047735618115,0.0,-0.1998118426178418,0.0,-0.1566791510611735,,-0.4304926581583642,-0.1158069883527454,-0.4231870353185858,-0.3581809491641096,-0.2090290661719233,0.2121760096443641,-0.4394989339019189,-0.1560156827630493,-0.4681122448979591,,,,0.0,-0.1354838709677419,0.0,0.1298917568692756,-0.2525307425776207,-0.2616842105263158,-0.1272684093611249,0.1535765416951778,0.0,-0.0285273708558211,-0.2152209492635024,,35.0585,-0.1062110472495971
2013-09-30,-0.3505950707525068,-0.3200401826750771,,-0.2993562231759656,-0.3871214312275338,-0.1723196471700094,-0.6089458182067264,-0.2043094093938924,-2.0,,-0.6559948775412198,-0.332612258275975,-0.3647610921501706,0.0159365251593652,0.3202134756504336,,-0.3465976248100411,,-0.5440470281153617,-0.6991163403798272,,-0.6387231207563752,-0.069895604641785,-0.1748258806904209,-0.1115905224487783,-0.1067809820732657,0.647929368769562,0.3052781740370898,-0.3057846264973213,-0.6197458161824355,-0.2729540918163672,-0.1167367861115141,0.0,0.0,0.0,1.614933333333333,0.0,-2.0,0.0,-0.698652378632895,0.6448037935903242,,-0.2958997127187255,,-0.3522771393329829,,-0.6548278457942074,-0.5165698667577725,-0.4369696013391601,,,,-2.5471315041475724,-0.3528895974491829,0.5168665247114199,-0.7063339731285988,-0.2006446414182111,,,,-0.0330578512396694,-0.6326963906581741,0.5010752688172043,-0.6479459178367135,0.1247080803362914,0.5048579215546866,,0.0755470118005329,0.2469243016355478,0.3255743651753325,-0.1964869261142923,,-0.0931780366056572,-1.696969696969697,-0.386,0.1962264150943396,-12.381877022653722,0.2157279489904357,0.2565217391304348,-0.3255416191562144,-0.104,0.3742937853107345,0.8320136956986947,0.4047619047619047,-0.0075537988581466,0.4076350326678145,-0.4539877300613497,-0.1167742435418,-0.2200098864884657,-0.6358629130966952,0.0,-0.3190171406310869,0.0,-0.2734082397003745,,-0.5026759983532317,-0.0931780366056572,-0.5116544333966585,-0.4082492538859744,-0.1669758812615955,0.2411091018685955,-0.5269189765458422,-0.2407774362741233,-0.4655612244897959,,,,0.0,0.9741935483870968,0.0,0.1665278934221482,-0.3140838372172022,-0.3757894736842105,-0.1996666063030822,-0.2104567423230215,0.0,-0.1128244667180673,-0.3494271685761047,,29.4295,0.0865695985320851
2013-06-30,-0.3538000187423859,-0.3182436993211838,,-0.2505364806866952,-0.3904577944882866,-0.1743148167594245,-0.6089458182067264,-0.2095799100914586,-2.0,,-0.7594045141668001,-0.3459849229760734,-0.3678250077567483,0.035263800352638,0.2428285523682455,,-0.350537513367479,,-0.5400090352878185,-0.6995069081677489,,-0.640168965370604,-0.025807607867736,-0.1873422832340769,-0.1984762937942256,-0.1083398285268901,0.6470609520018815,-0.2748454588682834,-0.3161379642448684,-0.6212180392392512,-0.3163672654690618,-0.1233135064558247,0.0,0.0,0.0,1.4144,0.0,-2.0,0.0,-0.8035395356389025,0.6445906705384021,,-0.0242883259336641,,-0.3465826402296816,,-0.6563809976623479,-0.5252818585582507,-0.4404409898259503,,,,-2.4325076860606765,-0.356096874780203,0.139414994956853,-0.7658349328214972,-0.2131345688960515,,,,0.0,0.9143665958952584,-0.0508960573476702,0.5969838793551742,0.237739374124241,0.5584187699964451,,0.6587217358203273,-0.2637139962367926,0.2554413542926239,-0.1133113016532808,,-0.0918469217970049,-1.0151515151515151,-0.388,0.0075471698113207,-10.471197411003237,0.1880977683315621,0.6536231884057971,-0.2936145952109464,-0.328,1.67090395480226,0.9689706826449818,0.0,0.5306982872200263,0.6499355765612707,-0.4049079754601227,-0.2975837535480279,-0.1273698279018674,-0.6419828641370869,0.0,-0.2551293338527464,0.0,-0.182896379525593,,-0.4829147797447509,-0.0918469217970049,-0.4674207343576221,-0.3758974262195387,-0.1645021645021645,0.2555756479807112,-0.4832089552238806,-0.2220232088161416,-0.4502551020408163,,,,0.0,0.0064516129032258,0.0,0.093255620316403,-0.3094639581493308,-0.3168421052631578,-0.2141462456914737,0.1444757095947229,0.0,-0.0593677717810331,-0.2643207855973813,,28.1183,0.1306835258633796
2013-03-31,-0.3607440727204573,-0.3173787258544944,,-0.2290772532188841,-0.3919038962112134,-0.2374251811403969,-0.6089458182067264,-0.2129127267090373,-2.0,,-0.896430286537538,-0.370632579482137,-0.3701520322680732,0.0356367828563678,-0.3455637091394263,,-0.3527325941351945,,-0.4944310278476494,-0.6987257725919055,,-0.6322593448339405,-0.0352166315695147,-0.1925910972039971,-0.2713577750930743,-0.1106780982073265,0.6363323865178296,0.1902044698050404,-0.1851562029735749,-0.612955562899979,-0.3403193612774451,-0.1274723149088447,0.0,0.0,0.0,1.3418666666666668,0.0,-2.0,0.0,-0.9425231368728688,0.6471481471614674,,0.010707756594411,,-0.3466037700964842,,-0.6476643290146202,-0.5413392552101127,-0.4418268010400444,,,,-2.462439816694704,-0.3630459756640799,-0.4321416563935896,-0.7907869481765835,-0.2183722804190169,,,,-0.0330578512396694,2.4557678697806087,-0.3806451612903225,1.9011960478419136,-0.6123306865950491,0.0455617964213769,,0.3975873620098972,-0.5757707338254451,-0.2778113663845223,-0.4091241919957904,,-0.0978369384359401,0.0,-0.39,0.5509433962264151,0.2459546925566343,0.1105207226354941,-2.2768115942028984,-0.2525655644241733,-0.824,0.3403954802259887,0.7566873528782366,-0.1904761904761904,0.289679402722881,-0.0218545588609784,0.0981595092024539,-0.4052084618850683,-0.4272599780300256,-0.7337821297429621,0.0,-0.3556357615894039,0.0,-0.2883895131086142,,-0.6097159324825031,-0.0978369384359401,-0.5472571667695415,-0.4363645326913293,-0.1756338899196042,,-0.5621002132196162,-0.2486836302024882,-0.4732142857142857,,,,0.0,-0.4451612903225806,0.0,-0.0033305578684429,-0.3587879611386643,-0.419578947368421,-0.1764229746532959,0.1763286219463153,0.0,-0.1107684399897198,-0.3461538461538461,,26.3424,0.0321298302705953
2012-12-31,-0.3622528347858682,-0.3145509279826252,,-0.2929184549356223,-0.3977606081890674,-0.194791557282369,,-0.3022012091148659,3695.0,,,-0.4339560799737791,-0.3674371703381942,0.0139698901396989,-0.705136757838559,,-0.3521697529127033,,-0.4562151067781391,-0.580383732851633,,-0.6142571618920719,,-0.1736146159281316,-0.2288517961488202,,,1.6880646695197337,-0.1853969782700295,-0.612084247213292,-0.313373253493014,-0.6859132453213405,,,,2.288,,3695.0,,,,,0.2807521546095586,,-0.3528582106700544,,,,-0.4497437621344237,,,,,-0.3645558342906712,-0.2093466322985543,-0.7005758157389635,-0.1994359387590652,,,,-0.0330578512396694,,,,,1.9276392937551845,,1.182517700799391,-1.4847335359675786,-0.6036880290205562,-0.4945525186205514,,-0.0433544093178036,,,-0.3150339622641509,-0.4622239482200647,,7.1078637681159424,,-0.71936,,,,,-1.0915972071774172,-0.5833251533742331,0.0,-0.5195386305382643,-0.6759840881272949,0.0,0.013602259446825,0.0,-0.1801766541822721,,-0.3998989982160011,-0.0433544093178036,-0.2689678619250479,-0.2061466161721394,-0.0743846629560915,,-0.2871055437100213,-0.1874740606740627,-0.3762755102040816,,,,0.0,-0.4451612903225806,0.0,-0.3288093255620316,-0.2396501121000068,-0.326704,-0.1336215416643526,0.2082429649145858,0.0,-0.6083269082498073,0.1216382978723404,,21.8065,0.2275560039437782
