,totalAssets,intangibleAssets,earningAssets,otherCurrentAssets,totalLiab,totalStockholderEquity,deferredLongTermLiab,otherCurrentLiab,commonStock,capitalStock,retainedEarnings,otherLiab,goodWill,otherAssets,cash,cashAndEquivalents,totalCurrentLiabilities,currentDeferredRevenue,netDebt,shortTermDebt,shortLongTermDebt,shortLongTermDebtTotal,otherStockholderEquity,propertyPlantEquipment,totalCurrentAssets,longTermInvestments,netTangibleAssets,shortTermInvestments,netReceivables,longTermDebt,inventory,accountsPayable,totalPermanentEquity,noncontrollingInterestInConsolidatedEntity,temporaryEquityRedeemableNoncontrollingInterests,accumulatedOtherComprehensiveIncome,additionalPaidInCapital,commonStockTotalEquity,preferredStockTotalEquity,retainedEarningsTotalEquity,treasuryStock,accumulatedAmortization,nonCurrrentAssetsOther,deferredLongTermAssetCharges,nonCurrentAssetsTotal,capitalLeaseObligations,longTermDebtTotal,nonCurrentLiabilitiesOther,nonCurrentLiabilitiesTotal,negativeGoodwill,warrants,preferredStockRedeemable,capitalSurpluse,liabilitiesAndStockholdersEquity,cashAndShortTermInvestments,propertyPlantAndEquipmentGross,propertyPlantAndEquipmentNet,accumulatedDepreciation,netWorkingCapital,netInvestedCapital,commonStockSharesOutstanding,investments,changeToLiabilities,totalCashflowsFromInvestingActivities,netBorrowings,totalCashFromFinancingActivities,changeToOperatingActivities,changeInCash,beginPeriodCashFlow,endPeriodCashFlow,totalCashFromOperatingActivities,issuanceOfCapitalStock,depreciation,otherCashflowsFromInvestingActivities,dividendsPaid,changeToInventory,changeToAccountReceivables,salePurchaseOfStock,otherCashflowsFromFinancingActivities,changeToNetincome,capitalExpenditures,changeReceivables,cashFlowsOtherOperating,exchangeRateChanges,cashAndCashEquivalentsChanges,changeInWorkingCapital,stockBasedCompensation,otherNonCashItems,freeCashFlow,researchDevelopment,effectOfAccountingCharges,incomeBeforeTax,minorityInterest,sellingGeneralAdministrative,sellingAndMarketingExpenses,grossProfit,reconciledDepreciation,ebit,ebitda,depreciationAndAmortization,nonOperatingIncomeNetOther,operatingIncome,otherOperatingExpenses,interestExpense,taxProvision,interestIncome,netInterestIncome,extraordinaryItems,nonRecurring,otherItems,incomeTaxExpense,totalRevenue,totalOperatingExpenses,costOfRevenue,totalOtherIncomeExpenseNet,discontinuedOperations,netIncomeFromContinuingOps,netIncomeApplicableToCommonShares,preferredStockAndOtherAdjustments,adjusted_close,10%DDret
2023-09-30,-0.2601031643686142,,,,-0.387729813114837,0.1616976715535296,,-0.2494250425894378,0.0,,1.559584416852849,,0.0,,0.362016055278935,0.2811018090275745,-0.480355675832407,,-0.5676141056812679,-0.6764687295936638,,,-0.457686529794692,,0.0544903863744672,0.377137729988397,,,0.2911775693584223,,,-0.7300813008130081,,,,,,,,,,,0.4784849386738514,,-0.7508954385458594,,,-1.075261864735549,0.2412263432816232,,,,,-0.2872177633428063,0.3851486878428906,,,,0.0,-0.0978962341843228,-0.3492591976027967,,,,,,,-0.1688324770827037,0.7161654787943716,-2.82196663584976,-0.1746261924738953,,,,,,,,,,0.0,,,,,,,2.215671720920369,-0.202393705866768,,,-0.2293167165709045,-0.0203846257007215,1.1009482418016594,,2.112787356321839,,-0.1651727982162764,0.2343031621801846,533.875,,-0.0842883548983364,-0.4981499513145083,-1.4448398576512456,-0.220573911740466,-0.1208287895310796,,,,,-0.2724692526017029,0.4278292297266772,-0.5622756144711406,-0.5987970194811024,-0.2969822869919601,,-0.0973322407356824,-0.2704293790590104,,35.8928,-0.091135653261096
2023-06-30,-0.1893661343120722,,,,-0.3059707154237159,0.2417354523428196,,-0.2432921635434412,0.0,0.0,1.560365771771112,,0.0,0.9698966585673092,0.3434000609694136,0.2397254259118318,-0.3372154834968346,,-0.5486394320026722,-0.7744612727234428,,,-0.328092138207311,,0.0294834412555871,-0.4190647438807892,0.1256364281830396,0.6374119104778131,0.2543699246937612,,,-0.0946045824094604,,,,,,,,,,,0.4620686414260875,,-0.6488644035477404,,0.0,-1.2256562782878573,0.1141822190723679,,-0.2816177442813698,,-0.4995886874875897,-0.2129852284438337,0.359541531257644,,,,-0.052090180809489,0.0188365650969529,-0.2833361078741468,0.508637142392706,,0.2645305231346258,,-0.3944898815141029,,-0.1071152748396628,0.8433546108788271,0.6501117382243858,0.0641644316622128,,1.6076555023923444,0.0993006993006993,-0.1804757998359311,,-1.6218581687612208,-2.569615069615069,-0.1193515088955006,-0.1020371715343676,0.0,,,,-0.1427461482510084,0.017424832239647,-0.4071598015958594,0.4309193086629201,0.0811878678969255,,,0.0332605001213886,-0.0175951506048333,0.9867641248518372,,5.7011494252873565,1.6076555023923444,1.5434559643255297,0.6128522795072474,10.625,-0.0315497715510707,0.2144177449168207,-0.472444011684518,0.6192170818505338,0.0302689743013411,0.0,1.1701668302257116,,,,0.2148315260898042,2.0126496498757622,-0.6368406517536592,-0.5029176766316545,-0.3136645470258956,,0.1933897842119639,0.0460683081810961,,35.2946,-0.0468910258226471
2023-03-31,-0.0963892470985021,,,,-0.4145613635788888,0.3738450166317605,,-0.3344761499148211,0.0,0.0,1.502594342502045,,0.0,,0.540473529112895,0.4657221474152567,-0.2357318900111148,,-0.7495099676591602,-0.8046257872896173,,,-0.0738107160741111,,0.0553576792687636,-0.4064912040473634,0.2439300591827655,0.6450650507240765,-0.3956625179417605,,,0.6875092387287509,,,,,,,,,,,0.6080609032096368,,-0.5817747978499168,,0.0,-1.2719513772145352,-0.6674016326744888,,-0.2806459077085813,,-0.4995886874875897,-0.1154138429988653,0.6306251528811545,,,,-0.0541561621867618,0.2115145616530658,-0.2500416181122024,-0.0710244726071217,,-0.1251461681685057,,-0.1478714480444584,,3.094002887747221,-0.9207771015916,0.7606388366294493,3.707055177531294,,1.6076555023923444,-0.2497902097902098,,,0.4084380610412926,-0.2485667485667485,-0.1661788815350051,4.018954863136839,0.0,,,,6.161062619850559,3.5038557075594112,-1.1841708000862627,-0.6556038596119181,4.407390768451003,,,0.8134930268943379,0.000590081270284,0.49446858949032,,-0.2349137931034483,1.6076555023923444,-0.4505685618729097,-1.5567332327238268,-2455.625,0.6642342088737793,-0.872951324707332,-0.1326192794547225,0.2064056939501779,-0.0086910916310781,-0.0544009970400373,0.8887144259077527,,,,0.1391456225893312,-0.7058203448535502,0.7484120408726871,-0.7769099560104139,1.2868809565341497,,1.5338250022762452,1.3900855020324254,,36.7367,-0.1439786371666481
2022-12-31,-0.2471282610852098,,,-1.0701057235036109,-0.4740156285562552,0.0493203564535337,,-0.088820272572402,0.0,0.0,0.6355833913245187,,0.0,,0.5677776648714562,0.5774691177331538,-0.289083264872179,,-0.7773401795447424,-0.8631853895898721,,,-0.0087464530128526,,0.1465589476846215,0.3549935018293371,0.0130408796976601,0.9955897157902888,-0.1043473131599127,,,-0.4099039172209904,,,,,,0.0,,0.7308663991677813,-0.3309343845309995,,0.4994752424066793,,-0.8424543519601729,,0.0,-1.361825940773309,-0.7403732577368297,,-0.2610769535898453,,-0.4995886874875897,-0.2736016988851066,0.6681832477198868,,,,0.0307296670591549,-0.261795313318859,-0.240719160978858,0.1592476964285241,,0.029653967992024,,-1.5397137464611512,,-1.0934152647661262,-0.2108510522217427,-0.7723880516603416,-0.6304410031572975,,1.6076555023923444,0.0226573426573426,-14.575881870385562,,0.2646992818671454,0.3349713349713349,-1.4181796101766957,-1.2113252925978402,0.0,,,,-2.085019506711632,-0.7103399695992288,1.627345266335993,-1.6404410985049305,-0.743707594659663,,,0.6695530198807693,-0.0360486012391706,5.762346898459107,,-0.0258620689655172,1.6076555023923444,-0.0016053511705685,-1.019338083037939,-1813.25,0.4385136744548624,0.3677141096734442,0.365141187925998,0.0142348754448398,0.1823630778452086,0.9531079607415486,0.870657507360157,,,,0.510297649370497,0.8220766508546044,-0.4810825738746203,0.9402998473830684,0.9579930543442065,,1.174815624146408,1.0078960893332711,,40.8031,-0.0868686718247733
2022-09-30,0.3388354329927586,,,0.0219838443374273,1.307007561388868,-0.1753316085581701,,0.828896933560477,0.0,0.0,0.0756937577067233,1.323201893592985,0.0,0.9721843787872456,0.7453002743623616,-1.1244950529828464,1.969973743133749,,-0.9582831648968536,-0.837318054473069,,,0.0087464530128526,,0.3409319333178244,0.4453841367762827,-0.366843271274564,0.8944397119182219,0.054719911913329,,,6.769992609016999,,,,,,0.0,,0.1112957483889271,-0.3225119445147654,,0.4950265511677814,,-0.455356912785574,,0.0,-1.322125953704901,-0.7081397485366302,,-0.2638205738463572,,-0.4995886874875897,0.341317676941174,0.9123737638466646,,,,-0.320378811410574,-0.5894437373661751,-0.2367238222074246,-0.0414044010714162,0.0,0.6644844019006971,,0.1004770892314144,1.8500570059769903,-0.8514153319230382,0.3560938592706117,-0.1554637513441989,-1.015252996037616,,1.6076555023923444,1.3272727272727274,-0.1312551271534044,,0.4052962298025134,0.368959868959869,-0.0093266136377436,0.4604412482587005,0.0,,,,-1.6084606228922833,-0.9330997664330998,,2.4927367193298697,-1.2007003720726637,,,-1.372582341992393,-0.0402864576348469,0.9085341762149348,,-0.1803160919540229,1.6076555023923444,3.551036789297658,1.4028708805671568,10.625,-1.1787748208137545,10.185089340727048,-0.5039922103213242,-0.0213523131672597,-0.9817936614969656,-0.2017136625642623,-0.0392541707556427,,,,-1.7512553671494069,-0.6766056772833371,-0.3164871582435791,-0.7693688841009068,-2.706331964288546,,-1.5642356368933807,-1.810587300845676,,36.4532,0.0091432302239582
2022-06-30,1.6606685844658269,,,1.000093079069954,-0.384745719849278,-0.0102665188287955,,-0.1908645655877342,0.0,0.0,0.881368347800608,0.0,0.0,1.0211673820767388,-0.0439995935372421,-0.3037000175633745,-0.2270010792699624,,-0.1537756441627244,-0.8046257872896173,,,-0.2736437990318811,,1.440876146509259,-0.0683148718022634,-0.1590879472972305,0.6838457368543328,0.0164965886077193,908000.0,,0.229120473022912,,-1.5501618122977343,,,,0.0,,1.0028506194355504,-0.3154235932797287,,0.1430160246871035,,-0.3368034261153685,,0.4946207272232057,-0.4798913746282167,-0.57206604194556,,1.015757635858786,,-1.5094318214052704,1.7284698583221427,0.1758045916762763,,,,1.051728995254022,-0.3487010556262633,-0.2280672548693191,-0.2366420768927868,0.0,-0.2364823656836861,,-0.0982751389325783,1.4884433337555998,0.0307746549813639,0.4018133031777444,0.3372102294889781,0.1592810479705513,,1.244019138755981,-0.8911888111888112,-0.1312551271534044,,17.4028276481149,0.0102375102375102,-0.1509259821482785,0.8098679588993797,0.0,,,,0.1287938901011704,0.1430875319764208,-3.070519732585724,6.038808185770332,0.1941459031689532,,,-2.301070917968223,-0.0247834133519298,0.6777953378111419,,0.2277298850574712,1.244019138755981,0.0706354515050167,0.1675499245428701,249.75,-1.9647257530153093,0.5673444239063463,-0.6858812074001948,-0.1637010676156583,-1.4496141455008615,-0.2515033494313756,-0.3709519136408243,,,,-2.6600684084127795,-0.6814245915217227,-0.5098039215686274,-0.9790825029176766,-2.560314616006724,,-2.84694527906765,-3.061720319581367,,35.5309,0.0485633631571391
2022-03-31,3.2892470985021327,,,0.9985522624657934,2.8990971853425385,0.6620877992690238,,0.0056005110732538,0.0,0.0,2.4484733057417376,0.2389585238581957,0.0,1.7286818743544892,0.000416624326796,-0.2397254259118318,3.844359606308091,,-0.1990476412419504,-0.6156341499378594,,,-0.2517776664997496,,2.62299636143528,0.5509740049150673,4.056881962513088,1.150815070084411,5.982992194105272,2145000.0,,18.227642276422763,,-1.996763754045308,,,,0.0,,2.7369999594698657,-0.2942549797274762,,0.5499772866116324,,0.0067254520998356,,1.1684597575922648,-0.1898357687831372,-0.2066829409139827,,1.028933624223192,,-1.5845459960854396,3.43752537397333,-0.1122479644966278,,0.075020417687551,,1.084055102468342,0.6319083626562851,-0.2220742467121691,-0.4535374394284366,0.0,-0.3822899628141436,,0.082704204676523,-1.212833830456163,0.544776871159464,0.1438441432192083,0.3769403337277035,0.699445654229857,,1.6076555023923444,-0.5857342657342657,-0.1312551271534044,,-14.631956912028723,0.4295659295659295,-0.0329831805209788,1.0779268713760135,0.0,,,,1.1409938504265027,0.7422422422422422,-2.920207030407591,3.402926518926943,0.8356314291967608,,,-1.234199239297564,0.1300324544698656,1.0436586329514026,,-0.4116379310344827,1.6076555023923444,2.680758082497213,1.0604008001965397,10.625,-1.061453844654728,7.780160197165743,-0.4656280428432327,-0.2562277580071174,-0.9719037986064284,-0.3217946720673002,-0.8086359175662414,,,,-1.7320427916454406,-0.670582034485355,-0.3965755316210991,-0.6465571415746476,-2.2341542316170058,,-1.3367021760903215,-1.7814325094612904,,41.4462,-0.1037947990406839
2021-12-31,2.487183811129848,,,0.9983116888696048,0.4928558784108439,0.9763870066937704,,0.8211882453151619,0.0,0.0,3.2389114749294947,0.7417827747592662,0.0,1.2136606508540146,0.3196423127730922,-0.6726772437210936,0.4493951255658113,,-0.524423936882281,-0.0179891727929559,,,-0.2811216825237856,17190000.0,1.7985802596006388,0.5707231587115125,0.7046478917544072,0.7535758537907535,1.1607581745610414,5280000.0,,-0.1800443458980044,,-1.8942826321467097,,,,0.0,,3.611694294708116,-0.2895454855962613,,0.9068751076927896,,0.1138997830333077,,2.876208634073267,-0.0646579593948015,0.8672073916581358,,1.0099993388866852,,-1.5182821320171334,2.5958277380469066,0.3268616556592235,,-0.9039785322599464,,1.1860827981767352,1.1428913678221158,-0.2204095222240719,3.942972963570257,0.0,2.573257865069608,,-0.0513526266121421,-10.588025289924335,-3.941103388066217,2.536273503256109,0.1527656557428275,-4.702103409978224,,1.6076555023923444,18.17174825174825,-0.1214109926168991,1.2384333295896792,0.4800269299820466,0.4852579852579852,-0.0566397474042139,-6.117277262498661,0.0,,0.7060733780142334,,-7.692835416253389,-4.559114670225782,0.1539788656458917,-0.383734492630686,-5.579108638306206,,,0.4481400555690432,-0.0561650081806721,-0.0294350059265112,,1.4576149425287357,1.6076555023923444,-2.076967670011148,-0.8118485241989261,10.625,0.2392542387561984,0.6067775723967961,1.5287244401168452,-0.0711743772241993,0.1458005544317075,-0.1892506620968998,0.0392541707556427,0.0,,,0.4392693399315915,2.767713274602816,0.3916045291355979,2.518538468444205,0.4809945925373844,,0.8233633797687335,0.6121571742279119,,42.5241,-0.0711619999012324
2021-09-30,4.777601428429719,,,0.9981742182432112,6.504488784361328,0.8910106361135066,,0.9390332197614992,0.0,0.0,2.886178564016164,0.6114368712679542,0.0,3.119642036262037,2.755654913118585,2.997014226333353,8.075484463345093,,-3.007371847156518,0.0408232047690266,,,-0.1788015356367885,,3.870768841599342,-0.6594826447194255,0.6299077431908363,0.7322794857895144,0.7543404313887414,5590000.0,,34.40133037694013,,-0.8597626752966558,,,,0.0,,3.221362082708494,-0.287021968263153,,0.761384106893905,,0.1296491942341488,,3.0450769440283265,0.8176645545066598,0.9730424967845236,,0.9923938913129712,,-1.2971378322412277,4.999427459063323,3.677709054058776,,-1.3509508808773771,,1.1330535349230313,0.989653365276634,-0.2120858997835858,15.288097352531173,0.0,10.200001502931611,,-0.0629390793750655,10.004053758363757,5.153403176521944,-0.4446163842060103,2.231781928362545,5.119700856980732,,1.588516746411483,14.806433566433569,2.008203445447088,-2.376769486940344,-0.5213195691202872,-0.0221130221130221,-0.1143481692877527,6.05103049208825,0.0,,0.3802943411870379,,10.216541030218872,5.150854558261965,-2.24800517576019,-0.3922171561870427,6.085012268030549,,,0.0790105473281001,0.2008422069039508,-0.4209798498617147,,0.0510057471264367,1.588516746411483,-0.4969453734671126,-0.1901519671498262,10.5,-0.1403824083497542,1.573875539125077,-1.168062317429406,0.199288256227758,-0.1729227541769686,0.0454899517058731,-0.710107948969578,0.0,,,-0.1798995706280474,-0.8121376402379339,-1.7735432201049437,-1.0465930514408834,0.0436402848036028,,0.3940635527633616,-0.1284866607484932,,36.9038,-0.0441038592231692
2021-06-30,2.5329629997024106,,,0.9981226667583136,0.8312975747919986,0.9172313252022504,,1.02131601362862,0.0,0.0,2.8127800363818385,0.999784818978966,0.0,1.9278496504540217,-0.0439386241235646,-1.4012206545284234,0.6940511284009085,,-0.1538377882904927,0.2820550628778464,,,-0.085995660156902,,1.3637232161208066,0.8867096194546341,0.5975347254989193,0.7806745140556028,0.6762421596964155,7508000.0,,0.2478935698447893,,-0.4757281553398058,,,,0.0,,3.1401396938623867,-0.2645835593649416,,0.6691520857156283,,0.6575946072696726,,4.0898815198147895,0.3958360274149747,1.475024280127044,,0.9710795980431046,,-1.1804952769977024,2.643869127551711,-0.1732606492644232,,-1.5800956714502392,,0.2417920582520064,1.0172344089241596,-0.2007657732645247,1.6692343539637895,0.0,1.0447403380294673,,-0.0567526475830974,-0.1225570923496827,-0.067358382861556,-0.3409168687785499,-0.358605351797617,-0.0855622753881147,,3.4832535885167464,1.4772027972027972,-0.1050041017227235,-2.3367237818068176,-0.7152154398563735,-0.2256347256347256,0.0229279251927864,-0.8539927847694341,0.0,,2.016444413735922,,-0.0644548039410169,0.1233270307344381,-9.407591114945008,0.0422012511928745,-0.0966236997615509,,,1.817080736964204,10.507255317436902,1.1965626234689846,,-1.261494252873563,3.4832535885167464,-8.893467112597547,-3.48738286596708,22.875,1.696909984625712,-1.3451632778804683,0.899902629016553,-0.0427046263345195,1.1061661796658424,0.052531546969933,1.537585868498528,0.0,,,2.304926861218252,-0.6985919734959717,2.8743441038387187,-0.2551395996049915,2.373574792661074,,2.550122917235728,2.507872728122226,,38.3342,-0.0833746367473431
2021-03-31,2.1690606090665607,,,0.998111210872781,0.3642869787320132,0.5236129933062297,,0.6188884156729131,0.0,,1.4695820972054352,0.192855990101673,0.0,1.8152809203417253,-0.6997561223452902,,0.3333816588540408,,0.5146155220495133,0.3019400501337602,,,0.1922550492405274,,1.3252551625383675,-0.5994160054387646,3.7514144096777526,0.7806880662897855,0.0975048663953282,,,-0.0101995565410199,,2.644012944983819,,,,0.0,,1.6537645739607398,-0.2341566911383554,,0.6268581901345572,,0.3233628291219806,,,1.2184145868356395,0.711499593143817,,0.9611695094539204,,-0.4995886874875897,2.2619843227881704,-0.0270398714051088,,-1.030801540077004,,0.2918523762397694,0.4299468443512765,-0.1661395039121025,0.3372866210356141,0.0,0.1493403803208429,,-0.0894149103491664,-0.8222910644570612,4.141197407743192,-2.7237638936420314,-0.2684906827345586,4.870570205006087,,0.1148325358851674,0.1088111888111888,-0.0426579163248564,-1.1983436772123774,-0.1946813285457809,-1.1695331695331694,-0.0027688384237051,5.430353974925288,6.285228239296853,,1.2939266219857666,,8.22325266150896,4.701052904756608,-2.046581841708001,-1.0955359983034674,5.789151144440221,,,1.0678697634269374,-0.0045597189067403,0.5418806795732912,,-0.5495689655172413,0.1148325358851674,-0.4582385730211817,-0.1803249921033236,0.875,0.9214828609168272,-1.4802218114602588,0.0800389483933787,0.1565836298932384,0.5921930021727729,-0.2978033961676273,-0.6802747791952894,,,,1.3064551342697035,-0.7479858444394247,1.186964926815797,-0.6698985546278841,1.594456161494426,,1.5980151142675043,1.464934822221184,,35.2831,0.0039962474952599
2020-12-31,2.2015871441325263,,,0.9979164608187236,0.512935285638419,0.2791466469549505,,1.0022359454855196,0.0,,0.56345456543237,0.904513421916187,0.0,2.39675110296532,0.3594553399044812,,0.4947566810032378,,-0.5650040523149982,0.3751606176142228,,,0.414221331997997,17530000.0,1.644202124415876,0.5284189866697416,-0.0130408796976601,1.3023580887477737,0.3374230716294067,,,-0.6002956393200296,,2.644012944983819,,,,0.0,,0.651049054972372,-0.166680730855625,,1.1387083131001423,,-0.0067254520998356,,,0.5387301176774861,0.8027403732577368,,1.03890321301071,,-0.4995886874875897,2.2961181724493303,0.3816263060418632,,0.0964881577412204,,-1.4587562214211929,0.0,-0.1388380223073081,0.977462360678281,0.0,0.5796976053314443,,-0.0474729998951452,0.1600082917784713,-0.0231691346831872,-2.6461727697015687,-2.339179925479117,0.0042000300694993,,0.1148325358851674,-45.68083916083916,-0.0426579163248564,0.1804278508332885,-1.0283886894075405,-0.2882882882882883,0.0398809885238933,-1.3126718975103884,6.285228239296853,,3.644855938644372,,0.0225649672683991,-0.0513661809958106,-0.3060168212206168,-5.291273459866398,0.2653350381864049,,,3.5855250735075934,11.212724297937395,0.7149348083761359,,1.261494252873563,0.1148325358851674,-13.13819397993311,-5.170111957322852,0.875,2.860981789047444,-0.6181146025878004,1.6253164556962023,-0.2491103202846975,2.486401438525512,-0.1248792646829724,0.4447497546614328,,,,4.986245542536933,2.1686619983434983,1.6133664733499034,1.9023251638387648,4.2617782781751,632000.0,4.695984703632887,4.5078727281222255,,34.555,-0.0817189986977282
2020-09-30,1.4681876797936713,,,0.9976987989936004,-0.0952128063121159,-0.6904644573118147,,0.0971678023850085,0.0,,-1.8240730566848573,0.1053849050513744,0.0,0.1915297039456009,-3.0612437760390203,,-0.1271605534882971,,2.921602593481599,-0.0245613295978766,,,0.4699048572859289,,1.4871408018393837,0.0154286510470342,2.8148078245278185,1.276200340741888,-0.1210208615977506,,,-0.3124907612712491,,2.2351672060409924,,,,0.0,,-1.9909752901282105,-0.1337785653723594,,0.6463447109133915,,-0.5895876602126376,,,0.7173154015259279,0.3046434102422763,,1.0212911543038476,,-0.4995886874875897,1.526477415862507,0.3021071391131146,,0.0964881577412204,,-1.3638727759999425,-1.4028000299468444,-0.1221907774263359,-53.006232747019965,0.0,-35.71076419088591,,8.690757051483695,0.1600082917784713,-0.3463953527416809,-2.377609475203476,-2.2717533957860576,-0.1867315909190112,,0.1148325358851674,-46.44167832167832,7.360131255127153,-0.0105424554790005,-0.3403276481149012,0.0982800982800982,7.982026838302265,-0.524687756730048,6.285228239296853,,-2.227803496165273,,-0.3999371817761026,-0.5626923219515813,-0.4567608367478973,1.7745732159898209,-0.2167697642003893,,,0.3200075530738313,0.0364777512539227,0.685302252074279,,-0.2176724137931034,0.1148325358851674,-2.457614269788183,-0.967114729933668,0.875,0.1967692341006041,-0.0936537276648182,-0.5417721518987342,-0.2633451957295373,0.2886041807147673,0.674310640286649,-0.6457311089303238,-134000.0,,,0.71668728622371,-0.8624350576010843,-0.1115713891190278,-0.9722596283328844,0.5311682339322243,-139000.0,0.5203496312482928,0.2744475073587815,,35.4565,-0.1137562929223131
2020-06-30,-0.2577026088681678,,,-0.0002692133100206,-0.4877222264370432,-0.7208533530450495,,-0.3876277683134582,0.0,,-2.1080467347910488,-0.280596051428264,0.0,-0.2305785568019677,-2.786129458388375,,-0.5307430854234121,,2.743031442339312,-0.2768310408021401,,0.0,0.6146219328993491,,-0.0080089078207685,1.1355331022338813,-0.8606351474626007,1.2538081778053125,-0.3570852749759138,,,-0.4815964523281596,,0.9741100323624596,,,,0.0,,-2.305218930274659,-0.116081797322982,,0.6877613997712997,,-0.677095841557625,,,-0.4619164619164619,-0.0097120508176496,,-0.0165641941028692,,0.0,-0.2846985832214276,0.5188733969318936,,0.0964881577412204,,-2.3609327255784387,-1.4121134985400914,-0.1142000998834692,0.2993856692856253,0.0,0.1238615197356382,,-0.0440127922826884,-0.1641541810141305,-4.663157718008126,0.4414321920831659,-2.038372436324297,-5.317208968470675,,-14.92822966507177,0.2089510489510489,-0.0164068908941755,-1.3117031510173789,-0.0244614003590664,0.1122031122031122,-0.0040318173538162,-7.524913976830299,6.285228239296853,,,,-9.11474244528202,-5.46426055685315,-6.087987923226224,0.3984731205598558,-6.309592102383339,,,2.3852337406598147,2.565458788187646,-0.3336625839589095,,0.2708333333333333,-14.92822966507177,-9.360624303233,-3.738742849120837,-97.375,1.8816179814209304,-0.384966112138016,-0.1945472249269717,-0.0284697508896797,-2.106840488499288,2.5587786259541985,-0.6551521099116782,-393000.0,,,2.913325085510516,-0.5034259468413523,0.5904446285556476,-0.7884011132058533,2.998303230205674,-139000.0,3.318674314850223,0.2744475073587815,,35.7953,0.018773414386805
2020-03-31,-0.4812221009820454,,,-0.0027895081272347,-0.2191538325367321,-1.3755287257196829,,-0.3232751277683134,0.0,,-3.719591253708384,-0.3100758513099144,0.0,-0.2070446499465681,0.1016766588761304,,-0.4330933165804861,,-0.129746581425638,0.2980641627872685,,0.7753409090909091,0.6518778167250876,,-0.3448889571480518,0.3770584547085913,-1.4346136043966908,,-0.4397451778446292,,,-0.256910569105691,,1.0258899676375404,,,,0.0,,-4.088544833083398,-0.0989154501143217,,0.6877613997712997,,-0.5250027056416494,,,0.5194620457778353,0.7870960968055227,,-0.0249537220679624,,0.0,-0.5192634000603771,0.0270398714051088,,0.0964881577412204,,-0.3360398170956347,-2.368376132365052,-0.0932245713334443,0.2630771944999218,0.0,-2.273720672139344,,-0.1912288979763028,-0.5141593633756751,0.2761492226587421,0.3421766581854072,0.4113690680148524,0.6617908811818283,,15.23444976076555,-3.1902097902097903,0.0164068908941755,0.3262155075174202,1.7563958707360865,-0.7710892710892711,-0.0351691055923249,2.552072295181512,6.285228239296853,,,,0.6119982807643986,1.0925555184814444,-3.2415354755229675,9.766832785494646,0.5355542500374376,,,-5.701195004181166,2.499959767186117,-0.1870802054523903,,0.6853448275862069,15.23444976076555,18.366644370122632,7.283051977678728,99.625,-4.742318269418159,1.1174368453481207,-0.5481986368062317,-0.1423487544483986,-3.811643065857496,5.848948434335567,-0.2237487733071639,-231000.0,,,-7.248671857943381,-0.1323695504856562,-0.7743717205191936,-0.5531914893617021,-6.76836713658204,-139000.0,-7.149959027588091,-7.123580806429005,,29.7693,-0.144444108527913
2019-12-31,0.6531098105346692,,,-0.0017584784292835,0.5992969678577751,0.1959467783663915,,0.8392887563884157,-6000.0,,-0.1373231268847135,0.5736188068212383,0.0,-0.2679390816880891,0.0,,0.641891783050629,,-0.0297981092649126,0.2680681650622459,,0.7348863636363636,0.727791687531297,,-0.1280205620690356,0.6738891251132075,-0.0581941392435211,,0.8977172181914705,,,0.6403547671840355,,1.0819848975188782,,-0.2497320473604491,,-6000.0,,-0.1244275118550642,-0.047078867953339,,-0.006923667350679,,0.4062224604332118,,,0.3897581792318634,0.6817859673990078,,0.0046377099034774,,0.0,0.6711220761375347,-0.1128210504245728,,-0.1373235328433088,,,,-0.0779091060429498,-0.4583148703212923,0.0,-0.3167728927379028,,0.0515623361644122,0.2524155562977209,0.0687686780161848,0.3674319639323284,0.3268402326568699,0.1550131190315681,,0.1148325358851674,0.0,7.448728465955702,0.1464175671782451,-0.9098967684021544,0.2334152334152334,0.1806545631185864,-0.2068366095560133,0.151970513184009,,,,0.2036137009852542,-0.035832128424721,1.8136726331679969,-0.960025447990669,0.1829030883183006,,,0.7228561409187775,2.742858675535767,0.3956934018174634,,2.823994252873564,0.1148325358851674,-2.385551839464883,-0.9387568876566176,0.875,,0.8083795440542206,1.7990262901655307,0.0,0.452536150445793,1.001838292568936,0.3171736997055937,251000.0,,,1.0351502801833927,3.573977863112717,0.7301850317591826,2.7968399317712542,0.6774393048001142,-139000.0,1.020486205954657,0.7610148110078027,,38.1359,0.4596928353598578
2019-09-30,0.4019640908640016,-18.660714285714285,,-0.002663493386374,0.2170801406064284,0.0205946367705638,,-0.0056005110732538,0.0,,-0.6755789962031035,0.0,0.0,-0.2948162122469448,0.0238390407478914,,-0.1367934406159893,,0.0401761786022232,1.0349883091441452,,1.7692045454545455,0.8408612919379068,,-0.3640416752304311,0.6621347631711073,-0.1953255950856285,-0.2312650042592736,-0.2218879647653316,,,0.0,,,,,,0.0,,-0.7200583633931829,-0.0346702349523224,,-0.1461489058412569,,0.4145403759038131,,,1.5608431397905085,1.6326219912329054,,0.0001024725637974,,0.2967123365387343,0.4075658682323059,-0.0800293531816752,,,,,,-0.0689195938072249,0.1955561712142276,0.0,0.0540622882165058,,0.0142340358603334,-0.4280169981458662,-0.0669554413888049,0.4708934089206977,0.3470630194965423,-0.0242786957597156,,0.0,0.653986013986014,7.448728465955702,0.0789438989018072,0.1196140035906642,0.0,-0.0454672414840002,-0.2651775827786972,3.544088460447973,,,,-0.0682238973748594,-0.1071441812182553,-0.956006038386888,-0.1574594422648711,-0.023844904447593,,,0.1414852580183971,2.6522543786712443,-0.4091268273409719,,0.7816091954022989,0.0,0.395273132664437,0.1551258203769346,0.125,0.0315497715510707,0.1739987677141097,-0.0296007789678675,0.0,0.0,0.2589811497117931,-0.1106967615309126,-301000.0,,,0.1315770322392839,0.0932158722987726,0.3568075117370892,-0.3323458120118502,0.2003774123467753,,0.4020759355367386,0.2871560061673597,,34.5344,-0.0036514316160118
2019-06-30,0.5114274377541911,-18.660714285714285,,-0.0009164708426233,0.6134840553321701,-0.0740421337932733,0.0,-0.1610519591141397,0.0,,-0.9661941911145296,-0.1144763031900586,0.0,-0.2981713760350561,0.131856518646479,,-0.2933681277082427,,0.1409118097146807,2.750152718387294,0.0,4.082386363636363,0.885661826072442,0.0,-0.2651070451737635,0.668296614465096,-0.2781724793399571,-0.2464241462092465,-0.2092648302168741,0.0,-1.014523418089511,-0.1788617886178861,-0.3878374184118401,0.0,0.0,-0.3467309756270613,-1.728712786770041e-05,0.0,0.0,-1.0416514678663586,-0.0130997874298297,0.0,0.006923667350679,0.0,0.415406181231608,0.0,0.0,4.216345532135006,3.788697272751136,0.0,-0.0001024725637974,0.0,0.2967123365387343,0.5224383998001312,0.068553656917217,0.0,0.0964881577412204,0.0,,,-0.056267687697686,0.3111699988213361,0.0,-1.3286476416931774,-0.2857550997085881,-0.1359704309531299,-0.8344984049842802,-0.4736912796749605,0.8146671229683415,0.4369708058297829,-0.30803777117111,,0.0,-1.9977622377622373,0.0360951599671862,0.1010640116020723,0.3793761220825852,-0.1179361179361179,-0.061157325884996,-0.483944326042696,3.544088460447973,0.0,0.0,0.0,-0.8600641407128216,-0.1199903607311014,,-0.5243346410772983,-0.3608298487518863,0.0,0.0,-0.2507890264627336,2.65059142236408,-0.4510075069142631,,0.0107758620689655,0.0,-0.056365663322185,-0.022602042606956,0.125,-0.2786643857863624,0.1040049291435613,-0.0597857838364167,-0.2419928825622775,-0.2869558702330111,-0.1833307368749026,0.1684003925417075,0.0,0.0,0.0,-0.401426388181355,0.0037647767487387,-0.1574150787075393,-0.0536852500224436,-0.2969188563454433,0.0,-0.0932349995447509,-0.3560248563285521,0.0,34.1754,0.0165555183065539
2019-03-31,0.4175478623152465,-18.660714285714285,,-0.0010940370683816,0.2242116177325949,0.0248449755656851,0.0,-0.0685902896081771,0.0,,-0.9206802671257128,-0.1839797729840228,0.0,-0.288922586461138,0.4819835382583071,,0.1415293416453228,-1.8896533984952737,-0.5125958378970427,0.3369915530933373,0.0,0.8278409090909091,1.015322984476715,0.0,0.1408040979589255,0.5600306050625674,-0.191604765178784,-0.1526368775652443,0.2026190054857547,0.0,-1.014523418089511,1.014929785661493,-0.3878374184118401,0.0,0.0,-0.3467309756270613,-1.728712786770041e-05,0.0,0.0,-0.99128602115673,0.0130997874298297,0.0,-0.3895737715189774,0.0,-0.1452439973407407,0.0,0.0,0.4801500064657959,0.755177573037247,0.0,0.0072557186301732,0.0,0.5524636201174368,0.4239197193508426,0.5501694796799106,0.0,-0.7051685917629215,0.0,,,-0.0456134509738638,0.6736177558926569,0.0,0.497694213700071,-0.2857550997085881,-0.0429642445213379,0.3203620743265809,-0.1192370974782579,0.9490182074287896,0.7357094676864261,-0.1010432176304264,,0.0,0.0699300699300699,0.0525020508613617,-0.0117925104130552,0.1670780969479353,0.3894348894348894,-0.034926225028842,-0.8133207920084773,3.544088460447973,0.0,0.0,0.0,-0.1666170733320108,-0.0581322062803544,,-2.3448202735659,-0.1150084666689705,0.0,0.0,1.4200588060748294,2.7102969181664567,0.9417226392730146,,-0.3347701149425287,0.0,-7.180200668896321,-2.825957252658548,0.125,1.267599229120201,-2.225015403573629,0.8274586173320351,-0.1779359430604982,0.6822506930396344,2.0410032715376225,0.3576054955839058,0.0,0.0,0.0,1.4814060112073355,-0.0471350048942097,2.1866887600110467,0.0583535326330909,1.9366644994529107,0.0,2.1376673040152965,1.894033546699061,0.0,38.4184,-0.0656618174633709
2018-12-31,-0.0173296299970241,-19.36904761904762,,0.0002692133100206,-0.2841716612295475,-0.442404829370457,0.0,0.0423551959114139,0.0,,-2.0510566604402447,0.16892092097477,0.0,-0.2571070368888915,0.6196118280662535,,-0.2630841347315517,,-0.7319335368553518,-1.105344090325027,0.0,-0.0395454545454545,1.028375897179102,0.0,0.3478793107731781,0.397905451016285,0.2945117758874044,-0.0395899481143034,0.5713639670461472,0.0,-1.014523418089511,-0.7458980044345898,-0.3878374184118401,0.0,0.0,-0.3467309756270613,-1.728712786770041e-05,0.0,0.0,-2.242154041529877,0.019384470724386,0.0,-0.3859396293801594,0.0,-0.8333633960183262,0.0,0.0,-0.0328462433725591,-0.0369057931070688,0.0,0.0007701970117678,0.0,0.5524636201174368,-0.0324474563567658,0.7394835237795716,0.0,-1.0028001400070004,0.0,,,0.0,-7.976080123319059,0.0,-2.2002816033937536,-0.2857550997085881,0.0489933941491034,0.1759008671818318,1.1302340418387562,0.345142619072418,0.852460288213503,1.5492485050123916,,0.0,4.141818181818182,8.009844134536506,-1.5746590426337097,-0.972733393177738,0.3693693693693693,0.1704535794523043,2.76748145590494,3.544088460447973,0.0,0.0,0.0,2.2872941876611783,0.9080005931857784,16.829846883761054,1.110910825999364,1.844835331927981,0.0,0.0,-2.8498017318119286,2.6576723976074885,-0.3881864875543263,,0.9102011494252874,0.0,8.96428093645485,3.5271821149054152,0.125,-0.4112297265109027,0.5308687615526803,0.5102239532619279,0.3629893238434163,,,,0.0,0.0,0.0,-2.438250491230624,1.1461486333860402,0.0557856945595139,0.8587844510279199,-3.4498025721127163,0.0,-3.808431211872896,-4.03616315469794,0.0,34.0927,0.1024706168769266
2018-09-30,0.6783652415434976,1.5773809523809523,,-0.0022682653354927,0.0,0.7398258798406636,0.0,-1.3433347529812607,0.0,,-0.0822864398295669,-0.2514390230781645,-1.2268041237113405,-0.2956902264437054,0.0030383091149273,,-0.3127627700188469,0.0,0.0297981092649126,0.7780843848082067,0.0,1.4227272727272726,1.6046402937739943,0.0,-0.4330637347348545,-0.5699424173194866,1.353168771991318,-0.3285932780918454,-0.441829371399359,0.0,-1.014523416480449,0.4091648189209165,-0.387837417254231,0.0,0.0,-0.34673097455525,-1.7286145209142494e-05,0.0,0.0,-0.0635242302652021,0.2605491463037302,0.0,-0.4192108272372687,0.0,0.780487427785136,0.0,0.0,1.2640631061683694,1.3048271517442318,0.0,0.0094902816342721,0.0,0.808668765778799,0.6976255165880724,-0.1086417164622427,0.0,0.4105705285264263,0.0,,,0.0858997835858165,-3.157881820177633,0.0,-2.2002816033937536,0.2856979601165648,1.1161004508755374,0.1985650616701023,1.3693126490043988,-0.3999880964780454,0.3276936239173676,1.2354005305811655,,0.0,0.0699300699300699,-7.330598851517637,-1.2611784697569717,0.3767953321364452,0.2497952497952498,0.9462626753294068,1.5861839050351831,3.544088460447973,0.0,0.0,0.0,2.7647126892812275,1.2523078634189746,,0.8439189905630368,1.4721175887848317,0.0,0.0,-0.6799654716624856,-0.0053643751844003,1.823587514816278,,-0.3326149425287356,0.0,0.4591304347826087,0.18025479942442,0.125,-0.6065914553604296,-0.0675292667898952,-0.0222005842259006,0.0071174377224199,,,,0.0,0.0,0.0,-0.5705552725420275,-0.0429184549356223,-0.2292184479425573,0.0623036179190232,-0.7880623523255261,0.0,-0.7646362560320495,-0.9584637667616688,0.0,37.0559,0.0063707720699861
2018-06-30,0.4595278246205733,1.5773809523809523,,-0.0027982061801638,-0.2619932731456895,0.4957085951295634,0.0,-1.0403109028960815,0.0,,0.2780646815368274,-0.5737004551078595,-27.320633608247423,-0.3039733930257965,-0.7602682654201809,,-0.3559013515037291,0.1103466015047263,0.7143778207607995,0.0179891727929559,0.0,0.3976136363636364,0.9614087798364211,0.0,-1.076658302409674,-0.5400460277079114,1.142843019624232,-0.4340296600325253,-0.2893293222438506,0.0,-1.0144610579408933,0.3661492978566149,-0.3877966387155063,0.0,0.0,-0.3466797462593888,1.7286145209142498e-05,0.0,0.0,0.3352382496386063,0.2723148449523626,0.0,-0.5328090978868717,0.0,1.287375218383933,0.0,0.0,0.20845726108884,0.3576659579494448,0.0,0.0107331746661377,0.0,0.808668765778799,0.4679741419693326,-1.1586050249851487,0.0,0.3104655232761638,0.0,,,0.1195272182453803,-0.7242748844652588,0.0,-0.5642928228687009,0.2856979601165648,0.7515203942539582,-0.1338331883039858,-0.0631274973976696,-0.2987883206610423,-0.3198234600705556,-0.2848551571616332,,-0.0191387559808612,-0.0489723524475524,0.2067268252666119,-0.0288049767812062,-0.2007405745062836,-1.6535626535626535,0.9458254903151376,-0.7581707128314422,0.0,0.0,0.0,0.0,-0.0561231237188388,-0.4091128165202239,,-0.0915067331141978,-0.3332987755008006,0.0,0.0,0.6327048096895147,0.0419494139420111,1.808968787040696,,-0.2126436781609195,-0.0191387559808612,0.4148940914158305,0.162776822377426,0.0,0.443494077650982,-0.0414048059149722,-0.007205452775073,-0.2135231316725978,,,,0.0,-3.801247580124758e-05,0.0,0.6654537515464668,-0.0037647767487387,-0.1662524164595415,0.0490169674117963,0.7690331583704667,0.0,1.0640990621870163,0.835957576040742,0.0,37.5384,-0.0628933277022623
2018-03-31,0.0271798432695169,1.0,,-0.000435323650246,-0.7359077459980274,0.0,0.0,-0.7592206132879046,0.0,,-0.1869391641944108,-0.4627467857334983,-1.0,-0.296554688572742,-0.6565999390305863,,-0.6980138210989223,,0.5246000119109578,-0.6662734607039791,,-0.5252272727272728,0.4733433483558671,0.0,-0.9981863640778124,-0.557320831861936,0.6979971329837191,-0.3345291566638271,-0.3489451227904599,0.0,0.6312973996725537,-0.7296378418329638,0.785513886692684,0.0,0.0,0.403536977816348,0.9999827128721324,0.0,0.0,-0.1793323335900241,0.3587895153480485,,-0.4418928867933395,,0.7486072387509728,,,-1.0596146385620069,-0.4949996062682101,,0.0060855480629379,,0.808668765778799,0.0142614742408627,-1.016004472865779,,0.3622681134056703,,,,0.2620276344265024,4.888585784962833,0.0,3.20894473126686,0.0,0.3962199853203313,0.1225570923496827,-0.0452973372284342,-0.2081231617738231,-0.2318810596705823,-0.424688028944318,,-0.0382775119617224,4.106013986013986,0.4134536505332239,-0.0044142564858807,2.7391157989228008,0.3615888615888616,0.3806424190904123,-0.0907737918060698,0.0,,,,-0.0225649672683991,-0.017424832239647,-0.0813025663144274,0.3762061287244194,-0.4993606800981442,0.0,0.0,-1.8143292600685168,-0.0214575007376015,-0.4818253654681944,,-0.6056034482758621,-0.0382775119617224,0.1897881828316611,0.0741234689221914,-0.125,-1.4862605833567917,-0.4377079482439926,0.1312560856864654,-0.2562277580071174,,,,0.0,1.100021510002151,0.0,-2.281056691652718,-0.0317747157593554,-0.024302678818006,0.2120477601220935,-2.02832178366978,0.0,-2.144040790312301,-2.3461197028453955,,34.747,0.0148331342971766
2017-12-31,0.5387560757861324,1.0,,,-0.088688263409453,0.6232392920208616,0.0,0.2043228279386712,0.0,,0.5708286024734767,-0.3662918930550325,-1.0,0.0737121126188784,-0.5637231988619043,,0.1097633660336023,,0.4318913306352424,,,-0.50375,0.7445501585711901,39000.0,-0.5247709240057187,-0.1032416382596914,1.1649702738045489,-0.3291005188569658,1.3523073595627126,0.0,0.622618316480526,0.402660753880266,0.6121625815881598,0.0,0.0,0.372668810588962,1.0029942139475976,0.0,0.0,0.6592091219821937,0.6512603522476583,,-0.6420213349206598,,0.7400522575358562,,,-0.2832018621492305,-0.4404021314014227,,-0.0228315483273833,,0.8004992482909256,0.5511174958100413,-0.8882482440507391,,,,,,0.3229565506908606,-1.0781069048211085,0.0,-4.013776974458327,1.1427918404662591,0.9450298836111984,-2.743588267133464,0.9612168832477084,-0.7121381205330793,-0.1530932200650387,1.152272914655971,,-0.0382775119617224,-4.285594405594406,0.4003281378178835,0.5516844001933678,-2.5582360861759423,-1.6388206388206388,1.1262371728702412,0.1276595744680851,0.0,,,,,1.1457568679790902,0.0439939616131119,-1.1690170713604071,1.373397380516294,0.0,0.0,0.9422729357179468,0.4277552772040877,0.0294350059265112,,1.0165229885057472,-0.0382775119617224,-4.133779264214047,-1.6272768750219353,-0.125,,0.2888478126925446,1.323271665043817,-0.3701067615658363,,,,0.0,4.03570660357066,0.0,1.4977075904228223,2.040960771026278,0.8025407346037007,1.8725199748630936,1.1317295951538986,0.0,2.5953746699444595,1.207494276503294,,33.0625,0.0919825506862466
2017-09-30,0.2669973216942763,1.0,,,-0.1733050097362365,0.2138310541661533,0.0,-0.085881601362862,0.0,,-0.0853141901378359,-0.4916348378073054,-1.0,0.0509208790290323,-1.080032517020628,,-0.1052529841009036,,0.9912920540964631,,,-0.1401136363636363,0.2334835586713403,0.0,-1.3939429529064475,-0.4655200578469314,0.7326709537098202,-0.4597343762100209,-0.4329420554867378,0.0,0.8496044184413779,0.4233555062823355,0.8071199296785705,0.0,0.0,1.3165058960207712,1.0023460563331352,0.0,0.0,-0.0668747213553276,0.7371563817261984,,-0.3797365246949357,,1.4493117363004344,,,0.0,-0.0909782922539832,,-0.0500099166997223,,0.7264062632967407,0.2659296503336352,-1.5984554635356607,,0.0,,,,0.3728982853337773,-0.0420413918571303,0.0,0.0026763509018072,0.0,2.452946419209395,-0.3782202618820033,-1.1884087169671935,0.0539130348525203,-0.591081199316425,-2.215161817555737,,-0.0382775119617224,0.0517482517482517,-7.327317473338803,-0.4417186302132418,-0.283213644524237,-0.997952497952498,2.3329649644787174,-2.853016466442034,0.0,,,,-2.2720855650333927,-1.9606272939606275,0.3047228811731723,-0.6577245255010074,-2.6256810772828327,0.0,0.0,-0.168514472228966,-0.0237641820668937,0.2254049782694587,,-0.3347701149425287,-0.0382775119617224,-0.2065551839464883,-0.0818446636015863,-0.125,-0.0829128862519217,-1.355514479359211,0.6,0.0,,,,0.0,1.1447623144762316,0.0,-0.3012881158576523,0.1323695504856562,1.212372272852803,0.2723763353981506,0.0499199188087724,0.0,0.0142948192661385,-0.1269915432416016,,35.2203,-0.0447555423421532
2017-06-30,-0.2555897232417419,1.0,,,-0.2582758010267303,-0.0179458749127345,0.0,-0.0902257240204429,0.0,,-0.1594940726904247,-0.3561245898111786,-1.0,0.0408721037832158,-0.2952951935778884,,-0.214855265065481,,0.1966136629043576,,,-0.0832954545454545,-0.0363545317976965,0.0,-0.7312950444600537,-0.4672088615349135,-0.1538931654466119,-0.2066599550840238,-0.5854421046422462,0.0,0.449565344427303,-0.0644493717664449,0.6167331418576832,0.0,0.0,1.1357985003771156,1.0004978641767357,0.0,0.0,-0.1489617530634026,0.7978976046677034,,0.062814267140776,,0.1502945284195445,,,-0.1040993146256304,-0.0865684962070504,,-0.3014577548591828,,0.5151334638186821,-0.2824812883212059,-0.5190131739874899,,0.098821607747054,,,,0.439487264857666,-0.1280351479285333,0.0,-0.0761154196473974,0.0,-0.1050382719932893,-0.350719196618797,0.3075618683052953,-0.0639020736927205,0.0746157045542215,0.467076323179219,,-0.0382775119617224,0.0243356643356643,0.4922067268252666,0.2110834948801461,-0.0026929982046678,-4.352989352989353,0.3603861800959378,0.3609520294324256,0.0,,,,0.6738577001917609,0.2686575464353242,0.5328876428725469,0.5403456685399215,0.5596756171452927,0.0,0.0,-0.011194734428529,-0.0121771316685889,0.6434215725009877,,-0.3936781609195402,-0.0382775119617224,-0.2060200668896321,-0.0816340855648755,-0.125,0.0582274095407202,-1.5235982747997536,0.6366114897760468,0.0142348754448398,,,,0.0,-1.7504839750483976,0.0,-0.4110326759333382,0.0862886830810932,1.3554266777133388,0.2468803303707693,0.2348202534054328,0.0,0.314121824638077,0.1605382423024809,,32.6291,0.004413238489569
2017-03-31,-0.3468901894653308,1.0,,,-0.3614546190223301,-0.1224385035522155,0.0,-0.0282580919931856,0.0,,-0.3839382729614572,-0.2419710581526709,-1.0,0.0187089186462332,-0.4159841479524439,,-0.2953333655503471,,0.3030561964168731,,,-0.2651136363636364,0.0121515606743448,0.0,-0.8529419071861088,-0.4673145619079878,-0.2459971869087902,-0.241862851390072,-0.6478892624707525,0.0,0.4940345629617106,-0.6487804878048781,0.6121625815881598,0.0,0.0,0.9272240093198478,0.9999827128721324,0.0,0.0,-0.3973304151636742,0.9903278563363188,,-0.5334356741177023,,0.1942135343925705,,,-0.1784559679296521,-0.2526708139748536,,-0.3016891445193706,,0.4562448585935948,-0.3782934116152941,-0.6850263829192438,,-0.018667600046669,,,,0.3689029465623439,-0.5513155250355505,-51041000.0,-0.3574534264453726,0.0,0.6285781692356087,0.9354738405905588,0.0,0.0,-0.027765386364273,-0.134274864323509,,-0.0382775119617224,0.0285314685314685,-7.360131255127153,-0.0418377760741438,1.0812387791741471,0.4979524979524979,0.4646790940554982,0.042934193763469,0.0,,,,0.0681908351517556,-0.2441144848552256,-0.0010782833728703,0.0,-0.1544735114213636,0.0,0.0,-1.4007984678050227,-0.0105141753614247,-0.3348478862109838,,-0.7313218390804598,-0.0382775119617224,0.0948940914158305,0.0367809637454813,-0.125,-1.1491522487603127,-0.4781269254467036,0.2025316455696202,0.0071174377224199,,,,0.0,0.899978489997849,0.0,-2.7730150644057927,0.05376101197199,-0.0756697045015189,0.3768740461441781,-1.5060338402499167,0.0,-1.292269871619776,-1.4910059337476054,,34.5894,-0.1010627533290545
2016-12-31,0.0,1.0,,,0.7158283387704524,-0.2827809946203441,0.0,1.8416737649063035,0.0,,0.2547217033537218,1.3583839905320352,-1.0,0.0294048464803615,-0.3505233208007316,,0.9976642664991382,,0.2622275044730825,,,0.0189772727272727,-0.3322984476715072,19000.0,-0.6496882036873499,0.065758844598831,-0.3831286427508976,-0.2786997599318516,-0.0164965886077193,0.0,0.5434491841776141,-1.2063562453806356,0.3877966387155062,0.0,0.0,-0.2055734192434941,-1.728712786770041e-05,0.0,0.0,0.309407044137316,0.9923530995463294,,-0.6534876799448613,,0.3227650111575508,,,0.4599767231346178,0.0061422159225135,,-0.3004991405526907,,0.4058661674183757,-0.0142614742408627,-0.5949820037040919,,,,,,0.7984018644914267,-1.1994536494996435,0.0,-0.8837310677767447,3.9997714416319066,-1.6850424661843346,0.8508516347471583,-1.374500520466069,0.8760000198392033,0.027765386364273,-0.8682422437666413,,-0.0382775119617224,-4.285594405594406,0.8564397046759639,-1.4572954866180643,0.0,-13.67936117936118,0.0027688384237051,-0.1337079855695388,0.0,,,,,-0.8733919104289475,0.0,0.4533983670872654,-1.0261142021172431,0.0,0.0,0.011194734428529,0.2093715634471475,-0.124654286843145,,3.069683908045977,-0.0382775119617224,0.1796209587513935,0.0701224862246867,-0.125,,1.982008626001232,1.5353456669912366,-0.2348754448398576,,,,0.0,4.486556248655625,0.0,0.0002910996288479,3.459528649951058,0.3811101905550952,2.5375706975491514,-0.1724679278793549,0.0,0.6712191568788127,0.0718590851749754,,32.15,0.034163930964013
2016-09-30,-0.2756869358198591,1.0,,,-0.5892825531699669,0.2109769619317481,0.0,-0.0745102214650766,0.0,,0.1948992174242146,-0.3012534294475227,-1.0,0.0170229786929189,0.5468448328421909,,-0.4791314293078174,,-0.7125031395731216,,,-0.6401136363636364,0.8101485561675847,0.0,0.1364405305844966,-0.4791337854426563,0.0449645217969631,-0.0609831177882753,-0.0673823708684795,0.0,0.1603019769587683,-1.331559497413156,0.3877966387155062,0.0,0.0,-1.1648445882889962,0.9990208985866592,0.0,0.0,0.2432078250179008,1.5508540981037455,,-0.4611287770798414,,-0.8605847278124501,,,-0.9279710332341912,-0.5995747696669029,,-0.3020263123099299,,0.346296769069299,-0.303571614461343,0.6393891742670441,,0.2720802706802007,,,,0.8316963542533711,-0.9761883791068529,-15840000.0,-0.5495083671590588,3.9997714416319066,7.705227010590332,3.4859788329321804,3.59489271683288,-1.184073087624801,0.7890076309556905,1.4350814058945918,,-0.0382775119617224,-0.0897902097902098,0.8564397046759639,-1.4547221313436625,0.1937836624775583,-0.631040131040131,7.155407128544538,0.0,0.0,,,,,1.4232380528676825,0.0599525555315937,-0.0956420315979217,1.7092534356245177,0.0,0.0,0.0708100671684065,-0.0100313815948287,0.0302252074278941,,-0.1336206896551724,-0.0382775119617224,0.1682051282051282,0.0656301547748569,-0.125,0.0391286459799484,-0.5594577942082564,0.3250243427458617,-0.0213523131672597,,,,0.0,-1.7530651753065176,0.0,0.2052252383378211,0.1935095248851743,0.4750069041701187,0.2447257383966244,0.1978401864861007,0.0,0.2597650915050533,0.1010138765593608,,33.8291,-0.0157083694215925
2016-06-30,-1.4847336573752603,1.0,,,-0.051361808663986,-2.7269927313046693,0.0,-0.0109241908006814,0.0,,0.0019045526132659,-0.3064715692075959,-1.0,-0.0052978155615123,-1.5634793212071945,,0.1302856038273812,,1.4633388486246728,,,-0.3673863636363636,-4.146252712401936,0.0,-1.7390713190305291,,-2.598873864764909,-0.2488015952915666,-0.0643150671464244,0.0,0.4752216732125139,1.2439024390243902,0.3877966387155062,0.0,0.0,-0.1642015006679004,0.9976789244752454,0.0,0.0,0.0296410381118361,1.5971935915518427,,-0.4248500133147449,,0.0228974587582908,,,,-0.3523112056067407,,,,,-1.572363969478363,-2.263458783240731,,-0.6028468090071171,,,,0.8217080073247878,0.3710471326784612,1078000.0,0.1814565911425296,3.9997714416319066,0.0388224808640033,-0.6455840521460735,-0.0347704912528121,-1.0996275189588387,-1.001191730724887,-0.0042000300694993,,0.0,-0.0897902097902098,-7.360131255127153,-0.812779858489875,0.2854578096947935,-0.0974610974610974,-0.0111239298075171,0.0644608222505328,0.0,,,,,0.1084232380528676,0.0420530515419452,-0.3077086205068391,0.0,0.0,0.0,-0.1593428825766772,-0.000590081270284,-0.1961675227182931,,0.216235632183908,0.0,-0.4006243032329989,-0.1580739128908855,0.125,,0.0793592113370302,0.007205452775073,-0.0071174377224199,,,,0.0,0.894816089481609,0.0,-0.2320064041918346,0.0468338227543106,0.1115713891190278,-0.1050363587395637,-0.1872472685177843,0.0,-0.0142948192661385,-0.1737139653319628,,27.3609,0.2169811665551936
2016-03-31,-1.387788909830374,0.0,,,-0.0344940950357838,-2.536384542729252,0.0,0.2422274275979557,0.0,,-0.0478579887436057,-0.3938350637473775,-2.731958762886598,-0.0243303105019014,-1.4769738847678082,,0.1052529841009036,,1.4041672816345978,,,-0.0492045454545454,-4.277315973960941,0.0,-1.6691458294278805,-0.388478899563025,-2.4154387478598487,-0.2565863858127468,-0.0947128335201242,0.0,0.507655765035313,0.2504065040650406,-0.3878374184118401,3.2340884573894284,0.0,1.0394426589277406,-1.728712786770041e-05,0.0,0.0,-0.0254259041597427,1.622589498471022,,-0.4333714500540422,,0.0438520091321847,,,1.213888529678003,-0.200698217707431,,-0.3036592621975406,,-0.4318497716506396,-1.470628649948471,-2.1444665758115806,,-1.4309882160774705,,,,0.8177126685533544,0.0414044010714162,,0.0067444042725541,,-0.0142340358603334,,0.0659984553910211,-1.0747193992689257,-0.9278087024358288,0.1468846543705047,,-0.0574162679425837,-0.0162237762237762,-7.360131255127153,0.1872201415101249,4.104914721723519,-0.4414414414414414,-0.0194790211913291,0.0412434961721177,0.0,,,,0.1982245586193215,0.2539020501983465,0.0420530515419452,-1.4016541193934895,0.1794242665100044,0.0,0.0,-0.1249224461169107,-0.0162540568087332,-0.1475701303832477,,-0.7306034482758621,-0.0574162679425837,-1.002452619843924,-0.3951145895483101,-0.25,-0.1018817262510556,-0.433271719038817,0.1466407010710808,2.498220640569395,,,,0.0,0.0,0.0,-0.1283749363219561,-0.0877945937805888,0.0259596796465064,0.2077385761738037,-0.046811817129446,0.0,0.0337794773741236,-0.1200766247722281,,26.6413,0.2498526723545772
2015-12-31,-1.1492411467116357,0.0,,,0.8450547505247452,-2.7975237156584947,0.0,0.0196550255536626,0.0,,-0.0019045526132659,-0.5702297057399537,-2.731958762886598,-0.0430428111735312,-1.4514581851437862,,1.1739235490262407,,1.392660260642829,,,0.1098863636363636,-4.218027040560841,0.0,-1.2780599742070706,-0.0154286510470342,-2.5967528119677707,-0.2138039185317122,1.5088578226076017,0.0,0.470739286319923,5.926237989652623,-0.3878374184118401,2.5382955771305284,0.0,-0.5561629157739788,-1.728712786770041e-05,0.0,0.0,0.0254259041597427,1.6614870267902708,,-0.6311815661272889,,-0.15446894696427,,,0.3900168110694426,-0.0317610310523138,,-0.2905295517651725,,-0.5049215669588404,-1.2202929327628744,-2.109368557151344,,,,,,0.8153820542700183,-13.18093183338894,44516000.0,-8.938262633783616,-0.7428146963030684,-2.2147687952186224,1.1761196780026026,-2.532873308485276,0.4856835349492364,-0.90616359682866,-2.0357342050254865,,-0.0382775119617224,-4.285594405594406,0.8564397046759639,-0.3568076722121577,-0.694008078994614,0.5495495495495496,-1.3987005889853663,-0.0854159473264356,0.0,,,,,-1.876728580432284,0.55790381712314,0.0461244830876895,-2.412597481885936,0.0,0.0,0.0456151708882954,0.4808089477778076,0.9140655867246148,,-0.0107758620689655,-0.0382775119617224,-2.210033444816053,-0.8702488330467132,-0.125,,-0.9621688231669748,1.2851022395326193,1.4733096085409252,,,,0.0,2.6625080662508065,0.0,0.1068335637872061,1.2608990286875987,1.3349903341618337,1.4559655265284135,0.2957771047081397,0.0,-0.1881999453701174,0.1225061907209269,,28.9992,-0.1052442826008993
