,totalAssets,intangibleAssets,earningAssets,otherCurrentAssets,totalLiab,totalStockholderEquity,deferredLongTermLiab,otherCurrentLiab,commonStock,capitalStock,retainedEarnings,otherLiab,goodWill,otherAssets,cash,cashAndEquivalents,totalCurrentLiabilities,currentDeferredRevenue,netDebt,shortTermDebt,shortLongTermDebt,shortLongTermDebtTotal,otherStockholderEquity,propertyPlantEquipment,totalCurrentAssets,longTermInvestments,netTangibleAssets,shortTermInvestments,netReceivables,longTermDebt,inventory,accountsPayable,totalPermanentEquity,noncontrollingInterestInConsolidatedEntity,temporaryEquityRedeemableNoncontrollingInterests,accumulatedOtherComprehensiveIncome,additionalPaidInCapital,commonStockTotalEquity,preferredStockTotalEquity,retainedEarningsTotalEquity,treasuryStock,accumulatedAmortization,nonCurrrentAssetsOther,deferredLongTermAssetCharges,nonCurrentAssetsTotal,capitalLeaseObligations,longTermDebtTotal,nonCurrentLiabilitiesOther,nonCurrentLiabilitiesTotal,negativeGoodwill,warrants,preferredStockRedeemable,capitalSurpluse,liabilitiesAndStockholdersEquity,cashAndShortTermInvestments,propertyPlantAndEquipmentGross,propertyPlantAndEquipmentNet,accumulatedDepreciation,netWorkingCapital,netInvestedCapital,commonStockSharesOutstanding,investments,changeToLiabilities,totalCashflowsFromInvestingActivities,netBorrowings,totalCashFromFinancingActivities,changeToOperatingActivities,changeInCash,beginPeriodCashFlow,endPeriodCashFlow,totalCashFromOperatingActivities,issuanceOfCapitalStock,depreciation,otherCashflowsFromInvestingActivities,dividendsPaid,changeToInventory,changeToAccountReceivables,salePurchaseOfStock,otherCashflowsFromFinancingActivities,changeToNetincome,capitalExpenditures,changeReceivables,cashFlowsOtherOperating,exchangeRateChanges,cashAndCashEquivalentsChanges,changeInWorkingCapital,stockBasedCompensation,otherNonCashItems,freeCashFlow,researchDevelopment,effectOfAccountingCharges,incomeBeforeTax,minorityInterest,sellingGeneralAdministrative,sellingAndMarketingExpenses,grossProfit,reconciledDepreciation,ebit,ebitda,depreciationAndAmortization,nonOperatingIncomeNetOther,operatingIncome,otherOperatingExpenses,interestExpense,taxProvision,interestIncome,netInterestIncome,extraordinaryItems,nonRecurring,otherItems,incomeTaxExpense,totalRevenue,totalOperatingExpenses,costOfRevenue,totalOtherIncomeExpenseNet,discontinuedOperations,netIncomeFromContinuingOps,netIncomeApplicableToCommonShares,preferredStockAndOtherAdjustments,adjusted_close,10%DDret
2023-09-30,-0.2499808698097124,,,,-1.2700992568513805,0.5335903818653673,,-2.498141929706738,3.0,12000.0,-0.6825699378116636,,,,-0.3526193158362429,,0.1055069568811131,,0.960060554788726,0.1795368754803068,-0.3224089554829192,0.0,0.5887061529614721,,-0.8265536742899261,,,,,,,,,,,0.0221169036334913,,,,,,,,,,0.0400616332819722,,,-2.729218956814974,,,,,-0.2499808698097124,-0.7816700576322264,,,,,-0.2723038823443251,4.900009676824308,0.6910500181664042,,,,-1.847092792533903,,-0.4061902101217385,-0.2595456167479481,-0.3526193158362429,1.559982243924093,,0.6273584905660378,,,,0.0360230547550432,-0.093304535637149,0.0452084400971457,,-0.1113155473781048,,,,,9.28873504402137,-0.4507962433646386,-0.6972468232576049,1.575445278368993,,,-2.0591007514966244,,-0.2895578997273912,,-1.1930530371713508,1.092436974789916,-2.109697355266745,-1.992701379617268,0.8733766233766234,,-3.94016875479417,,0.0804134548002803,-0.0199146514935988,0.0095400340715502,0.0,,,,-0.2382485511912427,-1.3752201169261111,,,,,-2.6889442682374263,,,3.9294,-0.1159818263517898
2023-06-30,0.0989253281939854,,,,-0.7933256326644655,0.6525247603410836,,-8.282963957913589,1.0,0.0,-0.163884556884037,,,10.396862793725589,-0.3155493671240353,,-0.1843745694999311,,1.8771390830698904,0.8259972256994959,0.3224089554829192,0.1014939372621992,0.0140950571292846,,-0.7895400544235747,-0.0593181337222928,0.8694999691548815,,3.9423379566485512,,,0.8199032480995162,,,,0.0331753554502369,,1.5,,0.0,,,0.0310199617559691,,0.1622245817361623,0.1053929121725731,,-0.0043673907651637,-2.1710704811700543,,-0.0959681226446042,,4.11551094890511,0.0989253281939854,-0.736568796874069,,,,,0.242770615375852,-0.0831768409402244,0.6502361632554197,,0.1440123262404966,-0.5454259891200366,-0.017570507820518,,0.0882138805641624,-0.2686276842127358,-0.2595456167479481,-0.8538453001886583,,0.2216981132075471,-2.8035160289555328,,,0.1772334293948126,0.0677321814254859,0.6158508054633364,-0.685194969882701,1.091996320147194,0.135432391632521,-2.023861742258093,,0.025865913482979,-3.427345925201294,-0.3495304205798285,0.3375048132460531,-0.9343564467346251,,,-0.4212626841591305,,-0.0148156927817944,-0.6874212558423085,-0.1423957388939256,0.3697478991596639,-0.3892574752340271,-0.3230974632843791,0.3149350649350649,0.0542570951585976,-0.6578027784880253,-0.8693365695792881,0.0986334968465311,-0.054054054054054,0.3332197614991482,0.4385342789598109,,0.196916608269096,,-0.2691564713457823,-0.325233030452443,-0.2079517534062988,-0.502288080191763,-0.0109312591969728,,-0.5013593112822836,-0.539192652712516,,33.053,-0.0683417541524217
2023-03-31,0.1295407508644176,,,,-0.7885961953243992,0.6860314601980827,,-8.30929035146631,1.0,0.0,-0.0170199657290282,,,10.768491536983074,-0.2973012685507175,,-0.181102768976443,,1.848434925864909,0.8306758370025955,0.3270756800015427,0.1025135967201458,0.0146590994324574,,-0.7713196843572394,-0.0640386676466505,0.889412066862145,,5.079044001930462,,,0.8212854181064271,,,,0.0315955766192733,,1.5,,0.1513492063492063,,,0.0299758165348359,,0.1106772004966976,0.1639445300462249,,-0.0042210408100701,-2.1683024215029905,,-0.0959681226446042,,4.112080291970803,0.1295407508644176,-0.714367194749253,,,,,0.2882965478518671,-0.065180971734601,0.8352105284405151,,0.2037203652885869,-0.7010770497498942,-0.5345594373058554,,0.1195035641116811,-0.2841749522456776,-0.2686276842127358,-0.3439129952280546,,0.1981132075471698,-2.701137538779731,,,0.2377521613832853,-0.4520086393088552,0.5125554243443774,-0.0737609637535665,-0.0634774609015639,0.1716627129609661,-2.4561803666988333,,0.064855911146977,-0.4384077056211904,-0.3135973866884443,-0.2624181748170966,-0.349277472835219,,,-0.2777565490595677,,-0.037335545810122,-0.6852265799634221,-0.122903445149592,0.3277310924369748,0.0220848859401981,0.0788607031597685,0.2824675324675325,0.2061769616026711,0.0581266513253217,-0.9486245954692556,0.1354239663629993,0.0,0.6235093696763203,0.693853427895981,,0.1469866853538892,,-0.2202189311010946,-0.3133056279495668,-0.2416796962251507,-0.5120941381564611,-0.5385747319739331,,-0.3142274580879021,-0.3627723195215719,,38.2647,0.1837045632136147
2022-12-31,0.2315375868199217,,,,-0.6523420596222583,0.7227413802235051,,-10.037698679203045,1.0,0.0,0.0980380831359864,,,,-0.3128205487024119,,1.55539674886348,,2.133962628196566,0.9934412442786094,0.489427554887044,0.1282622673050884,0.5969267695077131,,-0.7868153825194831,-0.0651092924774099,0.9112277490239724,,6.575319470382105,,,1.0268140981340703,,,,0.0315955766192733,,1.5,,0.2699206349206349,,,0.028188381495269,,0.0963581502210544,0.2200308166409861,,-0.0040808529583488,-2.173168494647869,,-0.0959681226446042,,4.106240875912409,0.2315375868199217,-0.7332487720164469,,,,,0.4266428693489281,-0.0616837069494718,0.2874328852286948,,,,-0.0377683812964407,,0.0157464316554071,-0.2782835032430957,-0.2841749522456776,-0.3072910886694041,,-0.1037735849056603,,,,,0.063585313174946,0.8929613867783694,,-0.0101195952161913,,,,,0.5651290541048988,-0.340819382060705,-0.4317481709664998,-0.3155595384787723,,,-0.4431707213518447,,0.0119710797676899,-0.7184722617354197,0.3915302583862194,-0.2100840336134453,-0.2178496773607198,-0.1675122385402759,-0.1331168831168831,,-0.391886133128782,-5.523135517799353,0.102312543798178,0.4466571834992888,0.8143100511073254,1.24822695035461,,,,0.1841596909207984,-0.2950858162522599,-1.797102524011615,-1.459002614948791,-0.3931048980449863,,-0.5704576347983689,,,11.7352,0.7007635148953575
2022-09-30,0.2175218306613351,,,2.973809071930157,-0.7340509266357959,0.756858217255442,,-10.008685918961271,1.0,0.0,0.2566472207782206,,,13.768801537603077,-0.3202653251142255,,-0.1899194103871056,,2.163616664440388,1.009178391389035,0.5051247191769594,0.1296752672067533,0.0196434732604945,,0.4704739881162387,,0.2052597851417175,9.068403506605756,,,,,,,,0.0394944707740916,,,,,,,,,,0.0061633281972265,,,-2.1215310006206165,,,,,0.2175218306613351,-0.7423064808587798,,,,,0.4791560993736929,-0.0653714842131683,-2.628597957288765,-0.4494620397029853,-0.6731072023032975,0.4580436055227951,2.717736086593593,-2.319742489270386,-1.183081898376255,-0.0246853112602243,-0.2782835032430957,-0.4184885140383975,,0.0047169811320754,,,,,-0.9237149028077754,1.2090416880194292,0.1319877417309521,-0.1205151793928242,,,,,0.3276394010083527,-0.3576970191915067,-0.4642857142857143,-0.4210821104514394,,,-0.4283955334776886,,-0.1454308403460945,-0.7184714488925015,-0.0485112194016319,-0.0168067226890756,-0.2852858311369626,-0.2294615042278593,0.0162337662337662,,-0.5183669990624734,-2.4384340614886733,0.0220742817098808,0.3157894736842105,0.4211243611584327,1.107565011820331,,,,0.0656793303283966,-0.4265689934493202,-0.6482850122850122,-0.917942253214208,-0.2005465629598486,,-0.5403262347077481,-0.575929090132422,,9.2706,-0.1180182512458739
2022-06-30,-0.1288858755131784,,,-17.70525716454735,-1.48982046537936,0.8143636459933267,,,1.0,0.0,0.4101349660178286,,,9.2750325500651,-0.0246853112602243,,-0.1967040914726546,,-0.0266262968075159,0.0098888829815513,,-0.0296699722392417,0.0308043103232742,,-1.1114844920757458,,0.2394336584450787,-2.067415730337079,-0.388862076924691,,,,,,,0.0552922590837282,,,,,,,,,-0.0334911008332283,-0.1152542372881356,,,-2.7319870164820377,,,,,-0.1288858755131784,-0.3771548238258604,,-0.0163632784408885,,,,0.3671659303208169,-0.910540551451294,-0.0166691923018639,-0.1624454541364883,0.4580436055227951,-0.0950230578704654,-2.385290674990246,-1.5170417026464165,0.2979170019381608,-0.0246853112602243,-0.511596937076906,,0.0,,,,,-0.5864362850971923,0.0340233060760678,0.0011624220648842,-0.1205151793928242,,,,,-1.694183159003687,-0.3576970191915067,0.1157104351174432,-0.5150666517307046,,,-0.476797010996476,,-0.1357117458812374,,-0.1707275611967361,-0.0252100840336134,-0.4161592293010997,-0.3578104138851802,0.0097402597402597,,-0.7638285178556209,-0.6840614886731392,,-0.0796586059743954,-0.4068143100511073,0.185579196217494,,,,-0.292337411461687,-0.3819586297574605,-0.026580299307572,-0.5794290695140554,-0.0147151566113096,,-0.5734028092433168,-0.6071123451516446,,6.0288,0.595292595541401
2022-03-31,-0.0721395026862346,,,-0.2169292085784779,-1.436583628923167,0.8488194481224511,,-0.6413252742332661,1.0,0.0,0.5692446908873872,-0.3071339173967459,,-0.5312790625581251,0.2979170019381608,,-0.0982401157184185,,-0.7096783768941923,-0.0023876384129454,,-0.0295428930189635,0.0304882866214966,-0.0069162436548223,0.0951120084674419,,0.2599097811759166,-0.5983454747499691,0.6227836414377741,,0.4690031551121344,-0.0331720801658604,,,,0.0758293838862559,,,,,,,-0.0064347661424408,,-0.0271564057804092,-0.0893682588597842,,-0.0038543956594143,-1.132883340564706,,,,,-0.0721395026862346,0.0098068426563604,,-0.0135470107789531,,-0.126828809333396,0.0276399697289438,0.5348834396272003,-0.7125671147713052,-0.8822548871041067,-0.1977484367267983,0.4580436055227951,-0.0936546382582755,-0.2768240343347639,-1.579756522916984,0.6334777041541013,0.2979170019381608,-0.0592609033403617,,-0.0141509433962264,,,,,0.0677321814254859,-0.0497760745081437,-0.0339215893479869,-0.1205151793928242,,,,,-0.4974038678606366,-0.3615080985436232,,-0.0584742914752996,,,-0.4034305608627351,,-0.1430603295010074,,-0.1031844968268359,-0.0504201680672268,-0.2814686903571753,-0.2264352469959946,-0.0097402597402597,,-0.5112077047643399,-1.1148867313915858,0.0,-0.0853485064011379,-0.7638841567291311,-0.433806146572104,,,,-0.2974887314874436,-0.385245709187387,-0.1235202144293053,-0.7169317934190456,-0.1475719991591339,,-0.4750792931581332,0.5795600170867151,,8.2765,-0.1649006222437021
2021-12-31,-0.0259351993721738,,,-0.1846650218257733,-1.3274522030386977,0.8359726709390393,,-0.6110588762032684,1.0,0.0,0.7116039969964766,0.0,,-0.5176390352780705,0.6334777041541013,,-0.065556550489048,,-1.4203363165471896,-0.0024843039357367,,-0.0294279165815689,0.5865019876490737,-0.0043781725888324,0.1837127497179266,,0.2522752996068191,-2.1075441412520064,-0.4031307048282518,,,0.0753282653766413,,,,0.0853080568720379,,,,,,,-0.0060454238565946,,-0.0262565911422247,-0.0659476117103235,,-0.0019641704499413,-1.0553557011593997,,,,,-0.0259351993721738,0.4180677455328639,,-0.0133863107697128,,0.0,0.0111916109030051,0.3558001977700968,-0.7125671147713052,-0.0942567055614487,-0.1977484367267983,0.4580436055227951,0.0073347291213377,0.3568084276238782,-0.375306886100811,0.7201701663179844,0.6334777041541013,-0.2582399289756963,,-0.0471698113207547,,0.3518896393159936,,,1.3601727861771058,-0.0099373899868541,-0.0356123850787276,0.8196872125114996,,,,,0.3827225524870193,-0.3702191370627467,-0.6057951482479784,-0.2020835667077405,,,-0.8449878996306203,,-0.1819367073604361,,0.7493766999093382,-0.1092436974789916,-0.365082250295374,-0.309568313306631,-0.0551948051948051,,28.484616040228417,-0.9251618122977346,15.355991590749824,5.869132290184922,-0.7638841567291311,-0.433806146572104,,,,5.093367675466839,0.3807377145406306,-0.1601518874246147,-0.5789932447156243,-1.088921589236914,,-1.538287267784323,-1.5216787697565144,,,
2021-09-30,0.0259351993721738,,,0.2123742645663313,-1.3420494001315246,0.9067994279963985,,-0.7034698903066935,1.0,0.0,1.0347137988794548,0.0,,-0.5162750325500651,0.7201701663179844,,-0.1037160765945722,,-1.6033067664039655,-0.0026003025630863,,-0.0293341200142207,-0.013675025626922,-0.0021573604060913,0.2848888997565261,,0.294365666991065,-2.1075441412520064,-0.4031307048282518,,,-0.0056668970283344,,,,0.0853080568720379,,,,,,,-0.0060064896280099,,-0.0259806479865147,-0.0468412942989214,,-0.0019641704499413,-1.0549492797003466,,,,,0.0259351993721738,0.5235423813942401,,-0.0132456982616276,,0.1963823681610763,0.1018745812639522,0.5554209872175199,1.5563360381090792,-0.8919533262615548,0.4422263709568582,,-0.0391368009086306,-0.5261412407335154,2.2465247794652985,0.2651291990568084,0.7201701663179844,-0.2160692486960381,,-0.0424528301886792,0.7249224405377456,0.3518896393159936,,,-0.2336069114470842,0.8648425837213966,0.0979604776497939,0.8196872125114996,,,,,-0.6945594100383776,-0.3914522934531101,-0.5136696187909126,-0.2167581494343004,,,-0.8772555513098119,,0.3210856939670499,,-0.0979714415231187,-0.1008403361344537,-0.6079251113332728,-0.5472185135736538,-0.0487012987012987,,-1.1262251768516152,-0.3414239482200647,-0.054134548002803,-2.335704125177809,-0.7638841567291311,-0.433806146572104,,,,-2.334835801674179,-0.385245709187387,0.313826222917132,-0.7269557637829592,-0.5621189825520286,,-0.927956502038967,-0.9413712088850918,,13.0765,0.0274385347761251
2021-06-30,0.0824324348372332,,,0.2093376352249003,-1.0918389946879017,0.8184905460515862,,-0.7335571972240877,1.0,0.0,1.2540865245769075,0.2002503128911139,,-0.5233430466860933,0.2651291990568084,,-0.127066400330624,,-0.6371610490226636,-0.0026969680858776,,-0.0292403234468725,-0.1509573217991349,0.0,0.3961114041491863,,0.2418861601100856,2.8071366835411777,-0.3459722601086933,,,-0.0754664823773324,,,,0.0853080568720379,,1.5,,1.4612698412698413,-0.2184617769395716,,-0.0062082397215848,,-0.0261186195643697,-0.0277349768875192,,-0.0007317497754683,-0.8458509311994376,,0.0,,3.316532846715329,0.0824324348372332,0.6476091564582996,-0.0115179263611646,-0.0131091032537734,,0.3995624970597921,-0.0111916109030051,0.5678511704421402,2.7002139598724315,-0.0178814971965449,0.7779589725133834,-1.0815997258591887,-1.547737318171244,-0.6517752633632462,2.558608895887303,-0.2543958465984229,0.2651291990568084,0.0416158029075574,,0.0141509433962264,2.293691830403309,0.3495904583991953,,4.6671469740634,0.058401727861771,-0.0081326173659232,-0.6137588502589031,0.8196872125114996,-1.118826827690317,-0.5388191946661988,,3.124848690777039,-0.3574384829558281,-0.7164829181979039,0.6825182903350019,0.04335162988686,,,0.5455780579968581,,0.0736043617399549,,0.0406278331822302,0.0,-0.1965827501590475,-0.1422340898976413,0.0292207792207792,3.768781302170284,-0.3533623114293019,-1.258495145631068,-0.0499299229152067,-1.0469416785206258,-0.7475298126064736,-0.4621749408983451,,,,-1.168061815840309,-0.385245709187387,0.080634353361626,-0.9934626280235346,2.017237754887534,,0.8674671499773449,0.7512815036309269,,11.3235,-0.1402569876804874
2021-03-31,0.2766670403727095,,,0.2119946858986525,-0.697905486215462,0.8047963561252053,,4.300335795836132,1.0,,1.1682935751554708,0.4570713391739675,,-0.5025110050220101,-0.2543958465984229,,0.8317433530789365,-0.1260925720121347,0.4658859848316191,-0.0027356342949941,,-0.0291344240966407,-0.1485251393854539,0.0024111675126903,0.7745054545835618,,1.0807928076737618,10.569576490924806,-0.2342572969343433,,,-0.1730476848652384,,,,0.0916271721958925,,1.5,,1.3728571428571428,-0.2175317126101222,,-0.0056136078668378,,-0.0248828741279296,-0.0061633281972265,,0.002127466189309,-0.8341745525244814,,0.0,,3.337737226277372,0.2766670403727095,1.085903514969907,-0.0113874310714435,-0.0129564382449951,,0.3817095544996942,-0.0287249538203646,0.3898444752893219,-1.9933389851035488,-4.228216396423701,-0.552960097170363,0.0,1.350958577938339,0.7013265704252829,-1.7779245187179358,0.1221111258824928,-0.2543958465984229,0.1778936854955055,,0.0,-50.4612202688728,0.2476217847391866,,45.21325648414986,-1.2755075593952483,-0.3823444219157327,0.7762865898763606,0.8196872125114996,0.9652792753935734,-1.7599789455215369,,-2.324831701671304,-0.7975016931296561,0.9309922417313188,-0.5136696187909126,0.1236697658787946,,,0.5527109073154163,,-0.0752637193315159,,-0.4002153218495013,-0.0252100840336134,-0.7657002635644824,-0.7001335113484646,0.0097402597402597,6.536727879799666,-1.4654393590727008,0.061084142394822,-0.0478276103714085,6.42674253200569,,-0.4763593380614657,,,,5.598197037990985,-0.385245709187387,-0.0596381505472414,-0.1457833950751798,3.411393735547614,6213000.0,0.2818305391934753,1.5261640324647587,,11.1765,-0.0594730013868385
2020-12-31,0.1041572127935594,,,0.720630100588347,0.1489772762120887,0.0728774958953445,,-0.5474815312290128,0.3333333333333333,,0.941720094726506,-0.0177722152690863,,-0.2675305350610701,0.1195362408077302,,0.2277689764430362,0.0,-0.3356338216305267,-0.0037216226274655,,-0.0299846445942163,0.2028612145910943,-0.0151015228426395,0.4132558781303161,,1.0577735363991283,3.7394740091369294,-0.1165830832826237,,,0.8613683483068417,,,,-0.1026856240126382,,0.5,,1.1393650793650794,-0.1824303958801595,,0.0010936978756953,,-0.0151708747997912,-0.1793528505392912,,-0.001149232278946,0.0409826611818077,,0.3272549788364445,,0.3677007299270073,0.1041572127935594,0.5990346389260145,-0.0123352389652066,-0.0140652683087529,,0.1860798795690831,-0.9658365634213888,0.1942320079108038,0.000565177021517,0.0615244734050613,0.0009222187232893,0.0,0.002298944948479,0.7013265704252829,0.6651766817358324,-0.0061853217556797,0.1221111258824928,1.4617689490622572,,-1.5424528301886793,3.767321613236815,,-2765000.0,45.21325648414986,0.0279913606911447,-0.0094472048305519,3.3652118778400086,0.0671573137074517,27.09682984688376,-19.33380121063251,,0.7484125804327975,-0.8294077808713974,-0.0141554375935756,-6.3324990373507895,1.488293939733393,,,1.2588629898526726,,-0.1926040061633282,,5.717191749773345,-2.773109243697479,-2.928383168226848,-2.876368491321762,-2.113636363636364,9.832220367278795,-1.4163470553140711,0.0028317152103559,,5.19203413940256,,,,,,4.480360592401803,4.717334648165106,-0.170203261112352,-0.0692961429505338,5.083876392684465,39698000.0,0.3538740371545084,8.745941905168731,,13.8706,-0.1017836286822487
2020-09-30,0.0334662659114245,,,0.741886505978364,0.5623191961319473,-0.2682739261691648,,0.2860085068278487,0.1666666666666666,,-0.5848399083540307,0.1551939924906132,,0.0437100874201748,-0.0331656392781925,,1.2477441796390687,1.8739074279878647,-0.0111313949864196,-0.0037216226274655,,-0.0299241306797981,-0.7995899692476935,-0.0138959390862944,0.2391563297970818,,0.8550367560503644,-0.3544882084207927,2.531758188723588,,,0.0,,,,-0.1327014218009478,,0.25,,-0.4338095238095238,-0.1784690107732451,,0.0099777809436418,,0.0,-0.1670261941448382,,-5.3918404508194825e-05,0.0487925438138809,,0.3272549788364445,,0.3418248175182481,0.0334662659114245,-0.1512739531280593,-0.0122699913203461,-0.0139889358043638,,-0.8036176318389237,-1.402629458945558,-0.2844487385352312,0.1320899438859957,-1.3859675708440673,0.0370462009087228,0.0,1.350958577938339,-0.130901287553648,1.181659640033186,-0.2411995605902644,-0.0061853217556797,1.935523249361891,,0.1886792452830188,0.6752843846949328,,-52000.0,-45.03746397694525,0.0677321814254859,0.0621198279895724,-0.0061291345239353,-0.0358785648574057,-26.932930774207463,11.964382840600052,,1.3936588162840575,0.1897810218978102,-0.2183204028855315,0.0781671159029649,1.9499271871849448,,,-0.3896743514626586,,-0.223183596064952,,-0.1875,0.3109243697478991,-0.3474506952649277,-0.2834000890075656,0.2694805194805195,-0.2128547579298831,-0.6128015000426148,-0.9506472491909383,,-1.5874822190611664,,,,,,-1.6574372182871862,-0.3852457073090559,-0.199017199017199,-0.5548049684027021,0.0117721252890477,14843000.0,-0.3371091980063435,2.7858821016659547,,12.2,0.0212131147540984
2020-06-30,-0.3052110638343308,,,0.0017081040045549,0.079180594314453,-0.371073566018749,,0.2116856950973808,0.1666666666666666,,-1.0374477752748417,,,-0.3297786595573191,-0.2411995605902644,,0.0257094641135142,,0.5357317779064072,0.0002416638069782,,-0.0191617310005219,-0.8009300697552316,0.2015228426395939,-0.4310011771979893,,-0.4650386319371615,-0.3625138906037782,-0.0769666575739135,,,-0.2128541810642709,,,,-0.1990521327014218,,0.25,,-0.9002380952380953,-0.1784690107732451,,-0.0006831187378938,,0.0022975267094978,2.0252696456086285,,0.0,0.0491769965454176,,0.3272549788364445,,0.3295985401459854,-0.3052110638343308,-0.4054857026109016,-0.0006112674097457,-0.0003495225200975,,-1.0971444700569224,-1.5342488790758106,-0.288730733291602,0.0025836663840781,-0.0281860888013335,0.0014845472131,0.0,0.0091410430094284,0.1972298088177916,-0.0157464316554071,-0.2288009291976574,-0.2411995605902644,0.3284874042836533,,0.3726415094339622,0.6752843846949328,,1115000.0,0.1138328530259366,0.0711879049676025,-0.0079320870747086,0.0,-0.1057957681692732,0.0974768169074832,1.9561365032020352,,-0.1041856909256939,0.0895477462563022,-0.186742888253709,0.5926068540623797,0.3320264366528509,,,-1.2177641913981234,,-0.0612777053455019,,-0.0584202175883952,0.6386554621848739,0.7068072343906208,0.7560302625723186,0.5227272727272727,-4.663606010016695,-0.4573425381402881,0.6031553398058253,,-1.957325746799431,,,,,,-1.9922730199613647,0.0183137282524477,-0.0464596828233191,0.1333623883198954,-2.229976876182468,14843000.0,-1.412324422292705,-1.3980136693720633,,9.6441,-0.0070094669279663
2020-03-31,-0.2567146967909328,,,0.1003985576010628,0.0706894143062072,-0.3080599544515651,,0.0456682337139019,0.1666666666666666,,-0.7357477040374285,,,-0.3239506479012958,-0.2288009291976574,,0.0016014602562336,,0.5114208112560666,4.833276139565682e-05,,-0.0189590093872209,-0.8025421906642998,0.2070431472081218,-0.337677671313746,,0.8313930284996305,0.2892949746882331,-0.0556476488238873,,,-0.1800967519004837,,,,-0.1927330173775671,,0.25,,-0.5893253968253969,-0.1784690107732451,,-0.0005167633975777,,0.0031013611196093,2.066563944530046,,0.000118620489918,0.0500227925547982,,0.3272549788364445,,0.3148905109489051,-0.2567146967909328,-0.3005218398045441,-0.000312501878016,0.0,,-0.9235781154443242,-1.4535694620377628,-0.3092561848515363,0.0237778046909692,-0.6258524018790725,0.0068491610058932,,-0.0019157874570658,-1.1461178306671869,-0.1747684597280777,-0.1835445252205794,-0.2288009291976574,0.0458328709355232,,0.8207547169811321,0.5346432264736298,,-2052000.0,1.0072046109510089,0.0,-0.0080657739355183,0.008876677586389,-0.0321987120515179,0.6323053698511969,-0.2696727783138872,,-0.2971819320860498,-0.5603130408608624,-0.1410099360283108,0.1454562957258375,0.0422314327321608,,,-0.3832208211268204,,-0.0773971790920943,,-0.0655598368087035,1.4369747899159664,-0.1809506498227756,-0.0964842011570983,1.1396103896103895,-0.5659432387312187,-0.4556379442597801,0.4615695792880259,,0.4210526315789473,-0.4981260647359455,,,,,0.1609787508048937,-0.0140874832711136,-0.0616484252847889,0.07191109174112,-0.1660710531847803,14843000.0,-0.488445854100589,-0.5359888936351986,,8.1177,-0.1184818359880261
2019-12-31,-0.2268680408371727,,,-0.2712089580565572,0.078730820734562,-0.2775276733223876,,0.1812402059547795,0.1666666666666666,,-0.5894607135293325,,,-0.3573067146134292,-0.1835445252205794,,0.0175471828075492,,0.420291790967244,-4.833276139565682e-05,,-0.0184627952889917,0.1963927294547091,0.2185913705583756,-0.2778746161880442,,0.8493260026866728,0.4314112853438696,0.0177098852214784,,,-0.2200414651002073,,,,-0.0521327014218009,,0.25,,-0.4385714285714285,-0.1717174326779824,,-0.0014688822602381,,0.0025794686294623,2.1676425269645607,,0.0003789693574004,0.0514178067520884,,0.3270869506077021,,0.2973357664233577,-0.2268680408371727,-0.2258638449293005,0.000312501878016,0.0007311850420431,,,,-0.3369651664564981,0.0205885914981228,0.0039399909077132,0.0058819560034189,,0.0062399934315858,0.1047600468201326,-0.0636291292053978,-0.1612521778070095,-0.1835445252205794,0.2135168127843746,,0.5188679245283019,0.1127197518097207,,927000.0,-1.4711815561959654,0.0528725701943844,0.0003787794389608,-0.6046708232061714,-0.0193192272309107,-0.8514125512184602,1.758926221598386,,-0.1634776699441483,-0.1991120475581307,-0.1094324213964883,-0.0375433192144782,0.2107090847989246,,,-0.0095953806309175,,-0.0717079530638852,,-0.0015299184043517,0.8991596638655462,-0.4248841225120421,-0.3467734757454384,0.724025974025974,0.8188647746243739,-0.2712008863888178,0.3135113268608414,,0.3698435277382645,0.0994889267461669,,,,,0.1146168705730843,0.0023479138785189,-0.056287692651329,-0.0130747439529309,0.531427370191297,14843000.0,0.0140462165835976,-0.0641819735155916,,7.2647,1.0372486131567715
2019-09-30,-0.2241061752254248,,,-0.1189979123173277,0.0688766904842221,-0.2681129177480006,,0.0741437206178643,0.1666666666666666,,-0.5282350449565837,,,-0.363506727013454,-0.1612521778070095,,-0.0081106212976994,,0.3744898110631224,-0.0004929941662356,,-0.0183115105029462,-0.805278395879691,0.2261421319796954,-0.2734173324064791,,-0.4038519887547511,0.3290529695024077,-0.0532975218750655,,,-0.2371803731859018,,,,-0.0315955766192733,,0.25,1.0075187969924813,-0.3754761904761904,-0.1702362191162666,,-0.0016458560265319,,0.0029933833630272,2.198459167950693,,0.0004914277439461,0.0516594627547685,,,,0.2778102189781022,-0.2241061752254248,-0.2128561577948224,0.0007211581800371,0.0012092675695328,,,,-0.3470124316952284,0.0003633280852609,0.6549477193514169,-0.0005173422106257,,0.0085936751645524,0.6088568084276239,0.0835407460083642,-0.1693686633687613,-0.1612521778070095,0.5150371767839308,,0.4764150943396226,-0.3402275077559462,,2201000.0,-0.5057636887608069,,-0.0122991911944921,0.0182817288386346,0.1057957681692732,-0.273452663359931,0.7265549609614879,,0.0226379833931491,0.501015877793664,-0.0849326255614536,0.1876203311513284,0.5074493110787499,,,-0.2242601791703816,,-0.3478724665165343,,-0.0421010879419764,0.8235294117647058,0.1436880850677088,0.2084557187360925,0.6655844155844156,-0.9098497495826378,0.0039205659251683,-0.1314724919093851,,2.418207681365576,-0.1996592844974446,,,,,1.9690920798454603,-0.0251696367777229,-0.3165065892338619,0.0010895619960775,-0.3392894681521967,,-0.4354327140915269,-0.4881460914139257,,5.4882,0.45231587770125
2019-06-30,-0.2278218810226732,0.0,,0.2833554754222813,0.0204374388802,-0.2424193633811768,0.0,-0.1584956346541303,0.1666666666666666,,-0.3905735574423843,-0.6750938673341678,0.0,-0.3771467542935086,-0.1693686633687613,,-0.070619231299077,,0.3395223889457827,-0.0018656445898723,-0.5066481540404771,-0.0236306835803057,-0.8073905542915719,0.1166878172588832,-0.2550712082522627,-0.0717042731697549,-0.3885830256165561,0.4536362513890604,-0.0680697484105168,0.0,0.0,-0.2986869384934347,0.0,0.0,0.0,0.0268562401263823,0.0,0.25,0.9293233082706768,-0.2336111111111111,-0.1702362191162666,0.0,-0.0020351983123781,0.0,-0.0080143490440969,1.1149460708782744,0.0,-0.0021074393533488,0.0325576541792758,0.0,-0.6729130493922979,0.0,0.2566423357664233,-0.2278218810226732,-0.205552103108054,-0.0052026411559822,-0.0057209203289529,0.0,,,0.0,-0.0066206451092002,0.3148961963933929,-0.0014957937828962,-0.5407998629295944,0.0082652544576268,-0.1106125634022629,-0.0353871421073127,-0.1529117891952784,-0.1693686633687613,0.3266008212185107,,0.1226415094339622,-0.2750775594622544,0.0,0.0,-0.6570605187319885,0.0656587473002159,-0.0142376506762327,0.0220860192328014,-0.0524379024839006,-0.3640284666810437,-2.02737082200193,0.0,-0.1294994584722546,-0.2752652569794567,-0.0805771063018919,-0.3768771659607239,0.3268735297412344,0.0,0.0,0.649683692098671,0.0,-0.170558255304018,,-0.0370013599274705,0.1932773109243697,-1.049804598745797,-0.9737427681352916,0.1785714285714285,3.9724540901502494,-0.2357453336742521,0.1788025889967637,-0.054134548002803,-2.321479374110953,2.667120954003407,,0.0,-0.1198318149964961,0.0,-2.321957501609788,-0.0191589772487145,-0.1494304221576949,0.0052298975811723,2.119823418120664,0.0,1.107838695061169,0.9667876975651432,0.0,8.2412,-0.1779838141298271
2019-03-31,-0.2642386451198439,0.0,,-0.0840766748908711,0.0028281217523451,-0.2748244266723161,0.0,-0.4065368256100291,0.1666666666666666,,-0.5152197770461503,-0.6750938673341678,0.0,-0.3850827701655403,-0.1529117891952784,,-0.1146679983468797,,0.3055938970271754,-0.0019816432172219,-0.5034662964141429,-0.0235308356215157,-0.8095107133034978,0.1197969543147208,-0.3263458307280114,-0.0717042731697549,-0.4078404514214563,-0.1671811334732683,-0.0916549510040497,1.3333333333333333,0.0,-0.2832066344160331,0.0,0.0,0.0,0.0189573459715639,0.0,0.25,0.8511278195488722,-0.3620634920634921,-0.1700295381541667,0.0,-0.0022617247332341,0.0,-0.0081043305079153,1.1352850539291215,0.0,-0.0020473588454683,0.0324148574504193,0.0,-0.6729130493922979,0.0,0.2351824817518248,-0.2642386451198439,-0.2711353633724642,-0.0050343709139735,-0.0055240628176336,0.0,,,-0.3602016408265217,0.0,-2.7940597060160632,0.0003373970938863,-0.5407998629295944,-0.0020799978105286,-1.6607491221225126,-0.2955249657134149,-0.0827041890861257,-0.1529117891952784,-0.0967706136943735,,0.1698113207547169,0.0434332988624612,0.0,0.0,0.1181556195965417,0.0003455723542116,-0.0106058242909026,0.0322307936172461,0.0266789328426862,0.1000646970023722,-0.3454689007807702,0.0,-0.4557752341311134,-1.395289337045677,-0.0206887164829181,0.0,-0.1052985325417273,0.0,0.0,0.0928119560140958,0.0,-0.3732369325589664,,-0.0568336355394379,0.2773109243697479,-0.2147596110151776,-0.1541611036938139,0.2435064935064935,0.667779632721202,-0.0039205659251683,-0.0942556634304207,-0.054134548002803,0.096728307254623,0.0,,0.0,-0.1198318149964961,0.0,-0.1326464906632324,-0.0186893944730107,-0.340406522224704,0.0444541294399651,0.4553289888585243,0.0,0.172405980969642,0.0851131994873985,0.0,18.5294,-0.1029602872767586
2018-12-31,-0.2544938151649912,0.0,,-0.2928449421142531,0.0153127459699265,-0.2709856469466659,0.0,0.212760241773002,0.1666666666666666,,-0.4779452819653824,-0.6750938673341678,0.0,-0.3384586769173538,-0.0827041890861257,,0.0096604215456674,,0.073318788310551,-0.0051716054693352,-0.5066481540404771,,0.1877640823061729,-0.056725888324873,-0.2735989772000852,-0.0717042731697549,-0.405559171638606,-0.2843560933448574,-0.0700841429380783,0.0,0.0,-0.2393918451969592,0.0,0.0,0.0,0.0,0.0,0.25,0.7744360902255639,-0.3236507936507936,-0.1633124068859207,0.0,-0.0009308820107051,0.0,-0.0225373573043952,-0.5953775038520801,0.0,-0.0061189686487585,0.0028229814858548,0.0,-0.6729130493922979,0.0,0.2097080291970803,-0.2544938151649912,-0.2018745371119188,-0.0145879997561798,,0.0,,,-0.3090475283273912,-0.0094061604295345,0.3264130928928626,-0.002654190471906,-0.5407998629295944,-0.1719829768600243,-0.1047600468201326,-0.1604781497096222,-0.0404005065806505,-0.0827041890861257,0.4990567084674287,,-0.0235849056603773,0.0,0.0,0.0,-0.1974063400576368,-1.0754211663066957,-0.0079543682181769,0.4028320828489908,0.0101195952161913,-0.0888505499245201,-0.2166856741819458,0.0,-0.2859691223003249,-0.048009632026488,0.0141554375935756,0.4158644589911436,0.497143497255517,0.0,0.0,-0.4936101558187916,0.0,-0.4308403460945834,,0.0068563009972801,-0.0672268907563025,0.6966281923111879,0.7311081441922563,-0.0227272727272727,-2.886477462437396,0.2705190488366146,-0.3709546925566343,-0.054134548002803,,,,0.0,-0.1198318149964961,0.0,-0.1403734707018673,-0.007325491300979,-0.3946839401384855,-0.0516452386140771,-1.3348749211688038,0.0,-0.6091980063434527,-0.6517513882956002,0.0,17.4647,-0.0926211157363138
2018-09-30,-0.2150091024114717,0.0,,-0.4370848358322262,-0.0028281217523451,-0.2127005984852497,0.0,0.0372509514215357,0.0,,-0.3107876547488399,-0.6750938673341678,0.0,-0.3721867443734887,-0.0404005065806505,,-0.0344227855076456,,-0.0164150971399735,-0.0051716054693352,-0.5066481540404771,,0.1979168437632822,-0.056725888324873,-0.1922919730467071,-0.0717042731697549,-0.3709219920658801,0.1030991480429682,-0.0668946849361059,0.0,0.0,-0.2808569454042847,0.0,0.0,0.0,-394.47235387045816,0.0,0.0,0.6977443609022557,-0.1513888888888888,-0.0493623031148543,0.0,-0.0018936192993431,0.0,-0.0241690211816365,-0.5953775038520801,0.0,-0.0061189686487585,0.0022627789341871,0.0,-0.6729130493922979,0.0,0.1816058394160584,-0.2150091024114717,-0.0969787773795639,-0.0145879997561798,,0.0,,,-0.312729257575895,-0.0026240361713293,0.559175632671617,0.0,-0.5407998629295944,0.0019157874570658,0.3392508778774873,0.107109598550651,-0.0533868834794534,-0.0404005065806505,0.5587615137054711,,-0.0235849056603773,0.0,0.0,0.0,0.1023054755043227,0.024535637149028,-0.0080880550789866,-0.0006340483990277,-0.1149954001839926,0.0905758033211127,0.0040354417054127,0.0,0.0496506615133045,0.3195123786590413,0.1900095276983802,0.0172314208702348,0.5650274448302901,0.0,0.0,0.030484439349552,0.0,-0.3528505392912172,,-0.0745126926563916,-0.0672268907563025,-0.2262110333545396,-0.1726746773475745,-0.0227272727272727,0.5634390651085142,-0.086422909741754,0.0161812297734627,-0.054134548002803,,,,0.0,-0.1198318149964961,0.0,-0.266580811332904,-0.0157779812636472,-0.3211972302881394,0.0852037480932665,0.4027748581038469,0.0,0.1010421386497508,0.0176206749252456,0.0,35.6177,-0.0760628758307838
2018-06-30,-0.2254871080312987,0.0,,-0.3615486809641298,-0.0262163479066787,-0.210632911392405,0.0,-0.2294157152451309,0.0,,-0.2643100560272627,-0.6750938673341678,0.0,-0.3912827825655651,-0.0533868834794534,,-0.0917309546769527,,0.0111313949864196,-0.0051716054693352,-0.5066481540404771,,0.1940645548416131,-0.056725888324873,-0.2107079605830797,-0.0717042731697549,-0.3696932232645214,0.0,-0.0462471410286002,0.0,0.0,-0.3050449205252246,-1.9801041661181004e-08,0.0,0.0,-394.390205371248,2.7460119596047192e-08,0.0,0.6195488721804512,-0.1034920634920635,-0.0450564497377735,0.0,-0.0024386984995279,0.0,-0.0250928308768393,-0.5953775038520801,0.0,-0.0061189686487585,0.0016915920187612,0.0,-0.6729130493922979,0.0,0.1418978102189781,-0.2254871080312987,-0.126995207246167,-0.0145879997561798,,0.0,,,-0.3142881334917913,0.014613862984942,-0.2609486285800879,0.0041612308245984,-0.5407998629295944,0.006896834845437,0.2261022239563012,0.0544860398570969,-0.0554999685136336,-0.0533868834794534,0.4213738763733215,,-0.0518867924528301,0.0,0.0,0.0,-0.5763688760806917,0.0570194384449244,-0.0030302355116864,0.034344288280672,-0.0101195952161913,-0.3157213715764503,0.049653478375296,0.0,-0.0163520142708488,-0.1903830235533147,0.340819382060705,0.026569118213323,0.4199619132967402,0.0,0.0,0.049675200611387,0.0,-0.390067559559085,,-0.0673730734360834,-0.1176470588235294,-0.1684086158320458,-0.1171339563862928,-0.0616883116883116,0.4741235392320534,-0.0114207789994033,-0.0800970873786407,-0.054134548002803,,,,0.0,-0.1198318167484232,0.0,-0.2021893110109465,-0.0174684792561808,-0.3562653562653562,0.0675528437568097,0.3577885221778432,0.0,0.1209787041232442,0.0364160615121742,0.0,40.7059,-0.1039941078161971
2018-03-31,-0.2295800789765437,0.0,,-0.3353577528942873,-0.0311638572854801,-0.2124294264074996,0.0,-0.4208641146183121,0.0,,-0.2212210477675735,,0.0,-0.3859507719015438,-0.0554999685136336,,-0.1024417963906874,,0.0156136367009513,,,,-0.8097227292046904,-0.056725888324873,-0.2193430746175853,,-0.3707608420591445,-0.0383998024447462,-0.0651320897244895,0.0,0.0,-0.2002764340013821,-1.0545423905544815,0.0,0.0,-1.5797788309636651,1.4100410095207123,0.0,0.5413533834586466,-0.0590873015873015,-0.0439885981002574,,-0.0022865010605152,,-0.0248348840138931,,,,0.0011204051033354,,,,0.0921897810218978,-0.2295800789765437,-0.1348611122934561,,,,,,-0.3271159737153259,0.0106979936215736,-3.007425367479921,0.0035876557649916,,-0.0019705242415534,-1.6014436207569254,-0.2424950474932696,0.0037503760871542,-0.0554999685136336,-0.0416158029075574,,-0.0330188679245283,0.0,0.0,0.0,-0.3976945244956772,0.0,-0.0080880550789866,0.4065306985099862,-0.0947562097516099,-0.0146646538710373,0.0029827177822616,,-0.3888381575314829,-1.4892015953043871,0.2836531917789574,0.3674432036965729,-0.0422314327321608,0.0,0.0,-0.4749288837939965,0.0,-0.3926751214886808,,-0.0168291024478694,-0.0840336134453781,0.5581205125874762,0.5951045838896306,-0.0357142857142857,-2.4858096828046743,0.1443791016790249,-0.2099514563106796,-0.054134548002803,,,,0.0,-0.0581639803784162,0.0,0.3335479716677398,-0.0046958277570378,-0.3587223587223587,0.0,-1.133067059070843,0.0,-0.6259628454916176,-0.6675565997436993,,38.5294,-0.1105480636958605
2017-12-31,-0.1760511372230793,0.0,,-0.4940216359840577,0.0256575383074202,-0.1840326253906043,0.0,0.5983434072084173,0.0,,0.0,0.7394242803504381,0.0,-0.3305226610453221,0.0037503760871542,,0.0428950268632042,,-0.1100672336257179,,,,-0.8137750331274846,-0.056725888324873,-0.1205143342194339,-0.0607443061190589,0.9028126971097494,0.3484380787751574,-0.0547243846654216,0.0,0.0,0.6656530753282653,-1.0368952387974026,0.0,0.0,-2.1011058451816744,1.3645150217693711,0.0,0.4646616541353383,0.1688888888888889,-0.0372370200049947,,-0.0007043555898491,,-0.0221534363921032,,,,0.0005602025516677,,0.3254386736971811,,0.0462043795620438,-0.1760511372230793,-0.0094322757493466,,,,,,-0.3401585184781984,-0.0223244923499253,0.3336869222609486,-0.0191304152233568,,-0.0084294648110896,0.3419820522824814,0.0805607761466958,-0.0037503760871542,0.0037503760871542,0.7250027743868604,,0.8773584905660378,0.0,0.0,0.0,1.3544668587896254,-0.0407775377969762,0.0,0.0919370178590299,2.1168353265869366,0.3346991589389692,0.4072287042723045,,0.0163520142708488,0.6385732560764542,0.2869198312236287,0.2060069310743165,0.7331690377506441,0.0,0.0,-0.0411837133273892,0.0,0.7036861443641105,,-1.7341908431550317,,-0.0020903389984549,-0.0240320427236315,-2.607142857142857,-0.031719532554257,0.0127844541038097,-0.0436893203883495,-0.054134548002803,,,,0.0,0.2100560616678346,0.0,0.266580811332904,-0.0023479138785189,0.6743354925173107,3.3076923076923075,0.1030060962791675,0.0,-0.0414589941096511,-0.1276164032464758,,48.0,-0.0337702793973729
2017-09-30,-0.187995494172855,0.0,,0.3205541848548112,0.0073531165560973,-0.1868714580795508,0.0,0.0059100067159167,0.0,,0.0706598124723233,,0.0,0.3978547957095914,-0.0037503760871542,,-0.0016014602562336,,-0.0941567597251287,,,,-0.8173793034477586,-0.056725888324873,-0.1163784219957872,,-0.3555724539243174,0.1208791208791208,-0.0103237719537528,0.0,0.0,-0.1249481686247408,-1.038659427349662,0.0,0.0,-4.025276461295419,1.3187722436001663,0.0,0.3879699248120301,0.2417063492063492,-0.0264207163217678,,0.0035217779492456,,-0.0149909118721543,,,,0.0,,,,0.0,-0.187995494172855,-0.0499365790123351,,,,,,-0.3710789961504383,-0.0223244923499253,0.567661766934384,0.0015745197714697,,0.0089768326559656,0.3872415138509559,0.1228898934999407,-0.0199973411512814,-0.0037503760871542,0.5547663966263455,,-0.5471698113207547,0.0,0.0,0.0,0.5922190201729106,0.0801727861771058,-0.0079989305051135,0.1337842121948642,-0.1205151793928242,0.0966141902091869,-0.0829897359417492,,0.0694429696956826,0.2511851907592746,0.5025180345719341,0.2441278398151713,0.5613307942197827,0.0,0.0,-0.1155691419352099,0.0,0.8904823989569752,,-0.0671464188576609,,-0.0813414523311824,-0.1012906097018246,-2.594155844155844,-0.0333889816360601,-0.1358561322764851,0.2750809061488673,-0.054134548002803,,,,0.0,0.2205676243868255,0.0,0.0167417900837089,0.0307107135310276,0.8503462139825776,0.1789060797559381,0.1021652301870927,0.0,-0.1187131853194381,-0.1895557454079453,,50.3971,-0.0602003831204444
2017-06-30,-0.1755101532372731,0.0,,0.2025052192066805,-0.0139906842350952,-0.158737355012976,0.0,-0.2818894112379673,0.0,,0.1544889196942567,,0.0,0.3906627813255626,-0.0199973411512814,,-0.0537436285989805,,-0.0596939608471733,,,,-0.8238357876840763,-0.056725888324873,-0.0918703475353945,,-0.3388531407255024,0.4879614767255216,0.0109113036909583,0.0,0.0,-0.1120939875604699,-1.021175528861598,0.0,0.0,0.4123222748815165,1.258576770906726,0.0,0.3097744360902256,0.3280952380952381,-0.0264207163217678,,0.0024210011228985,,-0.0168565275553236,,,,-0.0005711869154258,,,,-0.0608029197080291,-0.1755101532372731,-0.0190858864892014,,,,,,-0.3885426400191117,0.0106979936215736,0.9804515835732688,0.0015745197714697,,-0.0749346579635179,0.4356223175965665,0.0982374155534108,-0.0311505118283783,-0.0199973411512814,0.6844967262235047,,-0.5471698113207547,0.0,0.0,0.0,0.2276657060518732,-0.4623758099352051,-0.0079766493616452,0.1587234492232907,-0.1205151793928242,0.0146646538710373,-0.0956224230195631,,0.0385227972562594,0.4167356460230265,0.631005852729005,0.2668463611859838,0.6922818416041223,0.0,0.0,-0.0211438033371545,0.0,0.8030105487732606,,-0.0707728921124206,,0.0246296464600563,0.0072986203827325,-2.418831168831169,-0.0559265442404006,0.062899514190744,0.1258090614886731,-0.054134548002803,,,,0.0,-0.4204625087596356,0.0,0.4623309723116549,0.0508088563311497,0.7679249497431315,0.2325125299629549,0.0908135379440824,0.0,-0.0319438151336656,-0.1075395130286202,,53.7643,-0.1028377566526486
2017-03-31,-0.15582118343806,0.0,,0.0707914215221104,-0.0271567835737236,-0.1271119114453683,0.0,-0.6153570629057533,-0.1666666666666666,,0.2235314503552244,,0.0,0.3672267344534689,-0.0311505118283783,,-0.0852562336409973,,-0.036036036036036,,,,-0.8251038827912094,-0.056725888324873,-0.0532219245265882,,-0.3200590211899669,0.9512285467341648,0.0241727343307384,0.0,0.0,0.0187975120939875,-1.001521941765979,0.0,0.0,4.058451816745656,1.1898542084439867,-0.25,0.2330827067669172,0.3992460317460317,0.0264207163217678,,0.0011928031848198,,0.0735868411107311,,,,-0.0011313894670935,,,,-0.1302189781021897,-0.15582118343806,0.0312252594301475,,,,,,-0.415330811310998,-0.0223244923499253,-4.256099409001364,0.0015745197714697,,-0.2064671510872094,-0.4301599687865782,-0.6146526472629993,0.1049965364996956,-0.0311505118283783,-0.2169570524913994,,-0.5471698113207547,0.0,0.0,0.0,0.0,-1.3131749460043196,-0.0147501169760032,0.1876783261122265,-0.1205151793928242,0.0293293077420746,-0.1654531099219229,,-0.8556138376266219,-2.238392655579803,0.7801823873689941,0.2932229495571813,-0.2176543071580598,0.0,0.0,0.0095953806309175,0.0,0.8468649994073723,,0.0382479601087942,,0.0578933018267745,0.040231419670672,-2.405844155844156,-0.0575959933222036,0.1252876502173357,0.2006472491909385,-0.054134548002803,,,,0.0,0.0,0.0,-0.163554410817772,0.0853701486229485,0.8092472637927184,0.1030725648289387,0.0899726718520075,0.0,0.0641141821477118,-0.006087142246903,,44.2647,-0.1096336358317123
2016-12-31,-0.1378904115927173,0.0,,-0.136458531030556,0.0358115176110208,-0.1449160531751496,0.0,0.768659055294381,-0.3333333333333333,,0.2762856427732532,0.351188986232791,0.0,1.892057784115568,0.1049965364996956,,0.0756474721035955,,-0.3248289475637086,,,,0.179583468760157,-0.056725888324873,-0.268610731714133,-0.0615020490917324,0.9250211824129948,0.1068033090505,0.0388610277608745,0.0,0.0,0.7970974429854872,-1.0125863004176123,0.0,0.0,-4.205371248025276,1.1090997777898215,-0.5,0.1548872180451128,0.4536111111111111,0.1640702370802869,,-0.0007397503431078,,0.0735868411107311,,,,-0.0017025763825194,,0.3246145352419206,,-0.2117883211678832,-0.1378904115927173,-0.2249104018932654,,,,,,-0.415330811310998,-0.6263776189899479,1.3762691316866191,-1.7175311529983357,,-0.2194397690107694,-1.0044869293796332,-0.0443947782800833,0.1233146047761319,0.1049965364996956,0.7437576295638664,,0.8773584905660378,0.0,0.0,0.0,-7.662824207492795,-1.3767602591792656,-0.0203204028430739,0.2117721652752826,2.1168353265869366,-0.4149234418805262,-0.1665058338450741,,-0.1403724861432606,0.4025886071186695,0.9043146862665034,0.3151713515594917,0.752100369665061,0.0,0.0,0.0607141340805842,0.0,0.8198411757733791,,-1.466511786038078,,0.1591384167954194,0.0,,0.5959933222036727,-0.0390351998636324,0.1545307443365695,-0.054134548002803,,,,0.0,0.2608619481429572,0.0,1.5003219575016098,0.029395881759057,0.7837837837837838,2.8666376116801047,0.4191717468993063,0.0,-0.0140462165835976,-0.0797736010252029,,30.4706,-0.103061951383206
2016-09-30,-0.1365165969971829,0.0,,-0.3448472195862592,-0.0059492778067404,-0.1173158201366453,0.0,0.2292366241325274,-0.3333333333333333,,0.3423246500702747,,0.0,0.2109864219728439,0.1233146047761319,,-0.0280858244937319,,-0.3636849369963044,,,,-0.8105667925094382,-0.056725888324873,-0.0153280260450688,,-0.3142374771966446,0.0787751574268428,0.0103237719537528,0.0,0.0,0.3807878369039392,-0.9954341747020627,0.0,0.0,-4.563981042654029,1.021986161544993,-0.5,0.0766917293233082,0.5216666666666666,0.308057974009869,,-0.0026829222970133,,-0.0255067456104042,,,,-0.0022737632979453,,,,-0.2997810218978102,-0.1365165969971829,0.0988516119146327,,,,,,-0.2171131613882614,,0.3464161236550993,-1.4862341985694365,,-0.0311999671579293,,0.2118149032356377,0.0886935956730735,0.1233146047761319,0.7819331927643991,,-0.5471698113207547,0.0,0.0,0.0,-0.2521613832853026,-0.1841900647948164,-0.0084445533744791,0.2154707809362781,-0.1205151793928242,0.3640284666810437,0.0135099570137731,,0.1809764488521735,0.3174053728647754,0.923370083027086,0.3185406237966884,0.7906351517867145,0.0,0.0,0.0658090264509829,0.0,0.7292876614910513,0.1516764885185937,0.2413304623753399,,-0.2080341724984095,0.1902981753449043,12.568181818181818,,0.3254069717889712,0.0,2.432550805886476,,,,0.0,-0.1198318149964961,0.0,0.0528010302640051,0.0939165551407574,0.6984587893678803,-0.2675964262366528,-20.082404877023333,0.0,0.1200724966017218,0.0466680905595899,,10.8824,1.2270179372197307
2016-06-30,-0.170150140851587,0.0,,-0.3585120516226988,-0.0245399191089031,-0.1457973624278375,0.0,-0.0059100067159167,-0.3333333333333333,,0.3855291784593465,,0.0,0.2763345526691053,0.0886935956730735,,-0.0733055517288882,,-0.2902474138058981,,,,-0.817183288746656,-0.056725888324873,-0.0813489221826717,,-0.3311632638415895,-0.2642301518706013,0.0575781102461338,0.0,0.0,0.1993089149965445,-1.0131339888039854,0.0,0.0,-8.95260663507109,0.9340415153650208,-0.5,0.0,0.5661904761904762,0.3331697109050042,,-0.0028103434087448,,-0.0257227011235685,,,,-0.002833965849613,,,,-0.3886131386861314,-0.170150140851587,0.0094322757493466,,,,,,-0.0656406208892396,,0.0203061069859069,-1.4862341985694365,,-0.224366079614653,,-0.1065677858485294,0.1198581014420755,0.0886935956730735,0.6518699367439795,,-0.5471698113207547,0.0,0.0,0.0,-0.2521613832853026,-1.403023758099352,,0.2108210926767409,-0.1205151793928242,-0.8229458701746819,0.3559961400122818,,-0.2183524814712565,0.0350665964331401,0.8994147270994964,0.3143049672699268,0.659348045255965,0.0,0.0,0.1578567486095189,0.0,0.7446959819841176,,0.3488780598368087,,0.2631100608924838,0.2769915442812639,,-0.2253756260434056,0.4914344157504474,0.026294498381877,-0.054134548002803,,,,0.0,-0.1198318149964961,0.0,1.9381841596909208,0.1457584935784555,0.7129774402501675,-0.3541076487252124,0.0054656295984864,0.0,0.0770276393294064,0.006087142246903,,8.5706,-0.111870814178704
2016-03-31,-0.1208992435121961,0.0,,-0.0017081040045549,-0.0358115176110208,-0.0801567713574493,0.0,-0.5338706066711439,-0.3333333333333333,,0.436088488419107,,0.0,0.2920825841651683,0.1198581014420755,,-0.0999965559994489,,-0.3563530581652492,,,,-0.8095027127034528,-0.056725888324873,0.0153280260450688,,-0.2921548903361614,0.2994196814421533,-0.0106595043750131,0.0,0.0,-0.1032480995162404,0.0,0.0,0.0,-1.7409162717219588,0.0,-0.5,-0.0781954887218045,0.6182936507936508,0.4797754066878514,,0.0005167633975777,,-0.0200838627242787,,,,-0.0034051527650389,,,,-0.4757664233576642,-0.1208992435121961,0.1250712954055963,,,,,,0.25690305334047,-0.6263776189899479,-3.3996060009092286,-1.4862341985694365,,-0.1188882959070569,,-9.633734613365842,2.119564228688977,0.1198581014420755,-0.492065253578959,,-0.5471698113207547,-120.68459152016544,0.0,-6929000.0,-0.0749279538904899,-0.7391792656587473,-0.0084222722310108,0.208707598013315,-0.1205151793928242,-4.0491697218028895,-0.07456794455654,,-12.167724946378137,-3.158251185190759,0.8885259289505921,0.3123796688486715,-0.4953511818079982,0.0,0.0,0.0622426017917038,0.0,0.6674173284342776,,0.2816749773345421,,0.1607743342724711,0.1865598575878949,,,0.3182476774908378,-0.1055825242718446,-0.054134548002803,,,,0.0,-0.1198318149964961,0.0,-0.3386992916934964,0.0674320865910638,0.6401608219790038,-0.4066245369361517,-1.0132436409501786,0.0,0.1497507929315813,0.074647586501495,,6.9412,0.5491413588428514
2015-12-31,17.373106333605605,0.0,,2.11140633896375,17.794657916526113,-0.0481584661829352,0.0,,-0.3333333333333333,,0.4508365582702786,190.4060075093868,0.0,0.7073594147188295,2.119564228688977,,1.110053037608486,,10.410882051738724,9.770226052325048,23.90626054592964,1.4978555381578051,-0.8001300097507313,46.63546954314721,2.7168751506429176,0.7977813263005077,-0.2731391895413645,0.4317817014446228,3.4599744004028787,255.07882456804137,1.963332480600324,4.948445058742226,0.0,0.952445046722756,0.0,0.0,0.0,-0.5,-0.156390977443609,0.6334920634920634,0.5602087477717209,,5.402138374018128,,13.54898290952064,,,1.1762546427597595,13.980689488513102,,,,-0.4773722627737226,17.373106333605605,2.22611923145681,2.512449851604534,2.939653129030055,,,,0.544204943042817,11.501877195107182,-2.3909683285346266,3.307031355436592,-3.7931950254865288,-11.448307949149529,4.841396800624269,2.205414740691827,1.6730175833863936,2.119564228688977,-5.42048607257796,,13.9811320754717,30.08790072388832,0.0873688748383388,-4417000.0,-30.39769452449568,-0.9385745140388768,-4.42766426773022,-1.737503962802494,36.72953081876725,-3.080439939616132,13.555750504430211,,2.6814330310688272,-2.073143201143804,0.9081257656186198,8.316904120138622,-5.4701467458272655,0.0,0.0,-12.446567316265444,-5.155902179024926,5.889652720161195,2.369924812030076,1.1104374433363553,24.88235294117647,-10.407252567481596,-9.614953271028035,19.256493506493506,,-24.79212477627205,31.23017799352751,2.4365802382620885,,,,0.0,12.852838121934129,0.0,-0.0167417900837089,1.882087765020779,14.735537190082646,2.2102854652429724,-0.5633802816901409,0.0,-16.565246941549614,-1.6342375053395986,,10.0941,-0.0978987725503015
2015-09-30,19.40126241460372,0.0,,2.840197380907193,20.50960028076775,0.0320152534293734,0.0,,-0.5,,0.7970888927395599,,0.0,0.8626077252154505,1.6730175833863936,,2.1385349221655874,,11.578313074194458,9.9136583550428,,1.5203031747112352,0.1983568767657574,51.77588832487309,2.2107149469212954,0.934389527673547,-0.2254941828624521,1.0423509075194468,2.577669597330927,258.8215411779544,2.328046388675705,9.076019350380095,0.0,1.0158516510924147,0.0,-393.4944707740916,0.0,-0.75,-0.2330827067669172,0.9903174603174604,0.6605179080441953,,6.252097360347789,,15.475486049873728,,,1.425765910936039,15.840704756778726,,,,-0.5664963503649635,19.40126241460372,1.6828269586018438,2.7906555070300043,3.265122875244565,,,,0.5872834432560095,3.5416818053368857,5.809668131535081,0.1224863916505465,1.167896968745092,2.107694623479344,,0.5005333468786509,1.5787404054044598,1.6730175833863936,-4.274553323715459,,9.12264150943396,40.796277145811786,3.617531254490588,0.0,-8.853025936599424,0.0981425485961123,1.0901717876161403,-5.637852689421959,213.9696412143514,-5.270649126590468,3.342223002017721,,0.5430992376138801,0.7309805101964031,0.3772968558595345,-1.2078359645745091,-4.313431163884844,0.0,0.0,-1.0350273850464908,-0.4181689920050164,5.346331634467227,0.1516764885185937,5.106470988213962,16.22689075630252,1.5663909842770154,1.928081886960392,12.568181818181818,,-1.88442853490156,18.49069579288026,2.432550805886476,,,,0.0,2.3668535388927823,0.0,-0.5602060528010303,5.11103284731516,7.897922716104534,2.0185225539333187,5.949968467521547,0.0,-1.2945174444947891,-0.1474797095258436,,14.0882,0.3194162490594966
2015-06-30,18.98627787001792,0.0,,2.3843234010248624,18.87913016515549,0.0164313330861712,0.0,,-0.5,,0.875334527041337,,0.0,1.4284208568417136,1.5787404054044598,,1.7524624603939936,,12.101132433916618,10.123925200218464,,1.5532106413718505,0.1828717153786534,42.41871827411168,2.2280550383724624,0.9844102347637912,-0.2347552723120367,0.1716261266823064,3.456197410663701,264.30823559086895,2.2182143770785365,7.526606772633034,0.0,1.068367363905424,0.0,-393.4123222748815,0.0,-0.75,-0.3112781954887218,1.0709523809523809,0.6605179080441953,,6.563319886276658,,15.118319626157012,,,1.2420705283541484,14.64980200684326,,,,-0.7077737226277372,18.98627787001792,1.5681243562131286,2.284234194401924,2.672666133678302,,,,1.4011905517906662,1.975253320415001,-0.3227761782088195,0.8369697242341086,0.4393868003103122,0.7483613175144026,,3.262017236416586,0.9138742924313772,1.5787404054044598,-4.04383531239596,,-63.50471698113208,31.944157187176835,19.65811179767208,0.0,4.389048991354467,-2.196803455723542,4.514761257547737,-7.633308675895593,9.93836246550138,4.843648910933793,3.088165628563909,,4.006668224001359,1.5963578899841977,0.7349938750510412,-3.638428956488256,-4.080542175422875,0.0,0.0,2.6062921920774422,1.0261796519830697,4.709849472561337,0.0,6.832105621033545,-113.15966386554622,7.960101790420794,5.44886515353805,-87.41233766233766,,5.425210943492713,17.484223300970875,2.2648913805185704,,,,0.0,2.1991941135248774,0.0,0.189311010946555,6.801155173628231,6.723698905517088,2.621921987361081,5.547614042463738,0.0,3.497054825555052,0.4341093549765057,,84.8765,-0.0851755197257191
2015-03-31,18.85859853115729,0.0,,1.1617005124312014,18.333336740708937,0.0486499655738573,0.0,0.8411909558988135,-0.5,,0.848649377153969,1.6007509386733416,0.0,0.3726827453654907,0.9138742924313772,,1.753530100564816,,8.789468216156848,7.048492259508262,,1.071895068872399,-0.7951376353226492,35.727030456852795,1.2112633744712216,1.0755976612365543,-0.2156086371367672,-0.2843560933448574,2.360702520091487,184.05801488207845,1.451948494926239,6.274222529371112,0.0,1.0835863456486317,0.0,0.0,0.0,-0.75,-0.3879699248120301,1.043452380952381,0.8862479654842793,,7.130676544162476,,15.447249866527496,,,1.4254716705000086,14.209592644870028,,,,-0.7828832116788321,18.85859853115729,0.759213068979901,1.922071990473844,2.248976541816152,,,,1.416690102725538,2.452101247426426,2.3000454614335504,0.9093751405821224,-1.428330739466282,-2.7946412687986646,,-1.2016389834239176,1.1713068241451452,0.9138742924313772,-4.889135501054267,,73.45754716981132,26.45604963805584,5.827274033625521,-96555000.0,2.269452449567724,0.0501079913606911,0.1784051157505403,-9.16432421008137,10.06163753449862,-0.7987923226223852,4.881305377664708,,-1.5918367346938775,0.7050944390097073,0.1143323805634953,-5.6807855217558725,-4.933796348157276,0.0,0.0,3.5277883921368827,0.9738203480169304,9.3238117814389,0.4756756756756757,10.07802583862194,130.8403361344538,5.957193492683814,6.040943480195817,5.737012987012987,,7.275036222619961,21.013349514563107,1.95760336370007,,,,0.0,4.465662228451296,0.0,0.0579523502897617,7.96534479115306,12.301094482912664,3.133362388319896,4.810174479714106,0.0,4.737879474399637,1.746582656984195,,108.9001,0.2626260214637085
2014-12-31,19.04533054299488,0.0,,0.7316378819510343,18.474851864345563,-0.0164313330861712,4251000.0,0.3177076337586747,-0.5,,0.5854560157107376,0.8690863579474343,0.0,0.1549383098766197,1.1713068241451452,,0.5649710703953713,,7.033290291939386,6.260339585981566,10.764841437428288,0.948546531418068,-0.7983098732404931,33.72354060913705,1.3619726624585622,1.1023473534745816,-0.2542846387533032,-0.4675885911840968,1.993914849864658,163.491991423887,1.2722776498678263,1.90822391154112,0.0,1.103148382162216,0.0,0.0,0.0,-0.75,-0.4661654135338345,0.7722222222222223,0.8880047536621283,,7.297109752935773,,15.53991277796774,,,1.5575147620888914,14.70272467143022,,,,-0.8155839416058395,19.04533054299488,1.072419106317411,1.8136407069754024,2.1221239720221283,,,,1.416690102725538,7.765370796495903,0.2330656160024246,1.9954226460929416,-1.892390212792286,-6.081694650847736,3.720444791260242,1.734579502548213,0.8220460540585927,1.1713068241451452,-4.13017423149484,,-39.09433962264151,-1.6483971044467425,22.41494467595919,-137154000.0,-4.704610951008646,-2.944622030237581,2.5125331432009093,-13.173623586600444,24.54369825206992,-1.2533965926245418,6.210193876655847,,2.090891715687316,1.275491007600271,-2.0552606506056894,-8.945225259915286,-4.167693514058474,0.0,0.0,11.105251984885152,3.2514500705439726,1.407727865354984,0.6020727494411705,11.744276971894832,-69.67226890756302,15.076524584204307,13.33956386292835,-53.80844155844156,1.0742904841402336,21.451461689252536,17.73705501618123,1.924667133847232,,,,0.0,4.7051506657323054,0.0,1.4101738570508693,11.09239041111972,6.339066339066339,3.133362388319896,1.2583561067899938,0.0,14.72723153602175,4.957817172148655,,182.4236,-0.3090417029375585
2014-09-30,19.395518018859697,0.0,,7.684380337825014,19.42009874574504,-0.101681055028865,0.0,225.80541750615623,-0.5,,-0.256724234197809,1.053817271589487,0.0,0.7310434620869242,0.8220460540585927,,43.90727028516324,,2.606735236059783,2.8947940782700736,,0.4218273689306435,-0.7508543140735555,26.53388324873097,0.9515532376437876,1.2115021628669536,-0.304946172120797,-0.6218051611310038,1.338229431143379,75.67158531971245,15.705807111793298,1.8280580511402904,0.0,1.0947540820059194,0.0,-0.764612954186414,0.0,-0.75,-0.544360902255639,-0.0956746031746031,1.1882777447662352,,7.97625719951403,,16.011229686684544,,,1.932369374962449,1.6408442581984546,,,,-0.7026642335766423,19.395518018859697,0.6474899760787952,1.4245277916333632,1.6669050383470396,,,,1.5291998173499413,-5.154656654959428,0.4888619487801182,-1.45463133744208,2.0396457110765263,3.5728341338588065,,-7.596518853388869,2.4008144473443,0.8220460540585927,-4.950504938408612,,27.12264150943396,2.511892450879007,3.615691909757149,0.0,-2.5720461095100866,-13.436544276457884,2.112185557362804,-11.067314805030117,7.517019319227231,-0.24326072891956,-0.6461970348276165,,-9.612563443691732,-1.4103393784332907,0.5079624336463863,-6.633615710435118,-4.995743250812143,0.0,0.0,9.77276780028022,2.9531274494434863,8.048239895697522,-0.2679943100995732,9.96027878513146,48.294117647058826,12.392165772971008,12.22109479305741,1.2889610389610389,1.052587646076795,19.27060427853064,14.8584142394822,1.9954449894884367,,,,0.0,2.9006657323055363,0.0,1.8866709594333548,9.86123828977953,8.902613357158812,3.707125735454347,0.6491486230817742,0.0,12.907793384685093,4.055425032037591,,397.0649,-0.0740878884031301
2014-06-30,18.463950713511608,0.0,,4.965078762573543,17.45254377625809,0.0660642974418727,0.0,227.8037161405865,-0.6666666666666666,,-0.936213635225938,0.5541927409261577,0.0,0.0614421228842457,2.4008144473443,,44.10326835652294,,-5.19468067738249,,,3.8151451199310142,-0.6008710653298998,15.793845177664975,2.3274426858278634,1.1773252241940733,-0.2052597851417175,-0.8396098283738733,1.0254107476341356,0.0,-0.2947898013132088,1.0724257083621285,0.0,1.0895114894749094,0.0,0.0,0.0,-1.0,-0.6210526315789474,-0.7959126984126984,2.5343908509227444,,7.763612600886107,,14.63546709377868,,,1.9526334519024724,-0.0073705080817456,,,,-0.7623722627737226,18.463950713511608,2.5683031267823853,0.8432639962637138,0.9868908967462264,,,,1.5946529497682098,-16.37289572483953,0.9046825276557054,-4.945161725673669,10.29768074969897,21.37416697456108,,-5.091041465603359,3.461891001196482,2.4008144473443,-2.4933969592720007,,13.462264150943396,-5.560496380558428,2.9567466590027305,0.0,-0.2939481268011527,-52.84215982721382,12.090907065350594,-12.4653915248864,52.90984360625575,4.17080008626267,0.9006053162558119,,-6.470088555713649,1.8016404545112497,-0.6555056485640397,-10.024258760107816,-2.515514730592584,0.0,0.0,13.949560565533051,5.3129017087317765,2.463790446841294,,11.234190843155032,23.95798319327731,18.981277833318185,18.6367601246106,-0.0746753246753246,1.4824707846410683,29.847268388306485,3.001618122977346,1.1625788367203924,,,,0.0,1.0968815697266994,0.0,-0.8023180940115905,10.513019182456388,2.3558186285459013,2.769884506428416,-6.250157662392264,0.0,18.7161304938831,3.101131994873985,,425.3296,-0.1015544180325094
2014-03-31,15.071319128944602,0.0,,-0.1956728031884608,9.614803002579384,1.2568402097346538,0.0,125.24002686366688,-0.6666666666666666,,-1.443269989795722,0.2645807259073842,0.0,-0.2023064046128092,3.461891001196482,,24.29616682738669,,-7.445419059916588,,,2.085960015431048,0.013675025626922,8.176142131979695,3.2871559665074948,0.9354146424158576,0.5023851459981291,-1.2020002469440672,0.560924942820572,0.0,0.7277223501321736,0.736696613683483,0.0,1.0545317747996408,0.0,0.0,0.0,-1.0,-0.5278195488721804,-1.318452380952381,7.808475641787446,,6.258475494885015,,11.364352943293682,,,1.0721720952229834,-0.0066894775287378,,,,-0.7412408759124087,15.071319128944602,3.859264997573828,0.4309847329096243,0.5045699065127697,,,,1.5661864542603732,-23.28678696863268,0.7561751780572814,-6.553837329614468,1.3143148145504042,40.67129192495587,,9.55754220213,1.4962181375464425,3.461891001196482,-1.740650316280102,,1.3537735849056605,-5.713547052740434,29.24282224457537,409948000.0,0.4711815561959654,-15.33269978401728,23.241371627191903,-7.564514424601078,0.7019319227230911,0.2656890230752641,-0.0184226686551451,,11.902779842426044,0.3378734291519302,1.4046549612086563,-5.807566422795533,-1.7556850005600986,0.0,0.0,8.631511909310916,3.285232795108952,1.1787365177195686,,7.150555303717135,2.3865546218487395,12.429246569117511,12.210235870048956,-0.4318181818181818,-0.181135225375626,19.429472428193986,0.7864077669902912,0.945865451997197,,,,0.0,0.8801681850035038,0.0,1.6625885383129426,6.613415979901857,1.1326781326781328,1.5739812595336675,-4.780744166491486,0.0,11.405074762120526,1.7337676206749253,,632.1476,-0.0973994048225445
2013-12-31,9.395927315954223,0.0,,-0.0115771493642057,4.862154619890214,1.548375615698321,0.0,107.61047683008732,-0.6666666666666666,,-1.706193804270394,0.0465581977471839,0.0,-0.0437100874201748,1.4962181375464425,,20.85846879735501,,-3.275865651483444,,,1.790652113070249,1.174230067255044,2.221319796954315,1.3108466393966598,0.6156966001688424,0.6756365110519948,-1.3817755278429436,0.493946324779151,0.0,0.6712714249168585,0.546233586731168,0.0,0.6529771208140733,0.0,0.0,0.0,-1.0,-374.7924812030075,-1.589404761904762,9.343598487784297,,4.269230190662687,,7.429973425474352,,,0.9218660697642532,3.876239173536471,,,,-0.862919708029197,9.395927315954223,1.4677233993649388,0.1087025763375981,0.1275355448332938,,,,0.7964464886735796,-21.9900690323362,2.461282012426125,-6.207038103378469,4.4575867041706525,32.891224325027025,,2.6138060649159343,0.9652880302828876,1.4962181375464425,-0.7669515037176784,,-0.4481132075471698,13.655635987590486,1.2160367868946689,0.0,-0.2521613832853026,120.6814686825054,13.698870346026158,-3.971362147310578,0.468261269549218,-0.422687082165193,0.1100096499692955,,3.193654569007624,1.1758597336142675,1.999183340138832,-2.8274932614555257,-0.7728240170269968,0.0,0.0,3.832123296395364,1.696504154256153,1.823515467583264,,3.911774705349048,-0.8235294117647058,5.960647096246478,5.870404984423676,-0.6071428571428571,0.0,8.935992499786925,1.875809061488673,0.54239663629993,,,,0.0,0.4766993693062368,0.0,-46.54861558274308,3.524124815101782,1.7341970069242796,0.6336892569187187,-2.668488543199496,0.0,5.176257362936112,0.1906236651003844,,547.0591,0.1516123212281818
2013-09-30,4.899325371615069,0.0,,-0.2199658379199089,1.218825068743803,1.514318097558392,0.0,60.30033579583613,-0.6666666666666666,,-1.690906640482104,-0.1001251564455569,0.0,-0.1736623473246946,0.9652880302828876,,11.652242044358728,,-2.1496653160574084,,,0.9930787210384188,1.1565647423556766,0.9432741116751268,0.6654487150377437,0.2940699785875034,0.6553970773935497,-1.7257686134090628,0.1232977317078288,0.0,0.39114863136352,0.1116793365583966,0.0,0.3533753450167936,0.0,0.0,0.0,-1.0,-374.7924812030075,-1.5736507936507935,9.343598487784297,,2.268109946722048,,3.917612971727824,,,0.5158111869905674,0.9809586054251772,,,,-1.024087591240876,4.899325371615069,0.8217657424511999,0.0395332046123216,0.0466150551803656,,,,0.7980295566502463,-18.91998708166808,0.1979087740566752,-5.111565972378425,5.879349486699887,18.33085649383527,,-8.474797243527878,2.7255298455768653,0.9652880302828876,-0.2258350904450116,,-0.5283018867924528,16.437435367114787,0.2884322460123581,0.0,-0.2521613832853026,0.2539956803455723,7.438002718299503,-1.8843918419105992,10.998160073597056,-0.8893681259434979,-0.0029827177822616,,-10.714137059610524,-0.2078410715629468,0.7643936300530829,-1.38092029264536,-0.2266158843956536,0.0,0.0,2.1176920137562094,1.0745414641793385,0.6709730947019082,,2.1993993653671806,-0.9663865546218487,2.806416431882214,2.7782821539830884,-0.7175324675324676,-0.1302170283806344,4.3867723514872585,-0.020631067961165,0.0276804484933426,,,,0.0,-0.0380168185003503,0.0,36.20218931101095,1.4541100232443471,0.6444047353138262,-0.8766615820440183,-0.8522177843178473,0.0,2.889216130493883,-0.2707176420333191,,313.5295,0.1355537517203326
2013-06-30,2.3910032939518344,0.0,,-0.5524767508066046,-3.435350158954072,1.5177585932948467,0.0,-0.5661070069397807,-0.8333333333333334,,-1.5924449835383816,-0.4843554443053817,0.0,2.1186062372124743,2.7255298455768653,,-0.1082621573219451,,-5.883461715422177,,,-0.0305141413453756,1.147964097307298,0.1848350253807106,2.5954665651318845,0.0218309049908638,0.6574416681040072,-2.1075441412520064,-0.1328661057137461,0.0,1.778545237486143,-0.1115411195577056,0.0,0.3439734295500648,0.0,0.0,0.0,-1.25,-374.7924812030075,-1.4721825396825396,9.343598487784297,,0.5742727926725781,,0.9751651159861068,,,-0.0053918404508194,-2.735359216155802,,,,-1.1025547445255477,2.3910032939518344,2.963369059070904,-0.0015144321780779,-0.0014061250808521,,,,0.7911076032622993,-2.941423438698478,-0.0039399909077132,-1.0454586351162896,-0.7790739180718763,16.309919673768764,,13.721779177460592,-0.1005744512626033,2.7255298455768653,0.1200754633226057,,0.8301886792452831,-20.82936918304033,0.0,0.0,0.7910662824207493,107.35066954643628,6.624718700563713,-0.8662157878051358,-0.0800367985280588,0.0560707353892602,0.0542152820422844,,17.125740618828175,0.070885694935661,0.1872873281611542,-0.7426838659992299,0.1225495687240954,0.0,0.0,0.8568759818282172,0.4097037153158802,0.117932914543084,,0.8675770625566637,,0.9761883122784696,1.101557632398754,3.5032467532467533,-0.1101836393989983,1.847609307082588,-0.5408576051779935,0.0604414856341976,,,,0.0,-0.0052557813594954,0.0,13.15260785576304,0.4491089666831021,0.1224033951306678,-0.6476356504685117,0.0634853899516502,0.0,1.2072949705482556,-0.0447458351131994,,154.1178,0.2461547313608105
2013-03-31,0.2357515673409391,0.0,,32.56044790282786,-3.276961711320324,1.521292304433028,0.0,1.5865681665547346,-0.8333333333333334,,-1.534723425556903,-0.592991239048811,0.0,10.875503751007502,-0.1005744512626033,,0.2919651467144235,,0.1112248987043056,,,0.0070044855939062,1.1436357726829511,-0.0291878172588832,0.7154150059558533,-0.0218309049908638,0.6595416541292801,-2.1075441412520064,-0.2486098579432192,0.0,0.2046559222307495,-0.1666897028334485,0.0,0.0822445212995909,0.0,0.0,0.0,-1.25,-374.7924812030075,-1.4126984126984128,9.343598487784297,,-0.0032067646452428,,-0.0271983971301911,,,0.0137938683990393,-2.598559949911301,,,,-1.142043795620438,0.2357515673409391,-0.4750189411674569,,,,,,0.7907311143165592,-3.556457147470833,-0.1397181391119866,-0.9931508389941068,-0.3156617216614075,0.6519151032472598,,-5.314268298877432,1.0066261308853266,-0.1005744512626033,0.1574741982021973,,-0.4056603773584906,0.0,0.0,0.0,0.4942363112391931,0.0425053995680345,0.2970744858626145,-0.17901299799218,0.3909843606255749,0.3252102652577097,-0.1001842266865514,,-6.750069018242052,-0.0350665964331401,-0.2841976316864026,-0.0006738544474393,0.1603002128374594,0.0,0.0,-0.0860187661868976,-0.0771280765010189,-0.0119710797676899,,0.1287964641885766,,0.0020903389984549,0.0386292834890965,-0.4707792207792208,,0.0206255859541464,-1.1063915857605178,-0.0467764540995094,,,,0.0,-0.1124737210932025,0.0,-2.8448164842240824,-0.2429621281491394,0.0,-0.8328611898016998,0.0,0.0,-0.0505210693248754,0.0960059803502776,,79.4118,1.220370272428027
2012-12-31,0.14731492208229,,,-0.7149364205731638,-3.468238148295801,1.5265971082040146,,-0.6925453324378777,-0.8333333333333334,,,-0.5429286608260325,,-0.5207390414780829,1.0066261308853266,,-0.1913658906185425,,-2.237351024830432,,,,1.142779708478136,,0.5418184739741435,,,,-0.3728308538095138,,,-0.3474775397373877,,,,-0.0726698262243285,,-1.25,,,,,,,,,,,,,,,,0.14731492208229,0.8720598626020482,,,,,,,,-0.2033641460827398,,,5.705762414986932,,7.088772624913226,-0.4489396091492383,1.0066261308853266,0.4190433914104983,,,,,,,,2.2106682114926137,,-0.1205151793928242,,,,,-0.2213861088117992,-0.3919967333605553,0.0859645745090489,0.4243306822000672,0.0,0.0,0.2237506899333418,0.0,-0.6686025838568211,,0.0015299184043517,,0.3336362810142688,,,,0.6424614335634535,-2.440129449838188,-0.054134548002803,,,,0.0,-0.1198318149964961,0.0,-0.3103670315518351,-0.385245709187387,-0.6488720125083761,-0.9182828502941818,-0.0176581879335715,0.0,0.362709560489352,0.2754164886800512,,48.2353,0.2768304540450664
