,totalAssets,intangibleAssets,earningAssets,otherCurrentAssets,totalLiab,totalStockholderEquity,deferredLongTermLiab,otherCurrentLiab,commonStock,capitalStock,retainedEarnings,otherLiab,goodWill,otherAssets,cash,cashAndEquivalents,totalCurrentLiabilities,currentDeferredRevenue,netDebt,shortTermDebt,shortLongTermDebt,shortLongTermDebtTotal,otherStockholderEquity,propertyPlantEquipment,totalCurrentAssets,longTermInvestments,netTangibleAssets,shortTermInvestments,netReceivables,longTermDebt,inventory,accountsPayable,totalPermanentEquity,noncontrollingInterestInConsolidatedEntity,temporaryEquityRedeemableNoncontrollingInterests,accumulatedOtherComprehensiveIncome,additionalPaidInCapital,commonStockTotalEquity,preferredStockTotalEquity,retainedEarningsTotalEquity,treasuryStock,accumulatedAmortization,nonCurrrentAssetsOther,deferredLongTermAssetCharges,nonCurrentAssetsTotal,capitalLeaseObligations,longTermDebtTotal,nonCurrentLiabilitiesOther,nonCurrentLiabilitiesTotal,negativeGoodwill,warrants,preferredStockRedeemable,capitalSurpluse,liabilitiesAndStockholdersEquity,cashAndShortTermInvestments,propertyPlantAndEquipmentGross,propertyPlantAndEquipmentNet,accumulatedDepreciation,netWorkingCapital,netInvestedCapital,commonStockSharesOutstanding,investments,changeToLiabilities,totalCashflowsFromInvestingActivities,netBorrowings,totalCashFromFinancingActivities,changeToOperatingActivities,changeInCash,beginPeriodCashFlow,endPeriodCashFlow,totalCashFromOperatingActivities,issuanceOfCapitalStock,depreciation,otherCashflowsFromInvestingActivities,dividendsPaid,changeToInventory,changeToAccountReceivables,salePurchaseOfStock,otherCashflowsFromFinancingActivities,changeToNetincome,capitalExpenditures,changeReceivables,cashFlowsOtherOperating,exchangeRateChanges,cashAndCashEquivalentsChanges,changeInWorkingCapital,stockBasedCompensation,otherNonCashItems,freeCashFlow,researchDevelopment,effectOfAccountingCharges,incomeBeforeTax,minorityInterest,sellingGeneralAdministrative,sellingAndMarketingExpenses,grossProfit,reconciledDepreciation,ebit,ebitda,depreciationAndAmortization,nonOperatingIncomeNetOther,operatingIncome,otherOperatingExpenses,interestExpense,taxProvision,interestIncome,netInterestIncome,extraordinaryItems,nonRecurring,otherItems,incomeTaxExpense,totalRevenue,totalOperatingExpenses,costOfRevenue,totalOtherIncomeExpenseNet,discontinuedOperations,netIncomeFromContinuingOps,netIncomeApplicableToCommonShares,preferredStockAndOtherAdjustments,adjusted_close,10%DDret
2023-09-30,-0.3176852696850233,,,,-0.4154734761541119,-0.1648792152681779,,,-0.0435525192143467,-0.3323924386280044,-0.389841285940825,,,-0.0153105469259725,-0.6760572876034172,,,,0.6398295549409467,,,0.0528297298940244,1.1033696283621124,,-0.6800609190698446,0.2602552766890564,,-0.1995635487997592,1.3294181615538554,-0.1006958191581418,,,,,,-0.1606801030941508,,,,,,,-1.875288312527164,,0.1107113011316767,,,,0.4506941855109337,,,,,-0.3176852696850233,-0.6226382964921101,,,,,-0.3234703937018884,0.1626137754114152,,,,,,,-0.0633112966269362,-0.3420397669775456,-0.524885949373149,-0.414861517676199,,,,,,,,,,0.0,,,,,,,0.0488972003740168,-0.4109656264638308,,,-0.459259823332318,,-0.030747941928372,,0.1648550724637681,,,-0.2321824965758277,,,-0.2157654494382022,-0.2509908373202468,0.2245237456399248,-0.2749921160517187,0.60418648905804,0.0549450549450549,,,,-0.0535968660968661,-0.4536017812901809,-0.0104697966529508,-0.579577666361966,-0.2404201426811981,,-1.0192261475606823,,,4.21,-0.0614657210401891
2023-06-30,-0.3307906754411571,,,,-0.4155013146884295,-0.1448181979719127,,,-0.0435525192143467,-0.3323924386280044,-0.3851125679350918,,,-0.0158628291914234,-0.6264940718695522,,,,0.6018931887308812,,,0.0525055216712933,1.1558297712667245,,-0.6575322596519947,0.1246501471243171,,-0.3195123786590413,1.3663558444429904,-0.1014544635554343,,,,,,-0.5818984000954903,,,,,,,-1.7084586938829944,,0.0883193064369167,,,,0.4495755927445002,,,,,-0.3307906754411571,-0.5873728937253694,,,,,-0.2774581023163459,0.1827958803438992,0.4576029874469993,,,,0.0021897970771748,,0.0,-0.3478926783907228,-0.3224195831936911,-0.6434136455753209,0.0,,,-1.0290454884414617,,0.0885750962772785,0.0307076101468624,-0.0100703495453632,,0.0,,,,,-0.0814700591107684,,-0.6166327484736813,-0.637371461711762,,,0.0231114833993298,,0.0039636935056406,,0.0834270364817591,,,-0.2173995182543805,,,-0.2020277387640449,-0.2230056690945411,0.1926482425543332,1.2235887732576474,0.4874269403289384,-0.0549450549450549,,,,0.1579415954415954,-0.1577863497140945,0.035352366159108,-0.4410034809746729,0.3606999279622615,,0.3603701033405431,,,4.63,-0.0712742980561555
2023-03-31,-0.3332823555827086,,,,-0.415529426149554,-0.1594762029532853,,,-0.0435525192143467,-0.3323924386280044,-0.3878485015756975,,,-0.0170305258984839,-0.5462259335240351,,,,0.5409888426722417,,,0.0522785759153816,1.0801504544601743,,-0.6596872199458151,-1.090835715750334,-0.5493687117774709,-1.6363910000752502,1.2505251188426854,-0.1035028034281243,,,,,,,,-0.0324650811627029,-2.557512953367876,0.0,,,-1.694473477657637,,0.0864422003806401,,0.0,-0.7029702970297029,0.4484460333823175,,,,-0.3430849353822414,-0.3332823555827086,-0.5907461766756945,,,,,-0.311878176847728,0.1601392179595024,0.4101010501680864,-0.898352096589982,0.1287512806114357,-0.1450898233781656,-0.1613574134977201,,-0.5728578552011453,-0.1102343899570604,-0.3282742960323377,-0.5443818959693763,0.0,-0.1790400157052645,-0.3104095129508587,-1.028970917225951,,-0.0663243474540008,0.0307076101468624,-0.167137540968586,-0.1370665373351489,0.0,-0.1340184114750588,4.163906339234723,,-0.7557869474336146,-0.2469802107427396,-0.2974677586369199,0.1453715417193773,-0.5392697017688652,,,-0.2953472433749619,,-0.0148462602903581,,0.1781296851574212,,-0.1449494904240874,-0.1926510178056959,-0.1986649713922441,,-0.1823209269662921,-0.2416137992055058,0.2024148108398175,-0.3885209713024282,0.6619546010602148,0.4020319303338171,,,,-0.0696225071225071,-0.349421394298617,0.004883913702589,-0.5374920362316833,-0.0757558153045337,,-0.4911079067531843,-0.3314606741573033,-2.423076923076923,2.86,-0.1013986013986014
2022-12-31,-0.2821342111684443,,,,-0.4155575376106786,-0.1528654939057996,,,-0.045260461144321,-0.3330767256864254,-0.3859772998129448,,,-0.0397906696111778,-0.4899785219644216,,,,1.7259885160100756,,,0.737500759863022,1.078611099181045,,1.0459120506830084,0.0,,20.16690495898864,1.2262218742738018,1.5014283851542771,,,,,,,,,,,,,0.1117853243601289,,0.0677362691870151,,,,0.4473164740201347,,,,,-0.2821342111684443,0.6165728742641216,,,,,0.8856369776335936,0.1999570969584636,0.3757386097208193,,,,0.2095133974359496,,0.4322733195000723,-0.2998386346853376,-0.0905428604649572,-0.3011033551002026,0.0,0.8308084939305697,,-1.0290454884414617,,-0.4403080872913992,-0.2977303070761015,0.2249571505786248,,0.0,,,,,0.1751220765869956,0.6998023157300197,-0.8564985424344096,-0.2982757466931364,,,-0.0496497106305208,,-0.0018059431948776,,0.0396364317841079,,0.5407906119173019,0.0456713739196146,-3.621106166560712,,0.51171875,-0.1304211001600846,0.1751006171183257,-0.5827814569536424,0.760636128856871,1.0020733982998131,,,,-0.0970441595441595,-0.1870981904851507,0.0662987551247488,,-0.5107708038017336,,0.3028118240807498,,,2.83,-0.0559440559440558
2022-09-30,-0.2632286604810738,,,-0.079837209143823,-0.204441556272322,-0.1622921541876357,,,-0.0418445772843723,-0.2814130527756394,-0.3884017999426546,1.5030845029602948,,0.015535486372522,-0.6133857281824574,,7.71931522864185,,2.324883671973112,,,1.019922595286823,1.0796237734322198,,0.1979196344855809,0.0337687203122979,-0.6027322943381338,21.89118820076755,1.0838137052069678,2.162293002690817,,9.078744157691526,,,,,,-0.0309550773876934,-2.405181347150259,-0.2235355923299185,,,-1.5966508749195618,,0.0733123783541894,,0.8366224666282318,0.4797372472775086,8.930263417629899,,,,-0.3580659679804539,-0.2632286604810738,-0.5567052107490958,,,,,1.3499688869933648,0.18935185073598,0.4365358761388154,-0.5256975036710719,0.0,0.0180571038052398,0.0295850709280812,0.537189222927286,0.0136724090784796,-0.3115034324316932,-0.2802054621187768,-0.3331682053591533,0.0,-0.9150934136046854,-0.3917400275926662,-1.0278523489932887,,-0.1904150620453573,-0.8058744993324433,0.3267399723107417,-0.2973754406909287,0.0,-0.2581888246628131,-0.1764705882352941,,-0.0500503212820314,0.0491904394757131,0.0,0.1625873164292393,-0.3300394816087083,,,-0.043519646664636,,-0.0273705936158735,,0.0455084957521239,-1.4973343488194972,0.3161134810609978,0.0351863222028054,-2.04481881754609,,0.2843223314606741,-0.2443685321925211,0.074966460960558,0.8287606433301797,0.4779121924697567,0.8254198631557123,,,,0.1022079772079772,-0.1831676440764784,0.0003733878977514,,-0.2624962238282248,,0.1876952655611631,0.5124398073836276,-1.8461538461538465,2.72,0.0477941176470587
2022-06-30,-0.2604347989743732,,,-0.0810256812202669,-0.2014049726172534,-0.1638341510132906,,,-0.0375747224594363,0.2814130527756394,-0.3901936804354087,1.6166935784374612,,0.0391011867109254,-0.6406715016325233,,6.548934047195312,,2.9917100401431505,,,1.3807136633502868,1.080977773156447,,-0.0535942769227581,-0.0593381821886195,-0.7088676267508385,-0.6509142900142976,0.6837983633890076,3.006540937162907,,11.245884982727087,,,,,,-0.0271800679501698,-0.705699481865285,-0.947465195692146,,,-1.4821051413825987,,0.0579379653541948,,1.8102946176474937,0.172143491307133,4.045028842146821,,,,-0.319552497910371,-0.2604347989743732,-0.5796775919949401,,,,,1.957371685066456,0.18462769560051,-0.0686781312023029,0.4340022842225485,-0.1702938154862179,0.1944436664295277,0.1697386011204787,-0.6499531883907209,-0.5402049252843056,-0.0877252960643273,-0.291873850089257,-0.3618104030623733,0.0,-0.4100382815823054,0.0,-1.025466070096943,,-0.1382113821138211,-1.3020026702269694,0.2399668468625985,-0.1025200992370684,0.0,-0.2059516163562406,-2.495145631067961,,-0.7164976387706123,-0.0012850167052171,0.3801186105619881,-0.0409768439579781,-0.3584127054939662,,,-0.1728221139201949,,-0.0177545324483429,,-0.0464142928535732,-0.8761614623000762,-0.1453831463415865,-0.2851745147121334,-0.8181818181818182,,-0.1827598314606741,-0.2376732540055368,-0.0062248457204185,0.4856512141280353,-0.0498844637759956,-0.1573709309558366,,,,0.0537749287749287,-0.2446974211015983,0.0113360565757342,,0.0742685845746287,,-0.1876952655611631,0.0,-0.6153846153846154,3.25,-0.0584615384615384
2022-03-31,-0.3035698727284739,,,0.0259581044424149,-0.2473306393637967,-0.1505856275053683,,,-0.0290350128095644,0.8832435206569156,-0.3899336106977086,1.1947170123794146,,0.0337339575299411,-0.5239003342097913,,4.172905512573254,,2.8588311301785025,,,1.355664525541529,1.0860411444123212,,0.1314007759929135,-0.5242588604362924,-0.578171236930361,-0.6485062833922793,0.8549498796344135,2.9479261744170886,,,,,,,,-0.0196300490751226,1.1067357512953369,-0.8423955870764381,,,-0.9101316496658346,,-0.0188327393693018,,1.144352299436782,-0.5202627527224913,3.977244313820104,,,,-0.1755288368803446,-0.3035698727284739,-0.4813658552407518,,,,,1.932684038678012,0.2188858546101085,0.2746898582917662,-0.0300212106379507,0.5025026398099051,-0.4026787364788787,-0.5050740889491011,-1.4430458753770936,0.3102510897714295,-0.225460164647321,-0.0680268386602556,-0.4478721008781806,2.0,-0.4029709125413081,-0.0092423458289707,-1.022856077554064,,0.4411638853230638,-0.9030707610146862,-0.4763695633351854,-0.1069969594657613,0.0,0.3737957610789981,-0.3158195316961736,,0.3068049856777889,-0.0047802621434078,-0.1125858985220747,-0.0025301138551234,-0.443666213111463,,,-0.2308102345415778,,-0.0295517977343621,,-0.1216891554222888,-0.8597105864432597,-0.0970305115404324,-0.3260756624002267,-0.8010171646535282,,-0.3030196629213483,-0.2398442025184827,-0.0715320633217064,2.358877325764743,-0.2343346472747043,-0.2154260833506116,,,,0.3181980056980057,-0.2950836809148974,0.0077814037891403,,0.1308298282713266,,-0.5491468397019947,-0.407035848047084,0.7307692307692307,3.47,-0.0835734870317003
2021-12-31,-0.3345900533371167,,,-0.0721526083341284,-0.2811399934388395,-0.1324250008282209,,,-0.0239111870196413,0.8343169959798136,-0.3876950604304544,0.6544942657226845,,0.0,-0.5357469636992305,,-1.3426165176144698,,0.8162851978483852,-0.2940166555152434,,0.2103787157301777,1.092212128130418,,-0.6197479318079392,-1.284632332870563,-0.2734267113829157,-0.6397772593874633,0.98140255802253,0.2653121703156672,,,,,,-0.641792034517973,,-0.0151000377500943,0.9523316062176166,0.0619910690832676,,,0.11039387247006,,0.0514202839166042,,0.5749257173267107,-0.9998988548117014,6.785899151185489,,,,0.0,-0.3345900533371167,-0.5282269181492353,,,,,0.0,0.2985858868275611,0.4387529448764462,0.0,0.2854509681208125,-0.2488474487023644,-0.3063239351826582,0.1626963486944762,-0.105904872203188,-0.1862948882750321,-0.2058040996669106,-0.3566764242287773,4.832214765100671,-0.7918070870006216,-0.2643654152403582,-1.0230797912005969,-0.2056737588652482,0.339323919554985,-1.135113484646195,-0.293576747747831,-0.7760637206439217,0.0,0.2718903874973239,15.309537407195888,,-0.1939304792134396,0.1269082498072475,0.271862938906147,-0.3210494472251251,-0.3533269389484955,,,-0.0383033810539141,,-0.0227736473016394,,-0.7999750124937531,,0.0196662958585859,-0.302177301279932,-2.1424030514939605,,-0.0157127808988764,-0.1856252194892798,-0.1471424738395492,0.4932198044780826,-0.4417561506048661,-1.478540327596931,,,,0.0548433048433048,-0.2153437660070457,0.096558110358527,-0.1891360350128805,-0.2006367206562405,,0.2361211247296323,0.4674959871589085,0.6153846153846154,3.5,-0.0799999999999999
2021-09-30,-0.3144341877678142,,,-0.0689100816510134,-0.2603912787876373,-0.1307685589256619,,0.2120395327942497,-0.0162254483347566,0.7145667607561372,-0.3897073500259094,0.3645095847306753,,-0.0487437566875988,-0.5146734471765533,,-0.0687154207590864,,0.5649948822927329,-0.2957082951066901,,0.0789568600433628,1.101242560347926,0.0,0.0,0.300956406013486,-0.2285953837048727,,0.617386340818486,-0.0395585637913253,,-0.3735013208697419,,,,,,,,,,,-1.9253612994810976,,0.1174321344425454,,,,0.5223937885201676,,,,,-0.3144341877678142,-0.4735975738311088,,,,,-0.2203779705929649,0.2862130995679969,0.6629673021319277,0.1736009136890194,0.5465913945769232,-0.4757698146395021,-0.5464521295532179,0.1818370955997087,0.5603114092232463,-0.4303257391351913,-0.166626768896154,-0.2207610898446295,,-0.5236396950561136,-0.3847447412289513,-1.023676360924683,,0.6191698759092854,-1.0630173564753005,-0.4111358900364903,-0.1503105821783655,0.0,,,,,0.2789514263685428,,-0.0117705296738353,-0.218687961455243,,,-0.2079652756625038,,-0.0386284213242019,,-0.2207021489255372,-0.305255975628332,-0.2372748352596542,-0.3604590752373305,-0.6513032422123332,,-0.3349719101123595,-0.2189739075704988,-0.1427958143278776,0.0239672027751497,-0.3784151148565992,-0.1042919344806137,,,,-0.0113960113960113,-0.3218866622761627,0.0419538641913538,-0.4074310037579753,0.1925499035623823,,-0.2546262917567892,-0.0777153558052434,,3.7,-0.0297297297297298
2021-06-30,-0.2748221065147196,,,-0.1681930794291244,-0.2204312461892594,-0.1184958302839743,,0.2090232319342831,-0.0068317677198975,0.5267299632195707,-0.3890695289941998,0.0520018217198691,,-0.0346389349055067,-0.5953557359838962,,-0.0680154587357494,,0.6863680248553613,,,0.1127677250714271,1.1094773199395107,,-0.0621156944307744,0.7722139434410503,0.0,-11.19527428700429,0.5847714407546369,0.0395585637913253,,-0.3687258687258687,,,,,,0.0,0.0,-0.4933018124507486,,,-0.0341757294477655,,0.1630360637707101,,-0.1633775333717681,0.5300963126959688,0.6138880968569737,,,,0.4910949656014917,-0.2748221065147196,-0.5415254374726326,,,,,-0.1296398582085899,0.3228172675904479,0.2478470350070195,-0.183716756403981,-0.5349576558773813,0.3866270439229877,0.4570745190878126,-0.1626963486944762,-1.7493606138107416,0.3074419495118015,-0.4107327282551451,-0.278766043683855,,-0.3345221346072048,-0.4049895629475992,-1.0242729306487697,,-0.0466409927257167,-0.9012016021361816,0.5732500245874561,0.1564289578242459,0.0,-0.1143224149004495,-0.6105082809822958,,-2.171402028334753,0.0012850167052171,,0.4404598206919311,-0.2761482010216145,,,-0.4867118489186719,,-0.0317564556605764,,-0.3823713143428285,-0.3052555369383092,-0.3868431553983364,-0.7041515137203042,-0.2225051811824539,-0.6188206178874982,-0.6543627106741573,-0.2472144815036099,-0.1404346659511671,-0.6218858404288868,-0.2834035612341987,0.1673232427949409,,,,-0.1025641025641025,-0.4695748528658492,-0.0042864930661867,,0.190504961308763,,-1.072819033886085,-0.987426431246656,0.0,4.06,-0.108374384236453
2021-03-31,-0.313451045434337,,,-0.2226029497962132,-0.263413943175547,-0.0861650960585717,,0.2024772173020151,0.0,,-0.3840098722472431,-0.0520018217198691,,-0.0348171465996239,-0.068363720419544,,-0.066496392217018,,0.5079233723150185,,,0.234888857368645,1.1161342968808277,,0.4083028133628259,0.0757915523345945,0.5294436772538962,-6.7147264654977805,0.9105143344471192,0.3253209421415108,,-0.3583621215200162,,,,,,0.0060400151000377,0.0,1.5508274231678487,,,0.0614938184026742,,0.0608791386533101,,-0.1355122917498189,-0.366021959744215,-0.4980479459566161,,,,0.680447502089629,-0.313451045434337,-0.0978414232659217,,,,,0.1561033930656449,0.3265130352134346,0.7365371511304217,0.1736009136890194,0.6535954996777932,-0.5750264680674669,-0.6520837695140818,-0.9649433059398732,0.6550531615435345,0.0231381451193829,0.3272620325976184,-0.31456879081288,,-0.2114975624120668,-0.3930318539637517,-1.0242729306487697,-47.301654846335694,0.5592640136927685,-0.1089452603471295,-0.5655837818617706,0.0934171501053927,0.0,0.4919717405266538,-0.2027412906910337,,0.7216846016876984,-0.0115651503469545,-0.0706015249929398,-0.00478521533469,-0.311614730878187,,,-0.4298659762412428,,-0.0447264113328798,,-0.3530109945027486,-0.3052552505712109,-0.5230540848915871,-0.6079913096868653,-0.2225048823903369,-0.4347120514432926,-0.5650017556179775,-0.2491665108387797,-0.1112959484840354,-0.0239672027751497,-0.3902405871958679,-0.3837860252954592,,,,-0.0181623931623931,-0.4499221208224877,-0.0074826934709392,,0.1652685148606883,,-0.9503725066089882,-0.851123595505618,0.0,4.04,-0.0693069306930693
2020-12-31,-0.226838443260579,,,-0.0923072204577364,-0.1754600044869167,-0.0657366498311935,,6.1658323706841225,0.0,,-0.3796127431570775,-0.1530244690100608,,-0.0214477898145927,-0.4393365887485914,,1.3248791820869292,,1.0410578046850614,-0.2549960963210651,,0.3764300622074527,1.116179505552755,,-0.5769957988634656,1.104648292561243,0.8639771158019334,-6.727669501091128,-0.297184550789314,0.6565261198895224,,-0.286628733997155,,,,,,0.0060400151000377,0.0,3.3272918308379302,,,0.0612174561335151,,0.2616419286488352,,-0.1960175617544015,1.4491857812341962,0.300605356085364,,,,0.6817334276345399,-0.226838443260579,-0.4101701237411005,,,,,0.4477196613226873,0.3959934665255847,0.3330929738045891,-0.2339696524718551,-0.2086671496197102,0.2721225429510915,0.329496028956156,0.1826693019868927,0.7078125753993147,-0.2835927030057709,0.0428707243839214,-0.2178788561134879,,0.6323986519647941,-0.3893319887341033,-1.0242729306487697,0.3475177304964539,0.1578947368421052,-0.4162883845126836,0.4298508428243716,-0.5181965714712082,0.0,0.0903446799400556,0.2964020559680183,,0.7851668344042735,0.0953482395271138,0.2987856537701214,-0.0099554479951597,-0.2158327942718208,,,0.2213295766067621,,-0.0345005511644815,,-1.2424100449775113,-0.8456968773800457,0.2471621901786345,0.5185377603551693,1.713604577240941,0.7729070734527456,0.2145365168539325,-0.1983955048595496,-0.0800643949557284,,0.0498844637759956,0.7176031515654158,,,,-0.0754985754985755,-0.0832314109198105,0.0756483880844454,0.0,0.1346873329770176,,1.1526075462629175,1.488496522204387,0.3846153846153846,3.78,0.0264550264550264
2020-09-30,-0.2971335149404732,,,-0.117592283365821,-0.2457850548555589,-0.093998560401401,,8.001604415351046,0.0017079419299743,,-0.3865943152656385,-0.1969113567672752,,0.0001471427097871,-0.6702302869195874,,1.7458542142926288,,1.4209150896143208,,,0.4913416141516889,1.118593648633681,,-0.6801800635091664,-1.2454200781267346,0.3871572302229236,-10.490179847994582,0.0072422405371441,-0.2224297957587036,,-0.3209713472871368,,,,,,0.0075500188750471,0.294300518134715,0.5066981875492513,,,-0.0191204128081057,,0.1175731761889614,,-0.1853888568598755,0.0,0.3015704165113065,,,,0.7504018517327846,-0.2971335149404732,-0.6045636626068341,,,,,0.5783733141295,0.375232893617329,-0.0346174387685281,-0.1102953173437755,-0.155696631188193,0.1714710643804231,0.1933017300863291,2.1728908769374806,0.0968649970242403,-0.3306211197111834,-0.2639545302208512,-0.0256698941679801,,-0.1639147989398946,-0.0394173344207203,-1.023303504847129,4.862884160756501,0.1364997860504921,-1.7543391188251,0.2128896372068313,-0.2907347646850342,0.0,0.0689359880111325,5.750428326670474,,0.0500503212820314,0.5643279362631715,0.2593274969406006,-0.0014300643528958,-0.0254288327273538,,,-0.0338486140724946,,-0.0368928395525013,,-0.0177098950524737,1.6956587966488956,-0.1096932643314073,-0.1574850989467718,-0.2204170375079466,0.4347120514432926,-0.1466379915730337,-0.2718028085506182,-0.1579286289240676,,-0.5056408862308006,-0.3754924320962057,,,,0.2015669515669515,-0.2254837394549503,-0.0445467593664354,,0.2056561243696698,,0.3472722903148281,0.592964151952916,0.1153846153846153,2.84,-0.0704225352112675
2020-06-30,-0.3391269854013234,,,-0.0749802347296247,-0.2898993063838126,-0.0876769757587256,,0.1761648055448594,0.0187873612297181,,-0.3892164683960004,-0.2510661201507059,,-0.0441420672805069,-0.6178354377955638,,-0.0603903405240779,,0.5031613638508388,,,0.001029361107171,1.1305739466944549,,-0.1584154825608802,-0.1211865546789189,0.4506312882225291,,0.4380675626589175,-0.221908227735565,,-0.3167039219670798,,,,,,0.0226500566251415,,,,,-1.6626821761600588,,0.0821751484011494,,,,0.3115171188559647,,,,,-0.3391269854013234,-0.5604515009487359,,,,,-0.2585316059205604,0.4385108627448145,0.1025277416923672,-0.1178006200032631,4.444971215712834,-4.5660357276898,-5.307680338506131,-0.3020909185477998,-2.435554697678908,0.698834887728031,-0.3109974214640886,-0.0483674848007205,,0.0537905310342571,1.987856033866872,-1.021662938105891,-0.8203309692671394,3.992725716730852,-1.00347129506008,-5.488750713456525,-0.50752672125949,0.0,3.92763862128024,-1.1142204454597373,,-2.9970581404350853,0.4073502955538422,,-0.4465650954292943,-0.0479132742968035,,,0.1746116356990557,,-0.028519830194432,,0.1644490254872563,,,0.1355972228781939,,,0.1260094803370786,-0.2457185337888068,-0.1183793936141668,,-0.4072312083729781,-0.3808832676757205,,,,,-0.1035531721391162,-0.0018370684569371,,0.1714033416215462,,1.0051670271569335,1.3210272873194222,,2.97,-0.0841750841750841
2020-03-31,0.0747948891339213,,,-0.0489659015007974,0.1409656041262166,-0.1062773124681887,,0.1384289564882556,0.0281810418445772,,-0.395363866820888,-0.2769014201134435,,0.1107134557285614,0.4013117975093184,,-0.0516333688278614,,-0.2623460150845329,,,0.0024923507122449,1.1361233111735494,,7.60309879146097,-1.3461359133527235,0.1059380548431643,,13.004740170519794,-0.2184848448927822,,-0.2569599674862833,,,,,,0.0309550773876934,,,,,0.1009911282891327,,-0.1545463858052481,,,,-0.4871032833987673,,,,,0.0747948891339213,0.2975868052739981,,,,,-0.3048725065896649,0.4399570326842441,0.0437662118724385,-2.165116658508729,4.677934618445663,-4.384489992549729,-5.109826307055497,-1.3960262145011963,2.2297929836413646,-0.2548614719798703,0.7187754348287018,0.0769196126998423,,0.4355593364525734,2.1514962435924216,-0.3997390007457121,-0.0619385342789598,4.004706889174155,0.0248331108144192,-5.256534168998623,3.586076964688765,0.0,3.939627488760437,-0.1981724728726442,,2.616474413563521,-0.1537393986121819,-0.2664030876400263,-0.0071503217644794,0.0761972742075795,,,-3.800563508985684,,-0.0305134038511152,,-3.0992003998001,,,-4.159542813961177,,,-3.865431882022472,-0.2465577239702817,0.6040783471961363,,2.15345929047166,1.848434584283641,,,,,-2.288121596052728,-0.0032111359206625,,-0.4543025120256547,,-11.540374909877434,-12.64633493846977,,2.19,-0.1187214611872146
2019-12-31,0.5069581997360915,,,-0.1784565368520058,0.5632838116739529,0.1781458090514009,,-0.0840713643948145,0.0281810418445772,,-0.333680526433163,-0.3176417008239142,,0.9133369207653906,-0.2307492270796613,,0.0,,0.2136370565561096,,,0.0022694575591173,1.1351083764887782,,-0.6244463668716297,,4.7628230420201225,-5.542177740988787,0.3372718186597117,-0.2190064129159208,,0.0953058321479374,,,,,,0.0309550773876934,,,,,0.098169662331903,,-0.1541676865595195,,,,0.314872897155265,,,,,0.5069581997360915,-0.5355816480433337,,,,,,0.4117406503104847,-0.5202390750927557,0.0959373470386686,0.3950070085345518,-0.3845852215755362,-0.4561686208921957,1.888692395714137,0.2277340796860171,-0.3575198971637994,-0.2352144562161866,0.454762440891691,,3.298629061283251,0.6872449773764084,-0.3997390007457121,4.643498817966903,0.996576807873342,0.0253671562082777,-0.4546888909250011,-1.0010632543043143,0.0,0.9295654035538428,5.485436893203883,,0.2075172253619261,0.7087638139295811,0.2396686435093664,0.0159507177823002,0.4504918471593317,,,0.8285866585440146,,-0.0358139643971198,2.2798550171690195,-3.165542228885557,,0.2090872006222101,1.191517498701176,,,1.1072682584269662,0.0020979754536871,0.8931043734907432,-0.5260170293282876,2.599565040097866,0.9759485797221646,,,,,0.2490461107452357,0.4039310277875274,0.7152525784142637,-0.7046220342527828,,3.069093967796203,3.6163723916532895,,5.57,0.059245960502693
2019-09-30,0.5331290011721374,,,,0.5956242736735348,0.1207094390083032,,0.0,0.0281810418445772,,-0.3455234521136843,,,0.9512562433124012,-0.2435782599901759,,-0.0195095797993938,,0.2228997437516786,,,0.0020425118032056,1.1331440596935305,,-0.3785167035323736,,,,-0.2960564759392915,,,-0.0377971956919325,,,,,,0.0309550773876934,,,,,,,,,,,0.3142587677933016,,,,,0.5331290011721374,-0.2453576815166799,,,,,,0.4354899744268949,-2.596470823233747,0.0300212106379507,-0.4779120425341603,0.4081572063164853,0.4662768806145118,,-0.739371712589876,-0.0490796707053578,-0.337904477897775,0.1089394280567439,,0.7982200700193044,2.230683470609287,-0.4028709917971663,-0.0543735224586288,0.7963200684638425,0.0253671562082777,0.4969843590155267,0.1732544908504169,0.0,0.7291800470991222,-0.1890348372358652,,-0.9561430672756832,0.1532253919300951,,0.8699741488366977,0.1079163971359104,,,-0.5096329576606762,,-0.0081150174730867,,-0.3696901549225387,,-0.7223623445741917,0.3076087469890898,,,0.2858584971910112,-0.2469225892665751,1.0414274215186476,,,,,,,0.0487891737891737,-0.4610865451960569,-0.0038085565570648,,-0.8330815885483234,,,,,5.2799,0.1174454061629956
2019-06-30,0.5237461118497474,,,,0.5814981279950305,0.1692341516156332,,0.0012835322808368,0.0264730999146029,,-0.3345303043010983,,,0.9423963631889702,-0.1424099704315833,,-0.0198074359795372,,0.1462430221331765,,,0.0018155660472938,1.1313198897812575,,2.508907341887559,,,,4.639433435687325,,,-0.0398293029871977,,,,,,0.029445073612684,,,,,,,,,,,0.3136446384313381,,,,,0.5237461118497474,-0.1601822870209694,,,,,,0.4342366271460559,-0.6242613902791807,-0.6656877141458639,1.3031244775748327,-1.2694281216914916,-1.5035237973427529,,-0.1058727018288857,-0.0099280693597352,-0.029369318842463,0.1513172708849358,,0.7774105945097013,1.2077086512454616,0.016517524235645,0.2274231678486997,1.5408643560119812,0.0496662216288384,-1.5166551645005888,0.8392620642056371,0.0,1.4742025262256475,0.1513420902341519,,-0.1938917705349539,0.0541249036237471,,1.8431329409823445,0.1498962771296647,,,-1.110759975632044,,-0.0262682646527663,,-0.8869940029985007,,,-0.3363717942662825,,,-0.3125877808988764,-0.2500969173443279,1.1569627045881403,,,,,,,0.0487891737891737,-0.8073509580706871,-0.0090061160937651,,-0.9331443310947412,,,,,6.0391,-0.0864953765082988
2019-03-31,0.6841196585561153,,,,0.7390161971142902,0.265976382150182,,-0.1095494801694262,0.0264730999146029,,-0.3134581538039425,,,1.093830569643614,0.0989723289703063,,0.0059124451758468,,-0.0360925397620447,,,0.0015886202913821,1.1308271152572489,,1.5889620447257864,,,,2.8105894642321307,,,0.1356431619589514,,,,,,0.029445073612684,,,,,,,,,,,-0.4447283574232886,,,,,0.6841196585561153,0.0430417930296297,,,,,,0.3251632766033003,-0.7511613048547431,-0.712024800130527,-0.8078289831838037,0.6213889993670071,0.9591637060686218,,0.3347649149897859,-0.1580833082624511,0.0097943326926891,0.0,,0.613028825704283,0.3441273786035769,-0.2067486950037285,-0.4468085106382978,-0.543859649122807,20.787716955941256,0.8502670155703743,-0.6504877912290846,0.0,-0.6118604153286235,-0.663049685893775,,0.3363009986839049,-0.2841942945258288,,-0.4223090039051757,0.0,,,0.4548431312823637,,-0.0039402396979149,,0.427067716141929,,,1.5952864497237047,,,1.4824877106741574,-0.2488381320721156,1.145156962704588,,,,,,,-0.0395299145299145,0.0722342438402274,-0.0069450148981771,,-0.9229196198266448,,,,,7.0933,-0.0993061455678279
2018-12-31,0.5331058374437984,,,,0.6048068960962187,0.0191153395555314,,-0.0827878321139776,-0.0256191289496157,,-0.3157071068607047,,,-0.0861841197721773,0.0678821501150953,,-0.0002978561801434,,-0.0130664866395174,,,0.0013616745354704,1.0188859226976918,,-0.2023746004776138,,,,-0.2810305189369925,,,0.0932737248526722,,,,,,-0.0166100415251038,,,,,13.29362607381604,,1.5880368994538407,,,,0.3124163797074112,,,,,0.5331058374437984,0.0168664147516258,,,,,,0.1938189089933291,0.0,-0.0159895578397781,1.0873702063695505,-1.0958704213044137,-1.287424715542264,,-0.1902555936238318,-0.0830621119711183,-0.1384065058444534,0.4467462283269534,,3.996597192683964,0.5210091412348051,-0.2111483967188665,0.0543735224586288,1.37997432605905,0.0368491321762349,-1.3081770733950275,1.1266391837191516,0.0,1.3132091629201457,-0.0576813249571673,,-0.2954246342029883,0.220663068619892,0.0180739903981926,2.439689786040372,0.4425509134304388,,,-2.4974109046603714,,-0.0676876890963247,,-6.1699150424787605,,-2.9863497930619496,-2.036839370896897,,,-1.8928195224719104,2.2091499094677984,1.179232626777569,,,,,,,-6.078881766381766,-1.6056909294278756,0.1059973564136839,0.7842719038253788,-0.952431854623196,,,,,6.175,0.0966315789473684
2018-09-30,0.6481248040624968,,,,0.7141730345039528,0.1282778726467231,,-0.0567963034270311,-0.02732707087959,,-0.291683164840652,,,1.059842094994041,0.245100022152234,,-0.0063294438280476,,-0.1470415296500359,,,0.0011347287795586,1.0175409647078502,,-0.0994493454826126,,,,-0.2677733832995287,,,0.0521235521235521,,,,,,-0.0181200453001132,,,,,,,,,,,0.6807075647577479,,,,,0.6481248040624968,0.1660693144775465,,,,,,0.2044241552158127,-0.6720537423128631,0.5504976341980747,-0.941164031143327,0.8935507542699015,1.09165620511751,,0.4206276440026379,-0.2677159970461942,-0.0633622193191844,0.3903625309614951,,0.932107450184864,0.2077618675738276,-0.2600671140939597,0.1158392434988179,-1.1181001283697047,5.506809078771696,1.0801769624362512,0.3020388367624839,0.0,-1.186469706700921,0.0165619645916619,,0.4396144615622823,0.1057311745052685,,0.5865463945877565,0.3866967054047422,,,-0.0579119707584526,,-0.0138377465581537,,-0.0067466266866566,,-0.2078729640532125,0.799178198649223,,,0.7426702949438202,-0.2513739458813549,0.9632948752347732,,,,,,,1.6253561253561253,-0.2181453256813121,-0.0110970883211733,,-0.7654125903376479,,,,,7.8043,-0.1007750951368826
2018-06-30,0.5738861076328959,,,,0.6383504194612097,0.1155594105476196,,-0.0238737004235656,-0.045260461144321,,-0.2806945682484758,,,0.9897415184779678,-0.0045363922679071,,-0.0139694548487262,,0.0407021058820967,,,0.0009077830236469,0.9701351513247272,,0.1957180524546344,,,,0.4803568326365591,,,0.0,,,,,,-0.0339750849377123,,,,,,,,,,,0.5745070515210668,,,,,0.5738861076328959,-0.0441040528048523,,,,,,0.1667594625711134,-0.8708051005330881,0.1533692282590961,-0.4140736517679939,0.416159245337979,0.4576545546231357,,0.0980874712477279,-0.3152640647649263,-0.2480729376842422,0.3944156721459131,,0.9181035893073324,0.639799959821672,0.0948173005219985,0.1555555555555555,-0.4813863928112965,0.331909212283044,0.5105045177874484,0.2548452685183458,0.0,-0.5493470348961679,0.0645345516847515,,0.0515212510644886,0.0614237985093806,,0.6835157582091194,0.3907117842564297,,,-0.1052010356381358,,-0.025400473766916,,-0.0609382808595702,,,0.5831011193501157,,,0.5418714887640449,-0.2462840749980616,0.7844378856989536,,,,,,,1.0671296296296295,-0.2544192513145378,-0.0027630704433607,,-0.6105082146259847,,,,,8.0408,-0.1121482880526902
2018-03-31,0.6281479309394498,,,,0.6911904139371712,0.1533202625008658,,-0.0082146065973559,-0.0461144321093082,,-0.2716447915508543,,,1.040978747571959,-0.0758376915445886,,-0.0176033002464759,,0.0940351488490603,,,0.0006808372677352,0.968010343744137,,2.032842423708708,,,,3.747685754445179,,,-0.0247917090022353,,,,,,-0.034730086825217,,,,,,,,,,,-0.4620446121115083,,,,,0.6281479309394498,-0.1041338933847975,,,,,,0.1663416801441671,-0.7678325284358545,-1.6642192853646598,0.291194965857506,-0.2925883809385101,-0.3688113589206125,,-0.219498463864627,-0.227812269233925,-0.2956356398804435,0.2573744652105382,,0.8724274449497759,0.871434672300502,0.0845264727815063,-0.357919621749409,0.0235344458707745,0.0245660881174899,-0.3426642379023411,2.329273069820366,0.0,-0.0441019053735816,-0.555682467161622,,-0.3306108229465046,-0.5063479825237728,,3.075958418128816,0.254957507082153,,,-1.6669204995431008,,-0.005793090508244,,-1.315967016491754,,,-1.4786756718462193,,,-1.374122191011236,-0.2488928618665596,0.6429299704856453,,,,,,,3.1607905982905984,-1.0944899175212468,-0.0070346279936374,,-0.4879511072897544,,,,,8.2671,-0.0534678825105832
2017-12-31,0.5491833074803313,,,,0.590943851859696,0.356044657673693,,-0.0681555641124374,-0.0461144321093082,,-0.2273035514473206,,,-0.085500105013167,0.0,,-0.0036934166337783,,0.0364700160427419,,,0.0004538915118234,0.9670428781648897,,-0.2430442958304626,,,,-0.2882772717735367,,,0.070107701686649,,,,,,-0.034730086825217,,,,,13.506290053448785,,1.6165808159502255,,,,0.3099598622595574,,,,,0.5491833074803313,-0.0402847829259986,,,,,,0.0960899581976544,-0.8946219437388704,0.6682982542013379,0.1048265298394967,-0.1352756320126374,-0.1825580381764399,,-0.1667068796345445,-0.1628011924623253,-0.2081569281908526,0.6942130150866922,,4.20037300003272,0.9037409748433112,0.0902684563758389,0.3078014184397163,0.0218228498074454,0.4323097463284379,-0.1546698093778659,0.0,0.0,-0.0458146007278955,0.2484294688749286,,-0.2670898815514438,0.3006425083526086,0.1860114845147321,-1.8745943567460537,0.687693783319578,,,0.5825464514163875,,0.0094518845134507,,0.5496626686656672,,0.5215796547720901,1.2359136636282058,,,1.1485252808988764,-0.1739130434782608,0.5568553796619264,,,,,,,2.3516737891737893,0.1542948537021356,0.1157353127870419,,-0.4134036669532684,,,,,8.5409,-0.1206067030905976
2017-09-30,0.5636790633851736,,,,0.604266773945097,0.3748829196746145,,0.0348479014247208,-0.0469684030742954,,-0.2214922931584104,,,0.9268019700221584,0.0478488254500274,,-0.0275963750902876,,0.0,,,0.0002269457559117,0.9614415237130788,,0.2632263278129743,,,,0.5488806113263227,,,-0.0929689087583824,,,,,,-0.0354850887127217,,,,,,,-0.158501593189452,,,,0.3093457328975939,,,,,0.5636790633851736,0.0,,,,,,0.1232458159491655,-0.4198944023618511,0.1977484092021537,0.4493092199736805,-0.6708100629071742,-0.7089533209885696,,-1.5238462899515837,0.4791045592538905,-0.1431258421279418,0.6405314118441793,,0.9907404377842488,0.6182899198961217,0.0009321401938851,0.2709219858156028,0.4283269148480959,8.033644859813084,-0.7868120450795246,-0.5990038985991158,0.0,0.3609505459216441,0.203883495145631,,-1.90005419214988,0.1972243639167309,,-0.226665199933997,0.6345162945283398,,,0.6869859884252209,,0.0,,0.6227511244377811,,0.640531472942104,1.3189911679969772,,,1.2257285814606742,-0.2518482707665364,0.5040515159645828,,,,,,,0.057514245014245,0.2032176121930567,-0.0118737351484963,,-0.367671322008691,,,,,8.7215,-0.094453546590896
2017-06-30,0.6040292252548866,,,,0.6564604777420001,0.2606034869607905,,0.0215633423180593,-0.0640478223740392,,-0.2259817470054595,,,0.9745602185268082,0.5579473547343177,,-0.0245135636258032,,-0.3848661048077412,,,0.0,0.8990173895156569,,0.0582823516004206,,,,-0.2861203926602938,,,-0.0719365982523877,,,,,,-0.0505851264628161,,,,,,,-0.1581957870787213,,,,0.3087316035356304,,,,,0.6040292252548866,0.4294610856132725,,,,,,0.0417139684751021,-0.4776359388967356,0.5876978299885789,1.026909629197798,-0.9769293680713882,-1.0441812741392948,,1.837089224533128,-0.3076607499384624,0.4989774771385775,0.8759288448547624,,0.9512155220364492,0.9414181353264622,0.0338926174496644,0.5167848699763593,0.925545571245186,9.866221628838453,-1.1539813606067764,1.0532932903057322,0.0,0.858488546349818,0.500856653340948,,2.1439575752883795,0.4065278848625032,,1.330564875419394,0.8677031518368986,,,-0.2603944562899787,,-0.0091469850130168,,-0.1666041979010494,,,0.0758040901147688,,,0.0704441713483146,-0.2471962382387952,0.4267775690904212,,,,,,,2.891203703703704,-0.3251481795088907,-0.0042566220343666,,-0.3007459391629679,,,,,9.0048,-0.0970926616915422
2017-03-31,0.6965791121606152,,,,0.747003127195355,0.3203980279306221,,0.0603901938133744,-0.0845431255337318,,-0.1889016539785143,,,1.026342273330011,-0.0111724310632109,,-0.0335237130751416,,0.0436711020129648,,,-0.0002269457559117,0.8229470176969347,,0.5881073128784778,,,,1.1701700911258863,,,-0.1334078439341597,,,,,,-0.0687051717629294,,,,,,,-0.1405172609002733,,,,-0.4737679029675608,,,,,0.6965791121606152,-0.0496910526913283,,,,,,0.0281521081542292,-0.7427817766866368,-1.8880730951215527,-1.7435805109871818,1.6024020121332982,1.836845453930759,,-1.2690247551030256,0.2259251155539753,-0.2880299848844446,0.3717180815131727,,0.8051565618558387,-0.0993814932235657,0.0312080536912751,-0.3399527186761229,-1.6546854942233633,0.0339118825100133,1.930702881817976,0.2417131451808465,0.0,-1.723399700278313,-0.5339805825242718,,-1.5934427498645196,-0.7765098946286302,,0.5182333204994225,0.36822734268698,,,0.3023911056960097,,0.0089359007434857,,0.3191529235382309,,,0.6576300004722996,,,0.6111306179775281,-0.2448246138128879,0.2946605849208478,,,,,,,1.3952991452991452,0.0,-0.0003733878977514,,-0.1863221248809053,,,,,8.9598,-0.0574789615839637
2016-12-31,0.5441886285572446,,,,0.5865568263634195,0.3473076795658315,,-0.0050057758952637,-0.0845431255337318,,-0.182500687559369,,,-0.073357351729486,-0.1422943935585156,,-0.0183479406968345,,0.1420907830455076,,,-0.0004538915118234,0.8208900231242356,,-0.3242386411317686,,,,-0.2963994106936983,,,-0.0298719772403982,,,,,,-0.0687051717629294,,,,,13.338689191262777,,1.5940853043773622,,,,0.3075033448117035,,,,,0.5441886285572446,-0.1600849807820178,,,,,,0.000964113292953,-0.655864182227467,0.9094468918257465,-0.7343372469676122,0.7045939602390808,0.8252146009282197,,0.3733371937782496,0.0613735196783633,0.2457201091603001,0.7470389551902724,,3.605797860157707,0.2888462566969423,0.0036167039522744,-0.4411347517730496,-0.7013264869490801,2.591188251001335,3.531518596943086,1.871737954447947,0.0,-0.7694283879254977,-0.6561964591661907,,0.382712704188279,0.2083269082498072,0.3040572343029276,0.6306033771519718,0.7400236443532378,,,-1.4396893085592446,,-0.004901845814668,,-1.1283733133433282,,-1.218638176560207,-0.9671279459689228,,,-0.8987447331460674,-0.0785007684975303,0.1136570968607459,,,,,,,-0.1862535612535612,-0.968921504061216,0.271960809206252,,-0.1105663095763716,,,,,8.9837,-0.0798868588028438
2016-09-30,0.5160349593305472,,,,0.5435083540166366,0.5002183491598828,,0.1223848029777948,-0.089666951323655,,-0.145685865664878,,,0.8522508236387746,0.7953711462336387,,-0.0479101665760687,,-0.5650239189297096,,,-0.000676784664951,0.7970876573544338,,0.4989354703356247,,,,0.2590917192537559,,,-0.2315586262954684,,,,0.0813347421098934,,-0.0732351830879577,,,,,,,-0.1268262911304366,,,,0.3069001820454894,,,,,0.5160349593305472,0.6293524269797766,,,,,,0.0105409720029534,-0.5937947575178464,-0.7524881709903737,-0.0562368813235771,2.3151296515177826,0.1020667024572488,,0.7534301661599833,-0.2647485162596067,0.0811178671335845,0.5869398784057644,,0.8791021823773845,0.5462456545541868,0.0007829977628635,0.1347517730496454,-0.0919982884039366,,0.1393541358622968,-0.3236023801973549,0.0,-0.1597088417897666,0.0394060536836093,,0.8400557404970195,-0.1794397327165253,,-0.6927561740278313,0.5814280297115835,,,1.0930551325007616,,0.0020170274644088,,0.9585519740129936,,1.1030255089549363,1.5120200255041798,,,1.4051088483146068,-0.2499327279609959,0.1510598336463643,,,,,,,2.678596866096866,0.4279905081485663,-0.0087372768073841,,-0.0619524550926033,,,,,8.6205,0.0162171567774492
2016-06-30,0.5029914112580458,,,,0.5304493521536381,0.4950833792619497,,0.1277756385573097,-0.089666951323655,,-0.148142224337456,,,0.8449369361756068,0.5924277885328479,,-0.0491611625326711,,-0.4124726874133438,,,-0.0009037304208627,0.796020732696946,,0.3173179032650756,,,,0.1328466066380436,,,-0.2400934769355822,,,,0.1263389640187267,,-0.0732351830879577,,,,,,,-0.1203853847107727,,,,0.306286052683526,,,,,0.5029914112580458,0.4584907802338593,,,,,,0.0015747183784899,-0.8922830424699704,1.2413117963778757,-0.7536696572605132,0.6541533859520382,0.7350386269450946,,-0.7945760748926314,0.0671580559582091,-0.245104543558106,0.6630038279666741,,0.6653797074894481,0.5018712191461706,-0.0009321401938851,0.0884160756501182,-0.4112109542148053,0.0355140186915887,0.7924036949272506,-0.1910500102594713,0.0,-0.4791265253692999,-0.0165619645916619,,-1.0225671595571728,0.4052942688254947,,0.8378527033716517,0.6567776761615847,,,-0.099718245507158,,-0.0419354082135234,,0.075087456271864,,,0.0,,,0.0,-0.2324191937389115,0.1141937214918164,,,,,,,-1.8456196581196584,-0.1633685619008791,-0.109103943722976,,-0.0300234703599563,,,,,7.2738,0.2043636063680609
2016-03-31,0.4519904091635709,,,,0.4772436357562502,0.4986673171965775,,0.1189834424335772,-0.089666951323655,,-0.1471208004426387,,,0.8159224816413372,0.426045248345806,,-0.0491611625326711,,-0.2874772243878714,,,-0.0011306761767745,0.794637347335966,,-0.028081826328849,,,,-0.3129866232884284,,,-0.0874822190611664,,,,0.1304238265966994,,-0.0732351830879577,,,,,,,-0.1248469621570329,,,,-0.4852828285043756,,,,,0.4519904091635709,0.3184103404096592,,,,,,-0.0008677019636577,-0.217659483741732,-2.2241801272638275,1.6613641851739132,-1.6243270948985251,-1.9156814073356567,,0.1855908893499976,-0.0175860842928643,0.0869041837942095,0.6099076784507994,,0.5325393449595917,0.9926401817869775,-0.0007829977628635,1.9588652482269504,1.943945228925973,0.0488651535380507,0.7031491277547408,1.6831875244828294,0.0,1.87754228216656,2.2427184466019416,,0.1568088565456375,-0.2002056026728347,,3.0297563390352567,0.604180143204479,,,-1.4396893085592446,,-0.0464385392968548,,-1.1283733133433282,,,-1.6626363765172625,,,-1.5450754915730338,-0.2573577367405671,0.1136570968607459,,,,,,,-0.1862535612535612,-0.968921504061216,-0.0208947867581715,,-0.029558710756861,,,,,6.6762,0.3121685989035681
2015-12-31,0.5608380847492381,,,,0.5763594620721804,0.6503311377948843,,0.0590424849184957,-0.089666951323655,,-0.1171913248537595,,,-0.0779729600415578,-0.1377387384784304,,-0.033210964085991,,5.862823667762799,,,3.195201718303581,0.7933149936820881,,-0.3202861538620929,,,,-0.2937822770416463,,,-0.1312741312741312,,,,0.2172492606133483,,-0.0732351830879577,,,,,13.599173484004329,,1.6290476986364886,,,,8.955146623385168,,,,,0.5608380847492381,-0.1562494931966721,,,,,,-0.0006106050855369,0.5167852644970087,0.5828030673845652,-0.3670586016366107,0.3887108790759424,0.4256189964896445,,0.7408837201820844,-0.3383748598309766,0.002133960754273,0.9960819635217292,,0.4814972352190557,-0.6414230578368361,0.0018269947800149,-0.7342789598108747,-0.2862644415917843,-0.1276368491321762,0.4752498884107761,0.2639855248185939,0.0,-0.3540997645043888,-1.0102798400913764,,0.82495935588759,0.1234130043690567,0.090746493457592,0.0111104999724987,0.9867279337958108,,,0.6791806274748705,,-0.0463681778736777,,-4.236038230884557,,0.6316415266333717,0.9056345345487176,,,0.8415993679775281,-0.2471779949739805,0.0453984437885698,,,,,,,0.7434116809116809,0.1830212939442406,-0.0042267510025465,1.0025484058613334,0.029558710756861,,,,,6.7219,-0.1179130900489445
2015-09-30,0.5548965884302968,,,,0.5718427963425624,0.6321915931055876,,0.1510075728404569,-0.089666951323655,,-0.1200345372611665,,,0.911263252475266,0.1933023202057268,,-0.0516184760188543,,2.140537322967254,,,1.2564365463719074,0.7919293478875118,,0.0005180193013991,,,,-0.0450823833062971,,,-0.1549481812639707,,,,0.1989115874819297,,-0.0732351830879577,,,,,,,-0.124053764078565,,,,3.708727216897331,,,,,0.5548965884302968,0.1224599017206986,,,,,,0.0,0.3293388318526903,0.2143906020558003,0.4846276617785531,-0.532601937070419,-0.6647598269995136,,-0.2489665267255384,-0.2383967398736427,-0.3187535480517349,1.2578698491330782,,-0.3999607368386611,-0.0688858762534108,0.4277777777777777,4.2567375886524825,0.8202824133504493,0.0072096128170894,-0.6326365066142359,2.9492062899886213,0.0,0.7531577820595161,5.018275271273558,,-0.3660679724394209,0.682857877152403,,3.6399537979209065,1.2460574156275792,,,-1.6288836430094429,,-0.0580012665056171,,-1.3176224387806097,,-1.9971372796546625,-1.96948944410334,,,-1.8302317415730336,-0.2554604371998413,0.0316608532331634,,,,,,,2.670405982905983,-1.0955979970939045,-0.0177881994488794,,0.0414565565961006,,,,,6.8308,-0.0298940094864437
2015-06-30,0.6897821372382466,,,,0.693310509374217,0.835120784731822,,0.1580028237710178,-0.089666951323655,,-0.0790332427640471,,,1.032026903254911,1.193610525200574,,-0.0506206578153738,,-0.8528423238020573,,,0.0062085874652995,0.7936133709168093,,0.6652818284009262,,,0.0161035442847467,0.1757405247352972,,,-0.1592156065840276,,,,0.2620943320321307,,-0.0732351830879577,,,,,-0.1583041639920851,,-0.1679453517147678,,,,0.3255324282236308,,,,,0.6897821372382466,0.9646372909943076,,,,,,0.0024745574519128,0.8809172006284292,0.4078968836678088,-0.6753398174780421,0.6702891041189355,0.7376096833348132,,0.1639723978188486,-0.3139512622049613,-0.218744656548592,0.7349245665390678,,-0.4693256552040048,-1.126906308662687,0.4291946308724832,-3.529550827423168,-0.7364142062473257,0.248064085447263,0.8144508675379172,0.6789531608498574,0.0,-1.3269107257546564,-3.689891490576813,,0.130796624603236,-0.2896427653559496,,0.8430229360321214,0.7280230197854164,,,0.2512945476698142,,-0.0343832821258531,,-0.366035732133933,,,0.3349076654229443,,,0.3112271769662921,0.4532721575853214,0.0,,,,,,,0.916488603988604,-0.0509298460187537,0.5601565242067374,-0.244803929715705,0.0688773731787233,,,,,9.1333,-0.0736207066449147
2015-03-31,0.6034306534566731,,,,0.5969133069831599,0.9108502968042718,,0.0926068540623796,-0.089666951323655,,-0.0705068564135472,,,0.9379346084873008,1.4219326379458137,,-0.0409999031967414,,-1.0249279528445014,,,0.0062085874652995,0.7911743630663234,,0.9266484669218776,,,0.0136955376627285,0.417139518041301,,,-0.184413737045316,,,,0.4939235458729183,,-0.0732351830879577,,,,,-0.1588536750156458,,-0.1679220604171946,,,,-0.4792731340337332,,,,,0.6034306534566731,1.156865766043366,,,,,,-0.0015425812687248,-0.0078525316375,-1.756893457333986,-0.6397956165581451,0.5754690029520998,0.6247015301695871,,-0.6094677411571684,-0.0607307934250471,-0.2943224332624293,0.6524656608871876,,7.841900337008801,-0.275699162774114,0.4277777777777777,0.7976359338061466,-0.3632862644415918,,0.6978836294615726,2.504989833796564,0.0,0.0912010276172125,0.1433466590519703,,-0.79983742355036,-0.4563865330249293,-0.5885343123411466,-0.0297013365601452,0.6463384711471972,,,-1.336087420042644,,-0.0419588620212491,,-1.7990692153923038,,,-1.674160487413215,,,-1.555784761235955,-0.2216191809686261,-0.0454521062516769,,,,,,,2.179843304843305,-0.9334420505744244,0.0376225645774369,-0.2109267517981958,0.1082425115608951,,,,,10.7623,-0.0989193759698206
2014-12-31,0.5107420474050965,,,,0.4812941424994528,1.1261847324243983,,0.0798357078680528,-0.089666951323655,,-0.0335548477324194,,,0.8784872138701888,1.0935691101543914,,-0.0380362342043144,,-1.0336897580522224,,,-0.1368482908147757,0.790923454937126,,0.3414627829032909,,,0.0129430355933478,-0.2946576631252637,,,-0.1641942694574273,,,,0.7552132837609029,,-0.0732351830879577,,,,,0.2051443550998077,,-0.1679164532529639,,,,-0.0615884017283354,,,,,0.5107420474050965,0.8804106323283761,,,,,,-0.0843277760236272,,,,,1.5536414744959517,,0.0743457350126268,-0.0981866914640483,-0.0410240275773389,0.6647601891465886,,3.878807708667343,,0.4277777777777777,-5.187234042553191,-1.1112537441163886,,1.6565203832112647,,0.0,,,,,-0.4880493446414803,0.3505601054316106,0.0100654529453825,0.6585175436639825,,,-0.4174154736521474,,-0.024438867650163,,-0.2851074462768616,,-0.6173308813559001,-0.5475369574458037,,,-0.5088219803370787,-0.2080097054168814,-0.0601556211430104,,,,,,,4.7987891737891735,-0.4044699511817773,0.0599063543152439,,0.1209769246857063,,,,,11.4872,-0.0891949300090535
2014-09-30,0.4449904883940508,,,,0.3975771195632298,1.2976867035902626,,0.1029392889231164,-0.0905209222886421,,0.0008783855390823,,,0.8338644472641273,0.439115066408545,,-0.0433976454468959,,-0.5404298874104401,,,-0.1368482908147757,0.7890427741849442,,-0.0227462275244375,,,0.0117390322823387,-0.3159376670960871,,,-0.2007722007722007,,,,0.8404118461014761,,-0.0739901849754624,,,,,-0.2694724935187424,,-0.1678966125179941,,,,-0.0615884017283354,,,,,0.4449904883940508,0.3294140542644459,,,,,,-0.0631815577981902,,,,,0.1849433528497911,,0.1193842590358538,-0.1547876268358723,-0.0784914538975562,0.9092546723710876,,,,0.2154735272184936,5.947517730496454,-0.1775780915703894,,-0.0529811344862398,,0.0,,,,,0.7042405551272166,,0.1668775094879269,0.9007160223952176,,,0.4813052086506244,,-0.0107183901306377,,-0.414011744127936,,0.4062705463090689,0.5447031596845039,,,0.5061885533707865,-0.1973373955002987,-0.0858062785081835,,,,,,,0.8799857549857549,0.1010234055675771,0.0773809079300121,-0.1635134760809949,0.1431924337136616,,,,,10.6237,-0.003642798648305
2014-06-30,0.3573478899817665,,,,0.3275405528296232,1.0677575089523157,,0.0765627005519188,-0.1178479931682322,,0.0056558666206343,,,0.7485935070793788,0.5385593342772111,,-0.0372767009449487,,-0.6153807066065609,,,-0.1368482908147757,0.5948760491237429,,0.0288692156669757,,,0.0091805252464444,-0.319195547262952,,,-0.1590123958545011,,,,0.8799695845730126,,-0.0981502453756134,,,,,-0.2823265525494017,,-0.1678323457895049,,,,-0.0615884017283354,,,,,0.3573478899817665,0.413137964029127,,,,,,-0.0951579820144665,,,,,2.8125857935285303,,-2.759124322411491,1.0122117988130075,-0.1351098100638136,0.1727088493582526,,,,0.2124906785980611,-6.090307328605201,-2.473684210526316,,2.94606310696342,,0.0,,,,,-0.8323310203032639,,-0.6234530553874924,0.1710869710691262,,,0.9619631434663416,,-0.029340713464831,,-0.392460019990005,,,1.1267652198554765,,,1.047094452247191,-0.2118225477631476,-0.1019050174403005,,,,,,,2.060897435897436,0.3508639884592467,0.0536633086648395,-0.0595459036222449,0.1571352218065205,,,,,11.0575,-0.0427311779335291
2014-03-31,0.1492799634013092,,,,0.112044642091973,1.0650921433454703,,0.0472339879347965,-0.1178479931682322,,0.0046864566733569,,,0.5412495448393796,0.9231124851917132,,-0.0304706872286716,,-0.9052171577487896,,,-0.1368482908147757,0.5934474550908355,,0.2557772102588542,,,0.0048160132440364,-0.2842162023134559,,,-0.1125787441576915,,,,0.9018616186489008,,-0.0981502453756134,,,,,-0.3171706930667616,,-0.1678556370870781,,,,-0.4715197508389446,,,,,0.1492799634013092,0.7369001475811291,,,,,,-0.1908944320047048,,,,,0.902085602491546,,2.0343257893805595,0.1416049011295572,1.0322487979371713,0.0214366133753659,,0.7446912933939731,,0.0127889634601044,-1.433096926713948,-0.4771074026529739,,0.6904493914499538,,0.0,,,,,-0.6274479568234387,-0.5602937023439706,-0.0011550519773389,0.0212353059267025,,,0.2233094730429485,,-0.0352979806271548,,-0.3864005497251374,,,0.1920370282907476,,,0.1784585674157303,-0.2164380937612595,-0.1228870405151596,,,,,,,0.7086894586894587,-0.0594599680120425,0.04610593761435,-0.2425509912006131,0.1753073222875467,,,,,10.3773,0.0200148400836441
2013-12-31,0.0317995874224113,,,,0.0093166294849379,0.8545162135545135,,0.0764343473238352,-0.1443210930828352,,0.0108429575390641,,,0.452696974253754,0.1292053126835986,,-0.0372469153269343,,-0.306851920410578,,,-0.1368482908147757,0.4074883644180627,,-0.2106473687209585,,,0.0,-0.3529024237816227,,,-0.1588091851249746,,,,0.9533202770986866,,-0.1215553038882597,,,,,0.2048679928306485,,-0.1678552057667527,,,,-0.0615884017283354,,,,,0.0317995874224113,0.0684954833687419,,,,,,-0.2195607339151757,,,,,-0.1806745519999413,,1.0247229326513214,-0.2998386346853376,0.1613739424240973,0.5469488853861743,,-0.1643817688054183,,0.0127889634601044,4.752245862884161,0.2066752246469833,,0.1405578704657158,,0.0,,,,,1.0953996401953223,1.0206156452979385,0.2791925636653649,0.5418125850416007,,,-0.0845263478525738,,-0.0303961348124868,,0.0,,-0.1344116516288583,-0.1848108439994332,-0.2231404958677686,,-0.1717433286516854,-0.2126434946798079,-0.1171988194258116,,,,,,,-6.600605413105413,-0.2136293787436886,0.0523191122329343,,0.1703808704947366,,,,,10.0062,0.0578441366352862
2013-09-30,0.0384152008808534,,,,0.0222282508721376,0.7877314877558826,,-0.7158259530227186,-0.1443210930828352,,0.0,,,0.4623005215861089,-0.0048253344505764,,0.1466048118665902,,-0.2058334603686201,,,-0.1368482908147757,0.4054991828532549,,-0.2809374077278119,,,-0.007675521107683,-0.3497708879979604,,,1.095509042877464,,,,0.8716583923147997,,-0.1215553038882597,,,,,-0.281356071092587,,-0.1678276012659251,,,,-0.0615884017283354,,,,,0.0384152008808534,-0.0443473184022315,,,,,,-0.1984787899092689,,,,,-0.749177807775246,,-0.7191365471537261,0.0,-0.2802054621187768,0.3230803873001576,,,,0.0130126771066368,-0.8288416075650118,0.7184424475823705,,-0.7384441057773377,,0.0,,,,,0.0665638653302493,,0.4748363676365436,0.3200463964667306,,,-0.0038074931465123,,-0.0330229612777634,,-0.3819965017491254,,-0.1462504581765848,-0.0883200302271761,,,-0.0820751404494382,-0.2146684970742364,-0.121330829085055,,,,,,,0.3481125356125356,-0.1867845830589268,0.0490034277009013,-0.3000840235265874,0.1739595194385704,,,,,8.7285,0.2126940482328006
2013-06-30,0.1015768971290927,,,,0.0847325835851992,0.8206766113415072,,-0.7619047619047619,-0.1443210930828352,,0.0075010614096169,,,0.5174096917832478,-0.0948500871642251,,0.1572978487337389,,-0.1379820989133038,,,-0.1368482908147757,0.4040570262187692,,-0.185968929202302,,,-0.0144480397321092,-0.0999699932089894,,,1.1684616947774842,,,,0.872365727826137,,-0.1215553038882597,,,,,-0.2876866951651867,,-0.1678707332984682,,,,-0.0615884017283354,,,,,0.1015768971290927,-0.1201407696923501,,,,,,-0.1988965723362152,,,,,1.835408399598863,,0.539175473306632,-0.2350463583403987,0.0197254577414214,0.3321324026120243,,,,0.0095824011931394,-0.2425531914893617,-1.4484381685922123,,1.928786321136554,,0.0,,,,,0.0169108198406579,,0.6714152136846158,0.3290134059021659,,,0.0038074931465123,,-0.0428031990993737,,-0.379091704147926,,,-0.0833136541822131,,,-0.0774227528089887,-0.222294181766769,-0.1263751006171183,,,,,,,0.3657407407407407,-0.1848820313398354,0.0365173364000926,-0.3001024902357275,0.1783282597076662,,,,,9.3658,-0.0562890207780482
2013-03-31,0.0361280459315675,,,,0.0154454738637101,0.836409797703268,,-0.7267359774098319,-0.1443210930828352,,0.0149384057334974,,,0.4477003359178585,0.2310189064501526,,0.1491365893978092,,-0.5650674738851746,,,-0.2381633604182286,0.4030533937019799,,-0.0211403676901001,,,-0.0227255624952968,-0.1181545597913512,,,1.112781954887218,,,,0.7703148969279534,,-0.1215553038882597,,,,,-0.3078225786367146,,-0.1678707332984682,,,,-0.3392626061018138,,,,,0.0361280459315675,0.1542141710319326,,,,,,-0.2869201159828291,,,,,-0.7074739045108354,,-0.48834628190899,-0.0333123649591116,-0.215393243825535,0.1795091195676649,,-0.1645126460098812,,,0.2094562647754137,0.7543859649122807,,-1.0375217189195642,,0.0,,,,,-0.3359033667437677,0.1837522357149581,0.4806666299983499,0.177823381142513,,,-0.2373210478221139,,-0.0496282571475479,,-0.3745002498750625,-0.3046458492003046,-0.3426532232119451,-0.411420204978038,-0.2218690400508582,,-0.3824174859550562,-0.2276029718278383,-0.1594311778910652,,,,,,,-0.7589031339031339,-0.3202977179832952,0.0278248661404386,-0.3612642309077311,0.2069574512583366,,,,,8.8631,0.0239248109997031
2012-12-31,0.0,,,,0.0,0.5934850634116078,,-0.9666923373122834,-0.1733561058923996,,0.0223575451757388,,,0.4091586394767486,0.3926916890596858,,0.2048208022756212,,-0.6869197209579186,,,-0.2381633604182286,0.2055480082189365,,0.0704195438322031,,,-0.0270900744977048,-0.1101316914579916,,,1.4926844137370454,,,,0.6878749430815956,,-0.1472253680634201,,,,,0.2042895601742689,,-0.1678112110935587,,,,-0.3357532954620227,,,,,0.0,0.2903293816188514,,,,,,-0.4106801256882363,,,,,1.9286246722025304,,-1.6191027682607086,0.6490851407160244,-0.0135971601906885,-0.0101328529610448,,-0.1632038739652521,,0.6502237136465324,-1.3583924349881795,-1.4963628583654258,-0.1791722296395193,2.05903847495568,,0.0,,,,,-0.3241840143921871,-0.6128212369387179,0.0652329354820966,-0.0100376971292186,,,0.3067697228144989,,-0.0401529188263714,,0.3117503748125937,-0.3015993907083016,0.2848035238175599,0.2724224247862844,-0.2186904005085823,,0.2526334269662921,-0.2202326928427111,-0.149825596994902,,,,,,,-28.95156695156696,-0.0051849761135677,0.0398927629957657,-0.424965144086498,0.1986382543629307,,,,,6.8904,0.3012452107279695
2012-09-30,-0.1259190801472897,,,,-0.0852443213483894,0.0934263350168806,,-0.8835836221280965,-0.1733561058923996,,-0.084417986683129,,,-0.0681569008563854,0.9720111339054388,,-0.0635029376065766,,-1.1235508903358813,,,-0.2381633604182286,0.206382108215998,,0.3104955890656485,,,0.4650462788772669,-0.2599039331457721,,,1.4019508230034543,,,,0.6493074743259314,,-0.1472253680634201,,,,,-4.285183367168965,,0.4341691961806585,,,,-0.3357532954620227,,,,,-0.1259190801472897,0.8007087137736981,,,,,,-0.4171396847510217,0.5436734208166463,0.7440039158100832,0.2862082613547547,-0.3266803721774396,-0.1153879680100626,,2.0644694301018194,-0.234335256953751,0.6690103757002058,0.0308939428056744,,-0.163334751169715,-0.3625455498510608,-0.4394108873974646,,0.4505776636713735,22.28758344459279,-0.3851345501252068,-0.1650842209330522,0.0,0.0441019053735816,5.395202741290691,,2.417550514825424,0.2163454124903623,,0.1429514328144766,0.0306038232473065,,,-0.0790054827901309,,-0.0228909163402678,,-0.4135744627686157,-0.3019040365575019,-0.1777772433787722,-0.2314268171728144,-0.2190082644628099,,-0.2155459971910112,0.1534988301506437,-0.1785350147571773,,,,,,,-0.0089031339031339,-0.2071899729252255,0.2471081107319149,-0.2997608561166357,0.2235028931285292,,,,,7.6675,-0.0911715845265406
2012-06-30,-0.1828599992155919,,,,-0.1229887341272592,-0.1415655484177968,,-0.8883968681812348,-0.2032450896669513,,-0.0789019075465086,,,-0.0671283931991236,0.2744372850992516,,0.1866515752868727,,-0.5977917637579215,,,-0.2381633604182286,0.017685632458018,,0.2239034826437633,,,,0.2680621704611344,,,1.3687258687258688,,,,0.596310361138987,,-0.1736504341260853,,,,,-3.6304522298980593,,0.3462906991163325,,,,-0.3357532954620227,,,,,-0.1828599992155919,0.1907688814647832,,,,,,-0.4270379145586731,0.0929128883234852,0.1272638277043563,-0.8034595441094732,0.7668513362873004,0.9051291597386908,,-0.1505251813604851,-0.1762027185953012,-0.2146819235741106,-0.0014411168655708,,-0.1632038739652521,-0.4440596608257312,-0.4578299776286353,,-0.5832263585793752,1.5930574098798398,0.9276355441309112,-0.152549012292712,0.0,-0.7291800470991222,8.922330097087379,,-0.2476194162731284,-0.0631714212284759,,0.3068038061712777,-0.001427583591711,,,-0.1189841608285105,,-0.0560546004643853,,-0.3716579210394802,-0.3015993907083016,-0.2289920072354206,-0.2871581731450432,-0.2186904005085823,,-0.2673806179775281,0.0397155875015392,-0.1855647974242017,,,,,,,-0.021545584045584,-0.2567817605920908,0.1717434974497606,-0.3340535349897971,0.2295912439290776,,,,,6.6275,0.0551529185336662
2012-03-31,-0.2636227070870217,,,,-0.206735779012256,-0.1414842321789439,,-0.8695931202669747,-0.2058070025619129,,-0.0747264879077324,,,-0.0675971620346953,0.1349167364943608,,-0.0643965061470069,,-0.4926355829467831,,,-0.2381633604182286,0.0040122696335611,,-0.1103225706189812,,,,-0.1834746059070511,,,1.3737045315992684,,,,0.59024495912927,,-0.1759154397885994,,,,,-2.857875079434068,,0.242594823077794,,,,-0.4965016559559581,,,,,-0.2636227070870217,0.0733040333436045,,,,,,-0.4868129387217625,0.2567606429924336,-1.6707456355033448,-0.0805274190160617,0.0,0.1297552527024197,,0.1589859898019913,-0.2496376117933429,-0.15653149302017,-0.2450799369511371,,-0.1632038739652521,-0.2662984983682543,-0.5722222222222222,-0.266193853427896,-0.0218228498074454,10.755407209612818,0.0070408387138532,-0.1606073607043593,0.0,-0.0929137229715264,-1.628212450028555,,0.1247967794379499,-0.3221279876638396,-0.6559352348677399,-0.0269512128045762,-0.2427784345653677,,,0.2115443192202254,,-0.0593850411614325,,-0.3864942528735632,-0.3015993907083016,0.1344550172206082,0.1086761441458461,-0.2186904005085823,,0.1004652387640449,0.3762673368025941,-0.2016635363563187,,,,,,,-0.0103276353276353,-0.0661711669332329,0.4362813552487137,-0.2454871979538886,0.2435340320219366,,,,,6.6683,-0.0648096703956754
2011-12-31,-0.2945736597348332,,,,-0.2285254365054888,-0.2551673458078467,,-0.8695289436529329,-0.2203245089666951,,-0.0763148638307362,,,-0.06820213729757,0.0999739952035597,,0.1822730894387645,,-0.4662993532089113,,,-0.2381633604182286,-0.0868345566046479,,-0.0126966530772936,,,0.4882233426141922,-0.0072422405371441,,,1.3388538914854704,,,,0.6769466094314349,,-0.1887504718761797,,,,,-2.427276955966011,,0.1847996247513168,,,,-0.3357532954620227,,,,,-0.2945736597348332,0.0677737954298503,,,,,,-0.491055037210756,,,,,-0.0944871369788132,,-0.022680113883125,-0.2458496294067773,-0.2299889882153385,0.0569691510920963,,-0.1632038739652521,,-0.5722222222222222,-1.0122931442080378,0.165596919127086,,-0.0860334002728577,,0.0,,,,,0.3281932665124646,0.55483385107785,-0.0301413563610362,0.0564341638598291,,,0.065146207736826,,-0.0485493819921664,0.0,0.0902361319340329,-0.3015993907083016,-0.0318520271403118,-0.0724507627638974,-0.2186904005085823,,-0.0678546348314606,-0.1288886659156522,-0.2011269117252482,,,,,,,-0.0144230769230769,-0.1532285884529745,-0.278622049302138,,0.2430692724188413,,,,,6.2657,-0.1030248622987735
2011-09-30,-0.2962535564877786,,,,-0.2308313950981253,-0.2489421359667747,,0.197214734950584,-0.2203245089666951,,-0.076415640854095,,,-0.0674467881505379,0.1048185924663141,,-0.06527518187843,,-0.469950710308732,,,-0.2381633604182286,-0.0928540912717877,,-0.2306688147200364,,,,-0.3649322139822621,,,-0.3500304816094289,,,,0.763329958753498,,-0.1887504718761797,,,,,-2.532220707407072,,0.1988852526189231,,,,-0.3357532954620227,,,,,-0.2962535564877786,0.0479638669499359,,,,,,-0.4908300774424002,,,,,-0.0138263526762692,,-0.038926152905789,-0.2351557585537291,-0.2261998399529434,0.0279216392704345,,-0.1632038739652521,,-0.5722222222222222,,0.212665810868635,,-0.0060657464373406,,0.0,,,,,0.1825237728090465,,0.9695286287882956,0.0276594320894024,,,-0.6484922327139812,,-0.0454300255646504,,-0.6361819090454772,-0.3015993907083016,-0.8520254639064344,-0.9657110470882728,-0.2186904005085823,,-0.8979547050561798,-0.169297497480149,-0.2102495304534478,,,,,,,-0.0429131054131054,-0.5500674255966381,-0.0044358482252873,-0.3853817530446987,0.2509701856714614,,,,,6.6051,-0.0856459402582853
2011-06-30,-0.3042289860893915,,,,-0.2458360921684744,-0.1746190936552251,,-0.8214606597355923,-0.2203245089666951,,-0.0644342280382484,,,-0.0674435569761676,-0.2505513979985938,,-0.0658411086207025,,-0.2021095116763576,,,-0.2381633604182286,-0.0929964985883592,,-0.4223048750796455,,,0.530513958913387,-0.3658076000658796,,,1.2876447876447876,,,,0.8749651858303014,,-0.1887504718761797,,,,,0.2161956323514171,,0.2017673350334543,,,,-0.3357532954620227,,,,,-0.3042289860893915,-0.251228491266765,,,,,,-0.4912157227595815,,,,,0.2645678938926005,,0.0106162235197606,-0.2455214287667861,-0.2155026777103695,0.6193650078811078,,-0.1632038739652521,,-0.6453765846383296,,-0.1048352588789045,,0.2778945740317796,,0.0,,,,,1.5239784117193524,,0.3287497937407183,0.6135486605250831,,,-0.1984084678647578,,-0.0451251260642165,0.0,-0.3730947026486756,-0.3015993907083016,-0.3422195672944459,-0.4104756057242715,-0.2186904005085823,,-0.3819785814606741,-0.0436561327015082,-0.2137375905554065,,,,,,,-0.0274216524216524,-0.2996623493377656,0.0951243008311614,-0.3525664109027451,0.2539911230915809,,,,,8.3321,-0.1003588531102604
2011-03-31,-0.3345184563586145,,,,-0.2799088206123058,-0.1451916503281261,,0.1999101527403414,-0.2203245089666951,,-0.0600819609778362,,,-0.0672832410170245,-0.4501719205986882,,-0.0659006798567311,,-0.0516561771815588,,,-0.2381633604182286,-0.09437310264855,,-0.5292033381163782,,,,-0.3649953861738634,,,-0.3542979069294859,,,,0.94014615320003,,-0.1887504718761797,,,,,-2.248152429859015,,0.1607573984914571,,,,-0.4976092821266422,,,,,-0.3345184563586145,-0.4192925836428212,,,,,,-0.4929832637966621,,,,,1.0680898175250568,,0.2406022294069391,-0.353649864617236,-0.2258715382984399,-0.8585453726638145,,-0.1632038739652521,,-0.7310589112602536,0.4269503546099291,-0.8553701326486949,-0.0304405874499332,1.1071702065598492,,0.0,,,,,-1.6617322025186327,-0.284853619504848,-0.0143006435289588,-0.8504829247618835,,,0.5561985988425221,,-0.047611229683139,,-0.3512931034482758,-0.3015993907083016,0.5103046009171125,0.5180182307655977,-0.2186904005085823,,0.4808637640449438,0.6380034570986823,-0.2223235846525355,,,,,,,-0.0051638176638176,0.0997062543774369,0.6615089351723932,-0.1826357533955661,0.2614272767411056,,,,,7.8593,-0.1028208619088214
2010-12-31,-0.426113892367104,,,,-0.3740224444089033,-0.1546604745856636,,0.2033756898986009,-0.2203245089666951,,-0.0691720484848012,,,-0.0684822552602897,-0.6578731929074325,,-0.0667048915431184,,0.1048875919191039,,,-0.2381633604182286,-0.0930326655259011,,-0.6056578068098817,,,1.292046053126646,-0.3783608169969293,,,-0.3597845966267018,,,,1.121294777653503,,-0.1887504718761797,,,,,-1.1928598915599444,,0.0191152541824592,,,,-0.3357532954620227,,,,,-0.426113892367104,-0.5269619370428634,,,,,,-0.4929832637966621,,,,,0.0204120370408085,,0.1207354147565507,-0.4108251511090446,-0.334033254221754,0.0268408016212564,,-0.1632038739652521,,-0.730089485458613,,,-0.1036048064085447,0.0238359625799932,,0.0,,,,,0.1126188640452326,0.5006118798832722,0.0,0.0265887443956191,,,0.1175753883643009,,-0.0351807115885264,-0.0051507058374666,0.1319340329835082,-0.3015993907083016,0.0061795968243627,-0.0310300854862324,-0.2186904005085823,,-0.0293627106741573,-0.1287974495915789,-0.2279581432787765,,,,,,,0.036502849002849,-0.1253175275190516,-0.2787714044612386,,0.2663072525736063,,,,,6.0436,0.1667218214309352
2010-09-30,-0.4234058419449319,,,,-0.3642221886218997,-0.2318205501194144,,0.2051084584777307,-0.2203245089666951,,-0.0713670370709905,,,-0.0675315443397902,-0.6981421017654368,,-0.067106997386312,,0.1421198196824843,,,-0.2343214929788656,-0.0933672096981643,,-0.3347181715990738,,,0.9263300474076304,0.1533143967168509,,,-0.3625279414753099,,,,0.7305626411907993,,-0.1887504718761797,,,,,-1.0455523750685884,,-0.0006564695353062,,,,-0.3253569626916412,,,,,-0.4234058419449319,-0.5805695658519973,,,,,,-0.4861059223069303,,,,,-0.1059249163551283,,-0.0249642104585886,-0.4060662418291715,-0.3912261382833927,-0.3313668092771898,,-0.163334751169715,,-0.8700596569724086,,,-0.9983978638184244,-0.101567628953852,,0.0,,,,,-0.4030326394243125,,-0.0799185963368351,-0.3282550021190694,,,-0.0400548279013097,,-0.0500738794943359,,-0.0539105447276361,-0.3019040365575019,-0.1734840497955307,-0.2267510508666698,-0.2190082644628099,,-0.2112008426966292,-0.0106905531813973,-0.2281191306680976,,,,,,,-0.1887464387464387,-0.2254001108079572,-0.5068964744714695,-0.4141251858212607,0.2664466804545349,,,,,5.7272,0.2311775387623969
2010-06-30,-0.439148227593107,,,,-0.3779902543295744,-0.2600101795884194,,0.2063278141445257,-0.2186165670367207,,-0.0716843221509847,,,-0.0672670851451729,-0.6947903724464735,,-0.0673899607574482,,0.1394411899213833,,,-0.2344065976373325,-0.0861383430569651,,-0.6579207741280441,,,0.36165249454436,-0.3790286373081427,,,-0.3644584434058118,,,,0.5170887838692136,,-0.1872404681011702,,,,,-1.0504433445297543,,0.0,,,,-0.3255872612023776,,,,,-0.439148227593107,-0.6081721023012926,-0.4446403909486879,-0.4720676251002653,,,,-0.4925012071501855,,,,,0.0608287827970584,,0.0732197719120461,-0.4430435139348522,-0.3864657642930913,-0.3922539968475568,,-0.1634656283741779,,,,,0.0021361815754339,0.0485125219500836,,0.0,,,,,-0.0563865330249293,-1.4961875176503812,0.0018700841537869,-0.388570408868863,,,0.1284648187633262,,-0.0494171728780167,,0.0892053973013493,-0.3022086824067022,0.0163705108855925,-0.0200255041798517,-0.2193261284170375,,-0.0190484550561797,-0.0148500175591423,-0.2306949288972364,,,,,,,-0.0446937321937322,-0.1331158988511514,0.3464591625656229,-0.4156763893890289,0.2686775265493923,,,,,4.5102,0.5633896501263801
2010-03-31,-0.4563091283778572,,,,-0.3888257214956607,-0.3367907793408566,,0.207418816583237,-0.2186165670367207,,-0.0755814671704217,,,-0.0680761214971273,-0.7208336945110617,,-0.0676431385105701,,0.1589247733327526,,,-0.2344876496930153,-0.087399665003741,,0.0704609853763151,,,0.3500639626758973,-0.3737221732136371,,,-0.3661857346067872,,,,0.1821300524754532,,-0.1872404681011702,,,,,-0.2465537062670768,,-0.0873635005957612,,,,-0.4988923738293159,,,,,-0.4563091283778572,-0.6307228231783462,-0.4442579411452247,-0.4716233726167705,,,,-0.4866201160631719,,,,,-0.0021897970771748,,-0.1504286702375782,-0.3849520006564013,-0.4234544173671575,0.0522404863769421,,-0.1635965055786408,,,,,0.0,-0.0164857842473842,,0.0,,,,,0.6236443073759959,,-0.1314559155161982,0.0517499051995271,,,-0.0346481876332622,,-0.0380889837465112,-0.0051507058374666,0.0320464767616191,-0.3025133282559025,-0.1714892325750347,-0.2246729325083833,-0.2196439923712651,,-0.2091818820224719,-0.1923387409410788,-0.2332707271263751,,,,,,,-0.069088319088319,-0.1921786307899771,-0.1747306006317723,,0.2709083726442498,,,,,4.192,0.0252624045801526
2009-12-31,-0.4634085478895606,,,,-0.3944791273765784,-0.3556350647668784,,0.207418816583237,-0.2177625960717335,,-0.0767641343026132,,,-0.0668959971963348,-0.6799194814450962,,-0.0676431385105701,0.0,0.134984066145459,0.5897915051480361,,-0.2306376770480841,-0.0898160685182631,,-0.6632045710023156,,,,-0.3831709281574251,,,-0.3661857346067872,,,,0.1225370356452889,,-0.1864854662136655,,,,,-0.7527465508944416,,-0.0399570836276196,,,,-0.3153883271554843,,,,,-0.4634085478895606,-0.6127211689722839,-0.4438329969191543,-0.4711297587462207,,,,-0.4866201160631719,,,,,0.3151548132766223,,-0.1159420289855072,-0.3415201159642261,-0.3653450245200298,-0.4895744201756361,,-0.4817589896279815,,,,,-19.54712950600801,0.8118685541987389,,0.2178502879078694,,,,,-0.8927782061166795,-2.866421914713358,0.0873439304768714,-0.4748499921929022,,,0.8108437404812672,,1.6235663860027676,1.2428462418924076,-0.7069277861069465,,0.7811227213953251,-0.3943701884475511,-8.34424666242848,,0.7549596207865169,8.75160426709964,-0.2449154816206064,,,,,,,-0.6780626780626781,-0.2943728374154566,14.169428492483702,-0.2515442785518407,0.2820161271582274,,,,,3.5132,0.2233576226801777
2009-09-30,-0.4713905580958152,,,,-0.3991980318702091,-0.3948897261449778,,0.2070979335130278,-0.2177625960717335,,-0.0798206038949344,,,-0.0665020424750298,-0.6493301357065118,,-0.0675686744655343,,0.1116313508569437,,,-0.2308038337622338,-0.0934485853076337,,-0.6512072439819108,,,,-0.3909320831255795,,,-0.3656777077829709,,,,0.0035985694139283,,-0.1864854662136655,,,,,-0.6427640083133627,,-0.0547190217655019,,,,-0.3158379575812076,,,,,-0.4713905580958152,-0.5869674510630707,-0.4438329969191543,-0.4711297587462207,,,,-0.4967111685294139,,,,,-0.0469633266015538,,-0.770802168283228,-0.0197193884528074,-0.3218997722407272,-0.5239360504390903,,,,,,,,-0.0395349482318466,,0.0,,,,,0.0332562323310203,,-1.601672075243386,-0.5190158595614641,,,1.5372372829728906,,-0.0400825574031944,-0.0059137733689431,-2.241816591704148,,-9.28134245707121,1.7286166343928588,79.70025429116338,,1.6063904494382022,0.1866468423189013,-0.2288704051515964,,,,,,,0.5493233618233618,0.0943122066463867,-0.7952714156628755,0.3738492931867077,0.2670973438988683,,,,,2.2606,-0.1020083163761834
2009-06-30,-0.4750067319585485,,,,-0.3905830972061574,-0.5313293398024919,,0.1843794121422153,1.071733561058924,,-0.1074120525418891,,,-0.0659529913839492,-0.4226838876207537,,-0.0622966200769958,,0.1945817635401467,,,-0.0891288930315495,-0.0999495923308008,,-0.5301875747890367,,,,-0.3924662649216101,,,-0.329709408656777,,,,-0.022926512261219,,0.9535673839184596,,,,,-0.5164439567043156,,-0.0716737924378763,,,,0.0675432632202311,,,,,-0.4750067319585485,-0.3961499164788116,-0.447232550727717,-0.4750786697106188,,,,-0.4925012071501855,,,,,0.1970165644136794,,-6.053274139844617,2.5475617427453985,0.0,-1.823553253771673,,0.0901743938749468,,,,,,0.188676993118034,,0.0,,,,,-1.7343099460292983,2.7655088016567824,0.8229470326164677,-1.806428587361424,,,-1.6247715504112092,,0.6412271032202078,,-0.145083708145927,0.2881949733434882,-1.7695546541511138,-1.873565389883342,0.396694214876033,,-1.826588834269663,0.1109008068083864,-0.214274215186477,,,,,,,-0.1442307692307692,-0.0063766843332183,-1.1061093727830094,-0.2904444013554564,0.0426184556038389,,,,,1.7531,-0.0786606582625064
2009-03-31,-0.4408710298883166,-0.4142167617376042,,-0.0670119341339403,-0.3976622727270246,-0.4408906236353177,,0.1885508920549352,1.071733561058924,,-0.0865043961538286,,,-0.0647522372775616,1.3854681344929547,,-0.0632646526624619,,-1.1684996043758211,-0.2735795142772257,,-0.0892869445401309,-0.1069772803819228,,0.5303118994213725,,,,-0.2391654051029594,,,-0.3363137573663889,,,,-0.0055791088456726,,0.9550773876934692,,,,,-0.2597805330096253,,-0.1061233468300651,,,,-0.4956681946790077,,,,,-0.4408710298883166,1.1261656476541086,0.5899713162647402,0.6209415684580737,,,,-0.4948793532728031,,,,,-3.649062207996507,,-0.9816789718348372,2.9590022700544267,2.5680712961759697,-2.0401711326277865,,0.197755455943461,,,,,,-3.5486398723637835,,0.2178502879078694,,,,,-1.1497815471601132,,-6.842307903855674,-2.031139167094198,,,3.753084069448675,,1.151980674062434,,1.2902923538230884,0.5386138613861386,4.551717558458593,5.049827610636188,0.6579783852511125,,4.571190308988764,1.1655986755389744,-0.0972363831499865,,,,,,,1.6123575498575498,0.6500454730768025,-2.3981808541621548,,-0.1675923128761648,,,,,0.9227,0.5000541887937576
2008-12-31,-0.1352622226176434,,,-0.0591279767178746,-0.0523929403660385,-0.7665230079780265,,,1.0734415029888984,,-0.1525387032532773,,,0.6309628526795756,1.6752482494919434,,0.0852315459480389,,0.1443846773666673,-0.2735795142772257,,0.7655934023626674,-0.1220588933369198,,0.8780478960646073,,,,-0.0951237836532929,,,-0.1690713269660638,,,,-0.0035985694139283,,0.9550773876934692,,,,,0.2345640827062293,,0.3707957320853798,,,,2.289178163314544,,,,,-0.1352622226176434,1.3701367152657271,0.5899713162647402,0.7297340655272413,,,,4857.369336537403,,,,,-5.245401466870765,,0.8706268397432804,2.583062111971118,2.9796384578029778,-0.192839450574195,,0.2482740568661453,,1.3945190156599552,,,-9.0347129506008,-5.126672052090102,,0.9884836852207294,,,,,6.321202775636083,,11.36989164512403,-0.2369788762240414,,,-9.397997258604937,,1.227009404976898,0.9948492941625334,-7.067747376311844,0.6562071591774562,-10.225107830324584,-11.025551409814389,0.7806738715829625,,-10.384480337078651,0.9852457595811348,0.5225650657365173,,,,,,,4.774038461538462,0.6210263325702219,-5.938047480005078,2.033083109424485,-0.3837055283154788,,,,,0.7843,0.5293892643121255
2008-09-30,0.376881756800331,-0.3020330554336697,,-0.0004992434672373,0.3845380413571449,0.0,,-0.0694390963932743,1.0751494449188728,,0.0220279067832039,,,1.48963103716969,1.4104712646999336,,-0.0033955604536349,,0.7118113780061993,,,0.9709631010516504,-0.1393466894819764,,3.139875571763804,,,,3.4723362204529,,,0.0721398089819142,,,,-0.1155697808586169,,0.9565873914684788,,,,,0.2359426805372675,,1.0216697488098254,,,,2.9362182791217952,,,,,0.376881756800331,1.147216230680657,0.6560926378412834,0.8065403837847843,,,,4.122548440667263,,,,,-0.7457073704431162,,-6.151168588846531,5.191956349314881,2.60358259180477,-0.8861517676199054,,0.0685796551385662,,,,,,-0.7751210249228543,,1.4385796545105567,,,,,-0.8010794140323825,,8.93823222044992,-0.9447034418148156,,,-7.340580261955528,,1.3267115416187818,0.9948492941625334,-2.0763055972013995,0.2379284082254379,-7.401574151487689,-8.01525527794833,0.3442466624284806,,-7.526773174157303,0.0022256783073898,1.1168231821840622,,,,,,,-3.3160612535612537,0.876198241707697,-3.138623990919206,0.6702307415307055,-0.8983803127832128,,,,,9.2271,-0.1699992413651093
2008-06-30,0.5596335708756126,-0.2369460289600702,,0.0,0.549482721822627,0.2276523399500658,,-0.1494031574894108,1.0751494449188728,,0.1319216747970968,,,1.8757638309797544,3.2479316555423927,,0.0151608795692999,,-0.6244909514580022,,,0.9980871714858868,-0.1562456910484569,,2.285319851017649,,,,0.2566009299849063,,,0.1987400934769355,,,,-1.635580744559043,,0.9565873914684788,,,,,0.2373726946044284,,1.3922808757959209,,,,3.009617704472178,,,,,0.5596335708756126,2.6942070352410763,0.6872410496122384,0.8427222804960819,,,,4.111204040920182,,,,,1.113124037177671,,2.5887821904807864,4.085660367037716,5.213279801924669,-0.546768745777978,,0.2843961652979092,,,,,,1.1339549826795032,,1.1487523992322457,,,,,2.293035209457723,,-0.312194048732193,-0.5950346858200799,,,-1.5486216874809626,,1.1592279006496704,,0.2489692653673163,0.7402894135567403,-0.9578375077762245,-0.91942568365371,0.8684043229497775,,-1.0050474016853932,-0.2066049740261517,0.9274483498792596,,,,,,,-1.86502849002849,0.6431670168616259,-0.9238363366166576,-0.1200705428289151,-0.7343666488508819,,,,,6.9203,0.113333236998396
2008-03-31,0.3728775904879202,-0.1886792452830188,,-0.0021068755878464,0.3529391214922764,0.2298267964112433,,-0.1020408163265306,1.07600341588386,,0.1482085421205696,,,-0.0458165612599591,2.4687605343504098,,0.0041699865220078,,-0.038284805853786,,,0.9974995440821868,-0.1684136050977298,,1.378874136850339,,,,0.2241033497054596,,,0.12375533428165,,,,-1.9706102095039368,,0.9573423933559834,,,,,-9.423031099592446,,1.1237749154881738,,,,-0.4460114491259623,,,,,0.3728775904879202,2.038208916495029,0.7302029108679485,0.8926266428086629,,,,4.126340619619545,,,,,2.481629899854258,,-11.4445141469221,8.944657167081475,4.106643320771235,-3.166088718757037,,0.16176422471616,,,,,,2.5492980596504293,,1.0115163147792707,,,,,-6.013518375738885,-2.065329944460134,-3.931961938287223,-3.183377573554014,,,1.4715199512640875,,1.6982902174167975,,0.4261931534232883,0.4548362528560548,2.559675735834546,2.867283804845794,0.5705657978385251,,2.5550386235955056,1.8506697558595089,1.0236114837671049,,,,,,,-0.2325498575498575,1.5422586006836645,1.329604432861122,0.2246105832710082,-0.8176515697255594,,,,,7.843,-0.0705852352416167
2007-12-31,0.229214831208807,-0.2340207693432792,,0.0567876664712858,0.1908306964054993,0.3782530260181847,,,1.0111016225448335,,0.1187387397930755,,,1.1663818676436413,5.890982114478893,,0.9279113580007892,,-2.1265198864667494,-0.2614546085333032,,1.27165812242913,-0.1770529823030653,,4.064767953253938,,,,0.2785668034645435,,,-0.0748831538305222,,,,-0.2286727291214451,,0.8999622499056248,,,,,0.2374369648995817,,0.7026924093014228,,,,3.048263987892878,,,,,0.229214831208807,4.919438543001249,0.8453203017104005,1.0263466403405936,,,,5365.353978212646,,,,,3.2271222009415803,,-0.0258971513133555,8.949812652134671,8.967135636460634,8.593199729790587,,0.3634459967935085,,-0.481469052945563,,,-32.75807743658211,4.40134461862544,,13.46641074856046,,,,,62.65335389360062,,-7.984764314394147,9.138497914389596,,,-11.111293024672555,,1.5242395102844948,,-3.8452023988006,0.9242955064737244,-10.516871531618008,-11.301752231615737,1.0603941513032422,,-10.679775280898877,1.6046228433040377,2.576227528843574,,,,,,,-2.905448717948718,1.1632535725112638,-8.761606762801604,1.3199172691430523,-2.162340529361188,,,,,14.4865,-0.0191074448624581
2007-09-30,0.8015468632495079,-0.1768319438350153,,2.924172925668952,0.6986879862532226,1.2953887669145303,,-0.1907970735463997,1.0811272416737832,,0.294523776550682,,0.0,1.4122506247972748,5.8946131545744365,,0.0247667413789251,,20.64872202501506,,,13.988020506170088,-0.0985978530401701,,21.467227508896983,,,,0.2188059102097542,,,0.2642755537492379,,,,-0.2398663135883572,,0.9618724046810117,,,,,0.5857948186894805,,0.1915308097499959,,,,38.16118702432391,,,,,0.8015468632495079,4.922495580674981,1.4968022946988209,1.7831060652804345,,,,4.655156760804296,,,,,-19.188846372863463,,5.995560488346282,6.395358695949457,8.972292708283462,-10.755505516775502,,-0.3075614304878448,,-0.4245712155108128,,,,-18.08354691496775,,2.098848368522073,,,,,-20.04353636597276,,9.85132830977394,-10.7520688809083,,,-7.808292720073104,,1.7921289021272604,,-4.147832333833083,-0.6376237623762376,-4.17513075970234,-4.637037736740188,-0.5692943420216148,,-4.261279845505618,1.7693412813157043,5.768553796619265,,,,,,,2.633190883190883,-1.4273737468769927,1.0649172199030683,0.2652650434429333,-4.927148932214812,,,,,22.0066,-0.1041634680514788
2007-06-30,2.4336234151600813,-0.0238408658768465,,3.247904199779174,2.30433167593981,2.24233443863184,,,1.210930828351836,,0.4393260552817238,,0.0,4.356450231836761,4.095495391372187,,52.09103974146083,,50.58569074529788,0.4856185309150403,,29.944049765962188,0.049517058362135,,24.343503778950804,,,,3.4861980042099754,,,0.5544604755131071,,,,0.2204499538021494,,1.076632691581729,,,,,0.589156155125998,,2.6263702777163744,,,,43.03055293575768,,,,,2.4336234151600813,3.4077861208867843,1.5894826304047591,1.8907632504473373,,,,4.8281186855600735,,,,,-3.582055069160276,,1.754347021827599,5.643765555342833,6.417052535104339,48.184057644674624,,0.6783365507312764,,-0.4277032065622669,,,,-2.29945924408493,,8.289827255278311,,,,,115.6082755075816,,-3.5557450085253834,47.34621132698356,,,2.287046908315565,,2.400286136454253,,4.74622063968016,1.6572734196496572,8.674224172572414,9.713125206631087,1.8251748251748248,,8.743591994382022,2.8394911953443187,7.4406224845720415,,,,,,,9.706374643874645,5.510897858061279,1.4099575084572358,0.7002391438833643,-6.375293379499454,,,,,25.1542,-0.0860791385667116
2007-03-31,2.6838667001136867,0.0238408658768465,,4.561048274968989,2.6008068808123177,2.1717941072832243,,-220.55288152997048,1.203245089666951,,0.4380608160078125,,1.0,1.2854576026426034,3.5661436813160354,,51.161936958739474,,53.79585066457603,0.4708523581515815,,31.5134647727503,0.039654786581162,,2.7898602901944125,,,,1.6539878574023144,,,1.102519813046129,,,,-0.0820067108456638,,1.0698376745941864,,,,,-19.54895749564368,,2.4828842390161583,,,,37.22495777860637,,,,,2.6838667001136867,2.9621154376348096,1.3967704238818657,1.6669093601530205,,,,4.815071018995442,,,,,-3.257909705086146,,8.383438691309173,2.074269069824686,5.6652280670556125,-11.314028371988291,,0.8547590223472826,,-0.4273303504847129,,,-0.1246995994659546,-1.8978658088096223,,3.0777351247600766,,,,,-31.83166281161655,-0.7412218770592112,13.401573070788183,-11.35085097365662,,,-8.49360341151386,,2.332199732626592,,-4.928410794602699,2.067936024371668,-2.4630571974157376,-2.352949511169886,2.2536554354736174,,-2.528484901685393,6.972174460341423,8.853018513549772,,,,,,,-5.706908831908832,-0.1115815222504468,6.957456182930199,1.077116977369048,-7.598540654846281,,,,,24.9712,0.0242090183841993
2006-12-31,2.9687371266921696,1.5193798449612403,,4.7298598710486495,2.84854472697221,2.719419823694347,,,1.205807002561913,,0.5645840932245981,,1.8945328719723185,5.06628455958472,1.0521251697535323,,59.25792111279069,,62.45630349092968,0.5897915051480361,,35.29055135660878,0.0347406039426482,,30.611330118160204,,,,1.559085176419626,,,0.8647632595001016,,,,-0.2693798877989045,,1.0721026802567006,,,,,0.7990083093457846,,2.981329652733223,,,,52.2545456539381,,,,,2.9687371266921696,0.8455182368109502,1.4257941145224688,1.7006231875115692,,,,5516.147146184481,,,,,2.3493948323070017,,-5.648892534864643,4.469655115827476,2.094632951910647,65.160549425805,,-4.380721787782613,,-0.308538404175988,,,182.60053404539383,0.8111792648308593,,2.8790786948176583,,,,,146.9768696993061,-3.968370516803163,4.940817336780155,64.41480225736656,,,0.3815488882120012,,1.873654337781739,,-10.643147176411794,-10.11881188118812,7.443248485159356,6.546781278042791,-10.46185632549269,,7.497717696629214,21.87774276084448,8.602951435470889,,,,,,,2.02261396011396,3.287567556266399,21.041617815083377,4.267665715631146,-7.381962679803871,,,,,36.4389,-0.0971708805699403
2006-09-30,3.3123860403791165,,,5.059436383091834,3.207395716031666,2.6972415724753565,,,1.203245089666951,,0.5688121769852585,,,5.298471778798774,2.7392104173288256,,55.5364315340338,,62.67742474066654,0.5352004546621799,,36.12387185669997,0.0093129864170545,,39.29806830602508,,,,11.62061037873985,,,0.9358870148343832,,,,-0.315621946852578,,1.0698376745941864,,,,,0.8021639808378115,,2.8211472042355656,,,,57.25762726734367,,,,,3.3123860403791165,2.265905515641978,1.4471688090938064,1.725451965200222,,,,4.79067895268373,,,,,5.713125177696982,,9.308401293249046,0.506974263599814,4.490756256540385,-66.11002026570593,,2.2459837057880443,,1.503765846383296,,,,7.939910779056699,,3.1276391554702494,,,,,-153.87494217424828,,4.673505307738848,-65.6345832125092,,,-3.773301858056656,,1.5212374228956071,,-6.590610944527736,5.306321401370906,2.7260695113789657,3.800642327492562,5.632549268912905,,2.723446278089888,5.239739303745798,8.62151864770593,,,,,,,-4.729700854700854,-2.118104556715903,5.3979792246973695,0.6823356693720396,-7.398043362070969,,,,,36.7042,-0.0920085993917371
2006-06-30,2.6685538963365247,,,0.4521961600850588,2.54715656664627,3.0185310673208106,,,1.2006831767719897,,0.6181474062269797,,,5.761175948629298,-0.0517302821038843,,31.43831770829455,,17.174611816459418,0.1832363744993773,,9.546473222427103,-0.0001921368556916,,4.31367622757624,,,,2.091996760169031,,,0.6807559439138386,,,,0.3034380926697936,,1.0675726689316722,,,,,0.8053196523298384,,4.679079346765367,,,,3.0550852104489725,,,,,2.6685538963365247,-0.0838374337101247,1.466078827153936,1.7474177824396866,,,,4.765065676200944,,,,,5.364676976418134,,-3.660859914105101,2.057284686705139,0.5268557593001703,3.6038279666741726,,3.1790072964041487,,1.4580536912751678,,,,7.686551544134273,,3.8291746641074855,,,,,5.090670778720123,,2.329519828392278,3.391983225892797,,,-1.31948674992385,,1.5758144334732744,,-0.3828398300849575,7.478141660319878,3.914243359734858,5.4313984791952015,7.898601398601398,,3.926000702247191,3.833347775917978,6.633431714515696,,,,,,,0.1317663817663817,2.0783182279089703,3.036375448998947,0.7005161445204657,-5.676201984523505,,,,,48.5707,-0.0875116067917489
2006-03-31,2.2862165550639992,,,6.3366851937678055,2.1421048006187795,3.113665043353602,,-27.658452060069312,1.1981212638770282,,0.6598983517430199,,,1.803489419768076,1.0401629633910254,,6.398903889257072,,48.610248481020925,-0.1832363744993773,,27.5556199469109,0.0239266896176024,,2.116523261656729,,,,2.8477798358876707,,,0.7703718756350335,,,,-0.4621464980260918,,1.0653076632691585,,,,,-8.414427717207488,,0.9883994241873656,,,,4.262869300111859,,,,,2.2862165550639992,0.8354470410794506,1.435015404228195,1.711334608502499,,,,4.7566136163327215,,,,,-26.05310094980819,,-1.6191027682607086,2.739682192380275,2.0776433412900888,-10.47462283269534,,2.114452115302817,,1.443661446681581,,,-1746.0702269692924,-2.6872366305182025,,1.268714011516315,,,,,-26.80673348753534,-6.308575731902476,-0.4754413948627688,-10.43523454752292,,,0.730543710021322,,1.8517484813659493,,1.466079460269865,5.0001523229246,7.346022828456049,8.784820289991972,5.3130959949141765,,7.399315308988764,4.34488892132136,7.990770056345586,,,,,,,-0.3951210826210826,3.485244770596168,3.632033694523893,0.7752970831832913,-6.8517649245927545,,,,,40.8203,0.053304360820474
2005-12-31,4.306777259430862,2.200965335673541,,7.294206901487166,4.236538567560029,3.1203540569273907,,,1.1904355251921437,,0.6646855854397357,,1.8945328719723185,6.822464118429997,1.5207797586369634,,104.31404466353422,,51.50287825664032,1.2489233498276362,,29.372730035865533,0.0,,46.67458027486104,,,,1.940554967703217,,,0.8444421865474497,,,,-0.365736667830823,,1.0585126462816157,,,,,0.8139832881165028,,3.836367851539544,,,,3.0604478757704032,,,,,4.306777259430862,1.240086926906797,1.5222989482630405,1.81272289751342,,,,5441.133797232513,,,,,-6.301072658412022,,1.822548215348485,1.9590979952410907,2.760250877180983,32.859085791488404,,-7.178745541995223,,3.2426174496644293,,,-377.0485981308411,-1.2650410085144048,,8.546065259117082,,,,,70.16679516833719,-5.665254636166808,23.05285737858204,32.15324217617274,,,-10.56198598842522,,1.9416469263784968,,-19.268771864067965,-16.631835491241432,-3.004346513638164,-5.841543475180655,-17.257469802924348,,-3.0763254915730336,4.445938365129823,11.098363294875234,,,,,,,-0.1143162393162393,-2.60005644933672,-7.337953386254845,4.21734393322438,-9.543187786117633,,,,,43.1667,-0.0122626993878612
2005-09-30,5.000469591947235,,,7.858062356020229,4.931246462186264,3.3913087999229004,,,1.1870196413321947,,0.8633437556280716,,,7.975323769885703,0.9710094676721854,,122.5694861236252,,88.84478465704102,1.5142449832892042,,49.98843387165407,-0.0055764896822508,,49.95067938231379,,,,2.1902565919053862,,,1.6475309896362529,,,,-4.1342080715823535,,1.0554926387315968,,,,,0.8112678681462759,,4.700276152838358,,,,45.49177505318799,,,,,5.000469591947235,0.7772254747733576,1.2766811855943907,1.5274140803356575,,,,4.739227439949802,,,,,13.668576493408208,,-3.806463028197333,3.571301589038099,1.979426429651111,-35.80049538392254,,3.595720315414063,,3.191909023117077,,,,14.926662133047978,,8.696737044145873,,,,,-143.73328193266514,,30.72377756999065,-35.868573085588096,,,0.9704157782515992,,1.965522902643244,,1.3888993003498251,8.448134044173647,7.744552616637758,9.753412364804232,8.910680228862047,,7.802668539325842,4.571908108675128,8.14585457472498,,,,,,,1.3514957264957266,3.4499534815651103,3.980359796578273,0.7825267998116395,-6.986080449887296,,,,,42.6183,-0.1069681334074798
2005-06-30,3.5752685610560344,,,3.2052205872329984,3.419427366807624,3.767423510030509,,,1.1818958155422716,,0.8857734701560224,,,6.641239229936582,2.106494457125796,,115.79777054649162,,56.62618959472114,1.41629654561858,,32.47939454114405,-0.0223059587290033,,21.659723481296915,,,,1.1265181067294177,,,1.1301564722617354,,,,-2.4048965300772323,,1.0509626274065684,,,,,0.8149505560585599,,4.720535699844185,,,,3.041859495975259,,,,,3.5752685610560344,1.733210619354211,1.0047593753319877,1.2115505645708644,,,,4.726726104251177,,,,,4.126548764125128,,4.329006417989674,1.7252687142739929,3.5921262319861564,-12.411664039630711,,2.718843045512548,,3.195264727815063,,,,4.465919264040698,,5.816698656429942,,,,,25.042868157286044,,-32.30460370716682,-12.565501550266555,,,2.3133566859579653,,1.7700823228651172,,2.453429535232384,6.407006854531607,6.990988728799503,8.616256553157323,6.780991735537191,,7.039984199438202,3.4643595017764377,5.320633217064663,,,,,,,2.2548076923076925,3.969099214936077,2.4432263701468906,0.6971090366841177,-4.539214091511166,,,,,57.8507,-0.0454549383153532
2005-03-31,3.059720303244791,,,0.9310899183489864,2.901294928528657,3.586238883016049,,-444.2092157617764,1.17933390264731,,0.8885048525762184,,,0.2264382143536222,0.8063220549568031,,103.0635699552471,,50.18857843884521,1.2308089724433218,,28.338368016858823,-0.0299959538238624,,0.601731220505276,,,,0.4279148890087155,,,0.76153220890063,,,,-3.482805115804086,,1.0486976217440545,,,,,-39.18689078789758,,5.118702157140778,,,,75.4436865308271,,,,,3.059720303244791,0.6385721931204489,0.8451078295973653,1.0260998334053186,,,,4.705612023135505,,,,,1.832648342866174,,-2.172143672891634,2.6427536033695267,1.7455251800529386,-17.404728664715154,,2.0586984262016164,,3.7556674123788216,,,-0.0320427236315086,2.0976084180724945,,7.674664107485604,,,,,-43.62688254947314,-12.148922150051774,0.2012540564325394,-17.598045994958845,,,0.926591532135242,,1.6712010694936323,,1.3489817591204398,4.87037319116527,4.158131447736374,5.292731308742266,5.177685950413223,,4.172840589887641,2.734428233276627,3.769627045881406,,,,,,,0.9031339031339032,3.0197886285947253,1.5481409016570955,0.604350756673407,-3.1959194106848234,,,,,62.682,-0.1197233655594907
2004-12-31,2.857069530405421,0.4339622641509434,,0.1825867967993893,2.658515070745357,3.9466294418995473,,,1.156276686592656,,0.9099313480909906,,0.0,6.207092427742863,1.4525123522783092,,108.66057054351306,,52.29246426678862,1.3138437499063906,,29.78481084476505,-0.1435104081664945,,2.440000414415441,,,,0.2742620698368578,,,0.22007722007722,,,,-1.0610121086997848,,1.028312570781427,,,,,0.5992144563174888,,5.143990467820808,,,,0.907529664641502,,,,,2.857069530405421,1.1826113750993337,0.3473706576011898,0.4479299068303819,,,,5414.028234057784,,,,,1.8852784211302385,,1.8518554263378848,1.849711456937341,2.6632924552176025,8.55852285521279,,10.344795995157543,,3.2972781506338555,,,,2.0649192900991986,,8.239923224568138,,,,,13.854484708301207,5.967429163136591,-7.045652054342446,8.095112756797752,,,3.958879074017666,,2.124187911907498,,-5.445839580209895,24.15811119573496,6.664055532596902,11.012185330373589,25.30228862047044,,6.709094101123595,3.062642810557377,2.596887577139791,,,,,,,4.012108262108262,4.737918273904726,-6.867454764056188,3.371790255117587,-2.180233774080357,,,,,74.9265,-0.0752977918359993
2004-09-30,2.6873628437477546,,,0.2830650822644184,2.49214980624926,3.840728593500122,,,1.1545687446626816,,0.895896034521657,,,5.831097319243756,0.893967850366475,,79.6957548047925,,38.421415971602165,0.8893258685515432,,21.805941115681545,-0.1575861281711058,,3.596721973860746,,,,1.7484302838461938,,,0.6005893111156269,,,,-1.1909319587446563,,1.0268025670064176,,,,,0.6003423999974292,,4.76959579894003,,,,0.6860592634834295,,,,,2.6873628437477546,0.7123627576588119,0.0321470307022203,0.0817671376565681,,,,4.68491572444678,,,,,-4.878845077559387,,1.0347922598079429,1.4039876377758935,1.8700062240522,1.731006530060797,,-4.814841474986094,,4.689522744220731,,,,-4.788745417696748,,2.830134357005758,,,,,-5.505885376509895,,2.339145261536769,1.583190203207602,,,4.067544928419129,,2.14086356920046,,3.665948275862069,-11.12932216298553,6.410410186451656,5.2652434704576585,-11.516211061665608,,6.45237886235955,2.447625867125181,2.129863160719077,,,,,,,3.530804843304843,4.707038396002551,0.8837195408822409,0.6645706951792656,-1.7757534915065183,,,,,72.3666,-0.0785334670966993
2004-06-30,2.954618834269578,,,0.2224368192909039,2.799829202404158,3.503368600487295,,,1.1528608027327072,,0.8729819401072397,,,6.402298359184799,0.5800418003024261,,68.21542448228873,,32.84114781825969,0.7214847214608664,,18.55852971570992,-0.1639673322136652,,2.211113586092218,,,,0.2708868698855906,,,0.5562893720788458,,,,-2.4985831185538525,,1.025292563231408,,,,,0.6013482301165782,,5.32289308108283,,,,0.3473340205733336,,,,,2.954618834269578,0.4480627949595368,-0.0542441304578774,-0.0185845622261985,,,,4.677395640761746,,,,,5.659504476945624,,0.3628174813813958,1.2439077756201624,1.4241452187651753,2.882909254672371,,2.6492163727382785,,3.169910514541387,,,,6.016645497637502,,1.8464491362763915,,,,,-0.6064764841942946,,-1.4088333975028875,2.7700028997791706,,,2.910485836125495,,1.246663695851021,,2.771333083458271,6.244935262757045,4.65939432277363,6.051764039106409,6.611888111888112,,4.68017029494382,1.5664761765765602,1.5938288167426884,,,,,,,0.073005698005698,3.3437660070457134,0.5331531114413519,0.3269623186799996,-1.311505123974624,,,,,73.694,-0.1111664450294461
2004-03-31,2.561789640180435,,,0.0505564945952208,2.323107129776151,4.269331429931001,,-304.27801309202925,1.1443210930828351,,0.8703883946480249,,,-0.0304523271290642,0.4672965606248856,,70.59117005353964,,33.99966607867477,0.7563730179672712,,19.15786103625053,-0.1751700411172871,,0.295866723994136,,,,0.2127233306184331,,,0.4930908351960983,,,,2.157152267231356,,1.0177425443563608,,,,,-36.61908040454937,,4.774048749979782,,,,51.53203342618384,,,,,2.561789640180435,0.3531405588621657,-0.0929565494528843,-0.0635527858332819,,,,4.636935019567483,,,,,0.7960075306860794,,1.1619617494249546,0.7441265760468233,1.2640160867810706,2.8575095699166853,,2.226352125118608,,3.153281133482476,,,,0.9591276622751088,,2.304222648752399,,,,,-0.6886147519917759,-5.611409206438859,-1.6835157582091194,2.723561821061319,,,3.764887298202863,,1.6498581044632596,,3.718953023488256,5.2606245239908604,5.536680243874389,6.854626174845322,5.584869675778767,,5.568074087078652,1.610150552542883,1.475234773276093,,,,,,,2.562321937321937,4.239470630664534,0.2311868507717928,0.4424069508693203,-1.208793251690563,,,,,98.3122,-0.1033717076822612
2003-12-31,2.437312502122245,0.6805616498464239,,-0.0552958997287387,2.229886249565364,3.8737911738752007,,,1.139197267292912,,0.8490145632551369,,0.0,5.499917356501682,0.1152975622911188,,65.52113661918342,,31.732362057826464,0.6827290732445631,,17.74397276650929,-0.2348590506630982,,0.6571385649829312,,,,0.941098699780928,,,0.2499491973176183,,,,0.8830995442106799,,1.0132125330313326,,,,,0.6046324421989118,,4.604621812947157,,,,0.094016625359156,,,,,2.437312502122245,0.0567862992815556,-0.1525337299479443,-0.1327574504843586,,,,3961.991151046826,,,,,6.440346359421627,,-5.142176969229037,2.92411727702869,0.7640810631501912,5.108308939428056,,-8.344468802146386,,2.4571588366890382,,,-2.1543391188251,5.24023667843222,,3.419385796545105,,,,,3.0558211256746337,11.074461075025887,0.4645509047907156,4.901385202203832,,,3.6321200121839774,,2.033327860778197,,-2.601917791104448,-19.345316070068545,5.064125390575577,2.525244415056912,-20.0886840432295,,5.089799859550562,2.6614551740179424,1.077595921652804,,,,,,,3.665242165242165,4.2319440524351615,-4.081652465480289,2.307627674210317,-0.8644063857969465,,,,,82.9855,0.0758228847208246
2003-09-30,1.8803822436334623,,,-0.0523123662436444,1.7851203579926342,2.4095386959887,,,0.910333048676345,,0.8337835790667267,,,4.41065417610646,1.6506785325589683,,118.04295086117668,,56.13368467664076,1.4516331865266845,,32.01264817328929,-1.2307269780489294,,1.4384877980553556,,,,0.8320634970771581,,,-0.032920138183296,,,,0.4953559002833763,,0.8108720271800679,,,,,0.6064095158599004,,3.626975635793117,,,,0.0,,,,,1.8803822436334623,1.3494510306352476,-0.213045787740359,-0.2030480656506448,,,,3.703737626208456,,,,,1.2129357700256862,,4.364200807476395,1.06312392309165,2.944742727776372,3.48790812879982,,5.022805352877662,,2.2581282624906787,,,,1.387378102957976,,0.9625719769673704,,,,,0.621485479311231,0.2648969217735103,-0.8368076563445355,3.410407976623319,,,2.5051781906792567,,1.476675188216807,,2.129341579210395,11.76999238385377,3.707562949454768,5.871676191375808,12.376668785759694,,3.716818820224719,1.615696505046543,0.9872283337805206,,,,,,,2.489850427350427,2.9996132175076573,0.4914830220522892,0.3647544389352095,-0.7861408686356982,,,,,61.1295,0.4604683499783246
2003-06-30,1.7586429003304254,0.8095655989469065,,0.063368138384155,1.6403509729567745,2.6141544466429947,,,0.910333048676345,,0.8567997508531913,,0.0,4.19613278138247,0.339969372128637,,0.6723060770107154,,-0.2805302089911946,-0.2666789754415432,,-0.0334704463941966,-1.2447755728503842,,1.1178286702962552,,,,0.2761752847824958,,,0.617862223125381,,,,1.180675593830266,,0.8108720271800679,,,,,0.2603653926955203,,3.454192163987988,,,,-0.2205053407321299,,,,,1.7586429003304254,0.24594151895039,-0.2242643153086157,-0.2160794718331585,,,,3.636924575006809,,,,,10.041966222705948,,0.6955556627901366,0.7616032601263573,1.083176592092034,-0.0924566539067777,,3.297451166443085,,,,,,10.347107632534794,,0.6583493282149712,,,,,-5.068979696736058,,-1.6951212804576206,-0.1221922330530213,,,2.258033810539141,,0.8982104744705303,,1.8938030984507743,7.753846153846154,3.285095354627107,4.788929296745856,8.186268277177367,,3.289238061797753,1.1061621187727757,0.8127716662194795,,,,,,,1.0115740740740742,2.3040319461431515,0.4257368810162125,0.1271894592024228,-0.6350475216694165,,,,,46.5512,0.1029855299111515
2003-03-31,0.9020558598573376,0.8575398566622788,,-0.0583612205395237,0.7861542047376818,2.239358866632333,,-3.694711847002952,0.8719043552519214,,0.8484157526840822,,-0.0904844290657439,-0.0622284415424632,0.1276064992728288,,0.8378843275524414,,-0.411739512329682,-0.2710360638934343,,-0.1960770805049543,-1.2953324306668506,,0.0268541205845329,,,,0.0623554654098408,,,3.7796179638284895,,,,-0.3956215931848224,,0.7768969422423556,,,,,-16.934297280643474,,2.1319426128307013,,,,0.1679095475182593,,,,,0.9020558598573376,0.0671494137299103,-0.0571337511951556,-0.0219411365459369,,,,0.8203318638639894,,,,,0.927209613600204,,0.1135935916614389,0.7074638295544676,0.781563126252505,0.2200855663138932,,-0.0256519320747308,,-0.517710663683818,,,-2.1543391188251,0.9959256273583994,,0.7600767754318618,,,,,1.1455666923670007,-4.616210110138379,-0.3240195808811396,0.1826860877517789,,,0.1111026500152299,,0.4751741445223632,,0.11587956021989,0.0185833968012185,0.0560066617450138,0.0728758324280923,0.1153846153846153,,0.021067415730337,0.3501064950583556,-0.1571773544405688,,,,,,,0.4172008547008547,0.6142105978402902,-0.0982010171086334,-0.0935154150854547,0.2050054609253363,,,,,29.647,0.7318885553344353
2002-12-31,-0.4390508346444091,,,,-0.3951931039037813,-0.0690645921990621,,,0.1494449188727583,,0.8446948049119372,,,-0.0473973511826719,0.089475762566577,,0.5761432092514129,,-0.333485775677461,-0.2695241542006281,,-0.1684342769143482,-3.018603368498145,,-0.114233616344545,,,,-0.1477101208619394,,,1.2887624466571834,,,,-0.3522972931154151,,0.1381653454133635,,,,,-0.4574631068421352,,-0.0795902456908403,,,,-0.4425021384861711,,,,,-0.4390508346444091,0.0350464637290994,-0.0595984277063635,-0.0248040969951255,,,,-0.6618203905140894,,,,,-0.1724432612009179,,-0.0800720616384371,0.735648059513716,0.7274070324950241,1.6004503490204909,,-0.0222491247586951,,,,,,-0.1925471007396411,,0.9117082533589252,,,,,3.2440503726548444,,-0.0024751113800121,1.5430394146907274,,,0.1954386232104782,,0.6349649365574501,,1.5587518740629684,0.0265041888804265,0.1095198019644076,0.1323855854153875,0.1236490781945327,,0.0752282303370786,0.5811574439361669,-0.2098202307485913,,,,,,,0.0341880341880341,0.8297425283030703,-1.441232478772898,,0.2505983779889852,,,,,30.6625,-0.0662405218100286
2002-09-30,-0.4145896742942894,,,,-0.3669533671798964,-0.1008110541897439,,-4.280259273520729,0.1494449188727583,,0.8381351959527947,,,0.0179499192827787,0.1093260905159544,,0.9737663169338684,,-0.0294794456906001,-0.2601322321881543,,0.0096370894206804,-3.0208072912546085,,-0.1562035401439057,,,,-0.2394271184681646,,,,,,,-0.3430488813046803,,0.1381653454133635,,,,,0.0627438756434059,,-0.1494128112919661,,,,0.2679687671353059,,,,,-0.4145896742942894,0.0517588102690517,-0.0676298735790927,-0.034133399148516,,,,-0.6602472789910876,,,,,0.1250628303941879,,1.3357139410317038,0.1620080409156797,0.7555999370755162,-0.4902949786084215,,-0.0282694761639891,,,,,,0.114432122229498,,1.1209213051823417,,,,,-1.893035209457723,,-0.0812386557395082,-0.5377975061899132,,,0.4699969540054828,,0.9658512559514038,,2.274081709145427,0.0124904798172124,0.3965132881653382,0.4427809002030888,0.1090273363000635,,0.3656952247191011,0.8782307681782732,-0.2128789911456935,,,,,,,0.3281695156695157,1.308558346661649,-1.9276523609316776,,0.2781586224525364,,,,,33.1849,-0.1401782135850943
2002-06-30,-0.450620327277159,,,,-0.3998754362052693,-0.1497694534042893,,-2.1673726094211268,0.1494449188727583,,0.8283091110881383,,,-0.0397720282205798,-0.2946921321043659,,0.4834503659907813,,0.035032702512395,-0.2673046533432348,,-0.1243460112257097,-3.0226292007332844,,-0.3619349056945862,,,,-0.2192751893473635,,,,,,,-0.3490081829876967,,,,,,,-0.3712927086153527,,-0.0911561002172776,,,,-0.0930844647204614,,,,,-0.450620327277159,-0.2883913656930637,,-0.0574319738384648,,,,-0.6614588480292319,,,,,0.0208193653661759,,-0.230886776367643,0.2543007958865519,0.1817833619457344,-0.272145913082639,,-0.0336354415469685,,,,,,0.0068693569686734,,0.4923224568138196,,,,,-1.29432022616294,,-0.2795225785160332,-0.2924761883518101,,,,,0.794310106245749,,2.015461019490255,0.0,0.4028012989690757,0.4476928163226751,0.0959949141767323,,0.3720593398876404,0.724531262114668,-0.2224309095787496,,,,,,,-0.0124643874643874,1.135447047386082,-1.6759889178471947,,,,,,,39.9661,-0.0983723851229784
2002-03-31,-0.4710865341613664,,,,-0.4146061147613555,-0.2213849661332923,,-0.948016942626107,0.1451750640478223,,0.8167496614217102,,,-0.0590961908182452,-0.2296897724098741,,0.2004869948545345,,-0.152848857045377,-0.2714438873725313,,-0.2018844602946242,-3.0317071020563167,,-0.2313992219350093,,,,-0.0527713414840501,,,,,,,-0.3840036074111078,,,,,,,-0.2902992826631682,,-0.1020270976994452,,,,-0.3014497839580637,,,,,-0.4710865341613664,-0.2336647151359854,,-0.0485962855556241,,,,-0.6656382791541834,,,,,-0.0216307633903077,,0.3279769660119995,0.1090309876104258,0.2741045230392526,0.0371537941904976,,-0.0208094755096031,,,,,,-0.036932460569706,,0.2322456813819577,,,,,0.3829863788229247,,-0.3933226995214784,0.0260087885614864,,,,,0.6279757018551962,,1.4275049975012497,0.0298552932216298,0.0759548339499742,0.0963491238841921,0.1271455816910362,,0.0412570224719101,0.5186195321514738,-0.225650657365173,,,,,,,-0.0231481481481481,0.7418906346368949,-1.338834581693538,,,,,,,22.9313,-0.1139271320764923
2001-12-31,-0.4691181437009268,,,,-0.4100329531826813,-0.2493276351731885,,-1.1429213194711847,0.1443210930828352,,0.8100515653272425,,,-0.0182218350336352,-0.3320041992930548,,0.2457164558093124,,-0.0546324324716711,-0.2707822634911117,,-0.1901035440011347,-3.0342500898522355,,-0.4160005801816175,,,,-0.2785036312729422,,,,,,,-0.34598432367673,,0.1336353340883352,,,,,0.0996157439728522,,-0.1543617807059635,,,,-0.2681442326672954,,,,,-0.4691181437009268,-0.3198050631679668,-0.0576011898438329,-0.0224841118035416,,,,-0.6656382791541834,,,,,0.0200405536080735,,0.4158342582315945,-0.073585318491371,0.1287900032146203,0.5164602566989417,,-0.0177992998069561,,,,,,0.0060657464373406,,0.3867562380038388,,,,,-0.7228475970187612,,0.7602992134646059,0.4936316388213513,,,,,0.710298566972348,,2.2132058970514743,0.0368621477532368,0.0923903932231916,0.1153355688849005,0.1344564526382708,,0.0578915028089887,0.9706146611997684,-0.2269385564797424,,,,,,,-0.0274216524216524,1.2678102884142963,-2.0789192660687483,,,,,,,17.002,0.0597282672626749
2001-09-30,-0.4851932447197886,,,,-0.4372792363289597,-0.2843960161066387,,,0.1443210930828352,,0.8030914489720419,,,-0.0631945626791903,-0.460621996205226,,,,-0.1031816894967224,,,-0.2713258090008308,-3.035995144588635,,-0.4442274519148583,,,,-0.2071641777575225,,,,,,,-0.3489374494365631,,0.1336353340883352,,,,,-0.3030954984281896,,-0.1003095801635782,,,,-0.4254929484789331,,,,,-0.4851932447197886,-0.4280906894147029,-0.0267502390311271,0.013352255198371,,,,-0.66622156769642,,,,,-0.1323817057443884,,-0.6710740079460824,0.2058228263545113,-0.0538825090453945,-0.1236208061247466,,0.4178909138500801,,,,,,-0.1507156420772491,,0.7120921305182342,,,,,0.8060138781804164,,0.7977558990154557,-0.1555619995092681,,,,,0.4627905340432019,,0.4111694152923538,1.051028179741051,-1.3438346399422083,-1.2916450196004343,1.19262555626192,,-1.3957162921348314,0.5222864283792228,-0.2282264555943118,,,,,,,-0.0316951566951567,0.0615924985103647,-1.3448386590893815,,,,,,,16.4123,0.0339998168442259
2001-06-30,-0.4700683830111952,,,,-0.4372770529145035,-0.2041459234964778,,,0.1443210930828352,,0.8176488525398086,,,-0.05456235607293,-0.2638331069952902,,,,-0.25144275789978,,,-0.2712933881785577,-3.037064329679719,,-0.395098501370161,,,,-0.3059654854218887,,,,,,,-0.2653127086087152,,,,,,,-0.345661714908218,,-0.0945963111329167,,,,-0.4254052157129384,,,,,-0.4700683830111952,-0.2624105998929631,,0.1804899117665206,,,,-0.6607229082156111,,,,,-0.0451189439442905,,0.4166385175891521,0.0228646445860569,0.2256116328219579,-0.5674397658185093,,0.0810129895625429,,,,,,-0.0606406524376046,,0.9788867562380038,,,,,-0.4851709072217939,,-0.4244541004345195,-0.6076152662220339,,,,,0.6616788235570045,,1.4530547226386807,0.2668697638994668,-0.1507604797185758,-0.113824210078874,0.3744437380801017,,-0.1882022471910112,0.6289183112209761,-0.2275825060370271,,,,,,,-0.0295584045584045,0.758992692946969,-1.5194348400779634,,,,,,,19.6554,0.0262322974528349
2001-03-31,-0.4833125079131771,,,,-0.4389697449717329,-0.1719567397609302,,,0.1443210930828352,,0.814326461640689,,,-0.0267871811856172,-0.3926916890596858,,,,-0.1993437720043264,,,-0.2964276306457822,-3.038221671681062,,-0.4611459622985552,,,,-0.3002890127765757,,,,,,,0.0231033461390533,,,,,,,0.1341578141029915,,-0.1589980428840233,,,,-0.4934200425503915,,,,,-0.4833125079131771,-0.3708989474708486,,-0.013352255198371,,,,-0.6604674181929785,,,,,-0.0465657741559953,,-0.4124241985555502,0.1923255750348713,0.0425971396718351,-0.006169781580725,,-0.0001308772044629,,,,,,-0.0621470018854586,,0.4539347408829174,,,,,-0.0782832176818298,,0.6961663274847368,-0.0272133122169927,,,,,0.2745737270445857,,0.4396239380309845,0.0779893373952779,-0.6495515160260862,-0.6863458177868039,0.1773680864589955,,-0.6930301966292135,0.2468313729425018,-0.2411591092031124,,,,,,,-0.0746082621082621,0.0806389228630267,-0.8938159496374404,,,,,,,17.5261,-0.1217423619037508
2000-12-31,-0.4795784096152636,,,,-0.4389279871702566,-0.1612501016452985,,,0.1443210930828352,,0.8183178819400422,,,-0.0278818036415335,-0.2733393048051085,,,,-0.2881886219938007,,,-0.2958075824198091,-3.0383663394312297,,-0.3975746336308491,,,,-0.3013719646325973,,,,,,,-0.0214587910751941,,0.1336353340883352,,,,,0.1138548278640651,,-0.1562729610679491,,,,-0.4917421534007413,,,,,-0.4795784096152636,-0.2704140380467394,-0.0163815999150111,0.0253964336397852,,,,-0.6604674181929785,,,,,-0.0449788230003641,,0.3625922887612797,0.0323414380658042,0.2121102272804995,-0.3332582751632515,,-0.008899649903478,,,,,,-0.0605196064998306,,0.4433781190019193,,,,,-3.8567463377023903,,1.905615752708872,-0.3507394436885191,,,-0.1605619859884252,,0.2106855547998217,,0.5438530734632684,0.0575780654988575,-0.2944306851860407,-0.3027440608321919,0.1560712015257469,,-0.3336113061797753,0.1583150520617169,-0.2079420445398443,,,,,,,0.0356125356125356,0.1504061216169598,-0.7488817032462344,,0.2489717193781516,,,,,21.2934,-0.0980372440013598
2000-09-30,-0.4687054081777964,,,,-0.4388870481492014,-0.1695684517086951,,,0.1434671221178479,,0.8173874824534199,,,-0.0185837265631116,-0.3860171246400262,,,,-0.2021748441095552,,,-0.2951996920021884,-3.0396027966084453,,-0.3322264987593438,,,,-0.0819478694050307,,,,,,,-0.035304883709621,,0.1328803322008305,,,,,0.1418670360066294,,-0.1600327803447327,,,,-0.4900971640383392,,,,,-0.4687054081777964,-0.3652795121713887,0.0163815999150111,0.0634540630591719,,,,-0.6589071615138828,,,,,-0.0449723057471582,,-0.1702456208077981,0.0988567677706971,0.052076849945625,-0.4182391353298806,,0.0001308772044629,,,,,,-0.0605263312741514,,0.4040307101727447,,,,,-0.2303263942431251,,-0.4041581871184203,-0.4330931721353527,,,0.0207508376484922,,0.4752914135609916,,1.123844327836082,0.0785986290936786,-0.0998926405959268,-0.0876115807868511,0.1780038143674507,,-0.13671875,0.4152349504467319,-0.222752884357392,,,,,,,0.131588319088319,0.5386312081203416,-1.169555444368937,,0.2617990844235819,,,,,28.2547,0.0228995395484965
2000-06-30,-0.4715192747226078,,,,-0.4388472008353744,-0.1941349909799209,,,0.1434671221178479,,0.8141665187520033,,,-0.021284491232954,-0.3391699654232521,,,,-0.2364235574235792,,,-0.2946080119957042,-3.0408369933520647,,-0.3304445123625306,,,,-0.1227390559818425,,,,,,,-0.0822896450501987,,,,,,,0.1424069064859171,,-0.1601052421594052,,,,-0.4884960410589344,,,,,-0.4715192747226078,-0.3258380499829714,,0.104868266798297,,,,-0.6593811838829181,,,,,-0.0444411496108792,,0.3488877093084978,-0.0553018078385252,0.1186126519250104,0.4321549200630488,,0.0017014036580178,,,,,,-0.0599816245541684,,0.8195777351247601,,,,,5.257620149061938,,-2.295418293823222,0.3899979924605741,,,0.0158772464209564,,0.4846729366512653,,1.090704647676162,0.0822543792840822,-0.1099968234736567,-0.098049402540972,0.1818181818181818,,-0.1469452247191011,0.4001295271801842,-0.2283874429836329,,,,,,,0.0507478632478632,0.5164487095054411,-1.1448222300218804,,0.2666790602560825,,,,,26.6167,-0.1153824478616808
2000-03-31,-0.4724084460218007,,,,-0.4388076264483543,-0.2109222767342193,,,0.1434671221178479,,0.8107335982143612,,,-0.0244502964602484,-0.4477448062642665,,,,-0.1535384771735737,,,-0.2940203845920042,-3.0424373803382965,,-0.2780209590609346,,,,0.0703241861503994,,,,,,,-0.074968722507858,,,,,,,0.1448523912165001,,-0.1604334769270583,,,,-0.4869058846752791,,,,,-0.4724084460218007,-0.4172491526248358,,0.1234281483309681,,,,-0.6573115540140455,,,,,-0.0440012350194825,,-0.3198378613135164,0.0748023958646719,-0.0355933710424261,-0.6993469939202882,,-0.0125642116284396,,,,,,-0.0595377894489972,,1.9328214971209208,,,,,-1.3577486507324594,,-0.2689071008195369,-0.7826280921683656,,,0.1107219007005787,,0.9775312521987944,,1.8029735132433784,0.049047981721249,-0.0061795968243627,0.0098710622018608,0.1471710108073744,,-0.0418714887640449,0.772474562047624,-0.2335927019050174,,,,,,,0.2918447293447293,0.9932156260126906,-1.7544899894704613,,0.2711872284061069,,,,,35.6255,-0.1724130187646489
1999-12-31,-0.4863745948650752,,,,-0.438757680842667,-0.2382174275758424,,,0.1409052092228864,,0.8065471256117328,,,-0.0325463766729094,-0.356525759195585,,,,-0.2209615482334836,,,-0.2932787582825069,-3.0441892163754853,,-0.3759835891485317,,,,-0.1858119769962976,,,,,,,-0.1076122563560727,,0.1306153265383163,,,,,0.1499104634450645,,-0.161112375119287,,,,-0.4848989976531485,,,,,-0.4863745948650752,-0.3404502035322165,0.0315096143631148,0.0810267168507435,,,,-0.6573115540140455,,,,,-0.0452981684074521,,0.6264215284144831,-0.1979186609413888,0.0939626693660358,-0.102319297455528,,-0.0469849164021856,,,,,,-0.0606810010835292,,3.166986564299424,,,,,2.100282703675148,,-1.4658709641933887,-0.248577992906694,,,,,0.9652649107582616,,1.8647863568215888,-0.031073876618431,0.0598228338190063,0.0693335852264676,0.0635727908455181,,0.0249297752808988,0.7808117340679288,-0.2401395224040783,,,,,,,-0.0712250712250712,1.034590899112491,-1.7681410510122546,,,,,,,25.7978,-0.1666692508663528
1999-09-30,-0.4927709425768542,,,,-0.4387303881619635,-0.2927294247327858,,,0.1409052092228864,,0.7999153473003786,,,-0.0352804472939536,-0.5481907403661861,,,,-0.0757783633499568,,,-0.2928734980040931,-3.0455454765333085,,-0.4987541635801349,,,,-0.2201054524369801,,,,,,,-0.236700987175123,,0.1306153265383163,,,,,0.1164899099653502,,-0.1566266437348027,,,,-0.4838023380782137,,,,,-0.4927709425768542,-0.5018163831270982,-0.0662275576330606,-0.0325044733757018,,,,-0.6608531599214891,,,,,-0.0466016190486276,,-0.4738052727243481,-0.0023657796132702,-0.1782541191598213,-0.264444944832245,,-0.0731603572947681,,,,,,-0.1161603892299376,,2.9750479846449136,,,,,1.4320740169622206,,0.5362191298608437,-0.4002587495259976,,,,,0.2757229636231442,,0.3561656671664168,-0.092003046458492,-1.379914812278137,-1.5081471685637369,0.0,,-1.4322331460674158,0.5053384353663932,-0.2347732760933726,,,,,,,-0.0534188034188034,0.0247749866716843,-1.317088470528493,,,,,,,22.7266,-0.1171182667006943
1999-06-30,-0.4849795066810247,,,,-0.43870309548126,-0.2415303113809605,,,,,0.8149343746525631,,,-0.0284949811162713,-0.4104616332938445,,,,-0.1788584246172608,,,-0.2924682377256793,-3.088267671504748,,-0.4215692876716586,,,,-0.2146906931568723,,,,,,,,,,,,,,0.1569801959119272,,-0.1620612798352356,,,,-0.482705678503279,,,,,-0.4849795066810247,-0.3858597817096706,,-0.1559079410131424,,,,-0.6599628655696664,,,,,-0.0439947177662766,,-0.023420032492078,0.0810518830511719,-0.5079236972237992,-0.4671020040531412,,-0.0993357981873507,,,,,,-0.0593360462193739,,0.7677543186180422,,,,,-0.0996658956566435,,-0.4703261646774105,-0.4984051214561352,,,,,0.4117550484321129,,0.9902236381809096,-0.1529322162985529,-0.1136395331806495,-0.138478250602182,-0.0635727908455181,,-0.1506320224719101,0.3429733785158192,-0.2186745371612557,,,,,,,0.0,0.4491903701612987,-1.0512362873294552,,,,,,,38.9014,0.0263152482944058
1999-03-31,-0.4949293808993475,,,,-0.438648510119853,-0.2746591494321416,,,,,0.8110983460214857,,,-0.0430104105952693,-0.4075722114671521,,,,-0.1795843405416784,,,-0.2916577171688517,-3.0997958828462475,,-0.3319519485296022,,,,-0.0612725135538193,,,,,,,,,,,,,,0.1463755972116332,,-0.1606379227613127,,,,-0.4805123593534095,,,,,-0.4949293808993475,-0.3834271257358784,,-0.1707163571296353,,,,-0.6615215153932739,,,,,-0.0547481855559746,,-0.2840000643407486,0.1166069523835571,0.0214627206631693,-0.4806124746678676,,-0.0862480777410594,,,,,,-0.0707681625646944,,0.1919385796545105,,,,,-0.0893857620149062,,-0.1788130465870964,-0.4850215252838438,,,,,0.2264699673992072,,0.4529922538730634,-0.1224676313785224,0.6018927306929307,0.6455391300240872,-0.031786395422759,,0.573560393258427,,-0.2186745371612557,,,,,,,,0.0895871880912806,,,,,,,,21.9076,0.8691595610655664
1998-12-31,-0.4919812700198445,,,,-0.4386212174391496,-0.2445420239310679,,,,,0.8110983460214857,,,-0.03950582916284,-0.3266684003197627,,,,-0.239835362268342,,,-0.2912524568904379,-3.077191546882523,,-0.3547447977911657,,,,-0.176787378196118,,,,,,,,,,,,,,0.141555325075136,,-0.1599909422731659,,,,-0.4794156997784747,,,,,-0.4919812700198445,-0.3153127584696972,-0.1554658451078296,-0.1361633861911519,,,,-0.6615215153932739,,,,,-0.0521412842736236,,-0.4577200855731956,,-0.692593377882044,-0.8589056518802072,,-0.1124235186336419,,,,,,-0.0680782528363837,,0.5758157389635317,,,,,-0.5519917758930866,,-0.1733127990759584,-0.8776070130043943,,,,,0.2335061097169125,,0.4748563218390804,-0.1833968012185834,-0.5429588915047977,-0.6107778774854767,-0.0953591862682771,,-0.5851474719101124,0.222567830738989,-0.2347732760933726,,,,,,,-0.0534188034188034,0.1042222013150604,-0.8540874773166852,,,,,,,21.2934,-0.0769252444419396
1998-09-30,-0.4875591037005898,,,,-0.4385939247584461,-0.22496589235537,,,,,0.8135690085296372,,,-0.0407237333485778,-0.212054667860961,,,,-0.3254934413496229,,,-0.2908471966120241,-3.0710883761723173,,-0.2920644623218661,,,,-0.1749824584360821,,,,,,,,,,,,,,0.1107055834015535,,-0.1558502671490265,,,,-0.47831904020354,,,,,-0.4875591037005898,-0.2188174048426071,-0.1597152873685328,-0.1410995248966496,,,,-0.6597119390166205,,,,,-0.0655016533456726,,-0.4223326738406601,,-0.677546218717298,0.4516099977482549,,-0.0993357981873507,,,,,,-0.0815278014779372,,1.055662188099808,,,,,4.886198920585968,,0.2502062592816677,0.3982958220873949,,,-2.1454462381967714,,0.1490724019044491,,0.4904735132433783,-0.1529322162985529,-2.5160933161258825,-2.755018183535635,-0.0635727908455181,,-2.582162921348315,1.061758012213866,-0.1596458277434934,,,,,,,-2.8133903133903133,0.1146757821891889,-2.228154941042051,,0.2071433550995747,,,,,17.4033,-0.1529422580774911
1998-06-30,-0.4529451232849957,,,,-0.4108372684830128,-0.0554064757843252,,-2.788088820433834,,,0.8365851803161017,,,-0.052728788893708,-0.0916620917487744,,0.6274936147081381,,-0.4147811000529918,,,-0.2900366760551964,-3.023845314008133,,0.0456841221903928,,,,0.3006138983333822,,,4.376346271083113,,,,,,,,,,,-0.2575632078268365,,-0.1064209578546127,,,,0.0129844493672274,,,,,-0.4529451232849957,-0.1174567392679327,,-0.1707163571296353,,,,-0.6605568557694548,,,,,-0.0466016190486276,,-2.198137335327897,1.9600005470010664,-1.4326400240754549,-3.394370637243864,,-0.1255112390799332,,,,,,-0.0626984333797623,,2.8790786948176583,,,,,-7.141557440246723,,-0.0413068588086463,-3.49633066404943,,,0.2646969235455376,,0.5712409409667659,,1.4837268865567217,-0.2138613861386138,0.2246120824686793,0.220469465829122,-0.1271455816910362,,0.1917134831460674,0.488919497033189,-0.1650120740541991,,,,,,,0.8368945868945868,0.7795235257837573,-1.2902045418903882,,0.2117909511305277,,,,,47.2959,0.0129863265103316
1998-03-31,-0.4131982712488382,,,,-0.4385120467163357,-0.0779943199101304,,,,,0.8317738901686488,,,-0.0031924002778809,0.5623103816926233,,,,-0.9069520968081476,,,-0.2896314157767826,-3.02407135736777,,0.0752112223701455,,,,-0.2607161470377882,,,,,,,,,,,,,,-0.0840334109129354,,-0.1297122554278967,,,,-0.4750290614787357,,,,,-0.4131982712488382,0.4331343961336987,,-0.3039921021780712,,,,-0.6589672900462533,,,,,-0.1248086575191586,,-2.1530988113046696,2.2895686896589447,1.400329669578064,-1.4893942805674398,,-0.1385989595262245,,0.7115212527964205,,,,-0.119522776390326,,0.1919385796545105,,,,,-4.530403495245438,,-0.2943182443209944,-1.4843300394816088,,,0.767286018885166,,0.5571686563313554,,1.8116879060469768,-0.2443259710586443,0.8057110119175263,0.8486279695839041,-0.1589319771137953,,0.7798455056179775,0.4360140290706424,-0.1542795814327877,,,,,,,1.7272079772079771,0.9990487241404544,-1.20357854961205,,0.2024957590686217,,,,,54.8714,0.1194028218707742
1997-12-31,-0.4513921005895432,,,,-0.4029223910790052,-0.1249770356918054,,-2.3516878449493004,,,0.8216311703983423,,,-0.0534744445176291,1.2037620272183536,,0.5262225134593761,,-1.0993198167788207,-0.2666789754415432,,-0.1271220441328443,-3.02407135736777,,0.4124417875810052,,,,-0.2742530452380576,,,,,,,,,,,,,,-0.0586466443273832,,-0.133119685998803,,,,-0.0615884017283354,,,,,-0.4513921005895432,0.973184022315564,-0.2999468819717412,-0.3039921021780712,,,,-0.6589672900462533,,,,,,,,,,,,,,,,,,,,,,,,,,,,,,,,,,,,,,0.2440844471732867,,,0.2268258426966292,0.0,0.5540649315803595,,,,,,,-2.742165242165242,,0.4004958591282139,,,,,,,58.7616,-0.1114979850786908
