,totalAssets,intangibleAssets,earningAssets,otherCurrentAssets,totalLiab,totalStockholderEquity,deferredLongTermLiab,otherCurrentLiab,commonStock,capitalStock,retainedEarnings,otherLiab,goodWill,otherAssets,cash,cashAndEquivalents,totalCurrentLiabilities,currentDeferredRevenue,netDebt,shortTermDebt,shortLongTermDebt,shortLongTermDebtTotal,otherStockholderEquity,propertyPlantEquipment,totalCurrentAssets,longTermInvestments,netTangibleAssets,shortTermInvestments,netReceivables,longTermDebt,inventory,accountsPayable,totalPermanentEquity,noncontrollingInterestInConsolidatedEntity,temporaryEquityRedeemableNoncontrollingInterests,accumulatedOtherComprehensiveIncome,additionalPaidInCapital,commonStockTotalEquity,preferredStockTotalEquity,retainedEarningsTotalEquity,treasuryStock,accumulatedAmortization,nonCurrrentAssetsOther,deferredLongTermAssetCharges,nonCurrentAssetsTotal,capitalLeaseObligations,longTermDebtTotal,nonCurrentLiabilitiesOther,nonCurrentLiabilitiesTotal,negativeGoodwill,warrants,preferredStockRedeemable,capitalSurpluse,liabilitiesAndStockholdersEquity,cashAndShortTermInvestments,propertyPlantAndEquipmentGross,propertyPlantAndEquipmentNet,accumulatedDepreciation,netWorkingCapital,netInvestedCapital,commonStockSharesOutstanding,investments,changeToLiabilities,totalCashflowsFromInvestingActivities,netBorrowings,totalCashFromFinancingActivities,changeToOperatingActivities,changeInCash,beginPeriodCashFlow,endPeriodCashFlow,totalCashFromOperatingActivities,issuanceOfCapitalStock,depreciation,otherCashflowsFromInvestingActivities,dividendsPaid,changeToInventory,changeToAccountReceivables,salePurchaseOfStock,otherCashflowsFromFinancingActivities,changeToNetincome,capitalExpenditures,changeReceivables,cashFlowsOtherOperating,exchangeRateChanges,cashAndCashEquivalentsChanges,changeInWorkingCapital,stockBasedCompensation,otherNonCashItems,freeCashFlow,researchDevelopment,effectOfAccountingCharges,incomeBeforeTax,minorityInterest,sellingGeneralAdministrative,sellingAndMarketingExpenses,grossProfit,reconciledDepreciation,ebit,ebitda,depreciationAndAmortization,nonOperatingIncomeNetOther,operatingIncome,otherOperatingExpenses,interestExpense,taxProvision,interestIncome,netInterestIncome,extraordinaryItems,nonRecurring,otherItems,incomeTaxExpense,totalRevenue,totalOperatingExpenses,costOfRevenue,totalOtherIncomeExpenseNet,discontinuedOperations,netIncomeFromContinuingOps,netIncomeApplicableToCommonShares,preferredStockAndOtherAdjustments,adjusted_close,10%DDret
2023-09-30,-0.2408617762912396,,,0.5679036542069622,0.0695772355430417,-0.7636661359696459,,-0.4433555489765962,2.534295585847525,0.0,-1.1225987411118206,,,,0.1167790156536454,,-0.0073848450654369,-0.0853509219040865,-0.1996573100856934,0.0082381932769726,0.5915105619768832,-0.0234899806331765,0.6019348882019991,,-0.3322608751023096,-1.524689745264533,,,-0.458063924038439,-0.7487789987789988,-1.0928586713832196,0.4503736852717918,,,,0.9036154114498288,,,,,,,0.0811195194607789,,-0.1269573942511561,-0.7544266722455734,,,-0.0001103276497452,,,,,-0.2383692358118178,0.0630458489844995,,-0.8461852136743815,,-0.5912016428010309,-0.5061991259079657,2.521211848855073,0.1537417461482025,,,,-0.4206907399501157,,0.1358733802047933,0.367192221730965,0.2300202786595773,0.09039959976156,,-0.1713806263025414,,,-0.3038044554306936,-0.0661995609607313,,0.1053830595870468,,-0.3815433306958731,,,,,-0.620339556658582,,0.1847451669595782,0.1127982754912699,,,0.7916311968920738,-0.0212697121173694,-0.3879981828858874,,1.4549038208168643,-0.0829465890495479,1.5703392640070726,1.1403628245971291,-0.1713806263025414,,1.3652888632571571,-0.4781400686083021,-0.0932114449845338,2.4255821689953425,0.7892620624408704,0.1417870990482904,,,,1.6865977544109785,-0.2628793464032619,-0.6051494012219224,-0.5366238631146493,-0.4163697724332801,,1.993701100649781,,,2.42,-0.0928270042194093
2023-06-30,-0.2596001204892273,,,0.7138739003591122,0.0830364112846693,-0.8175217647670229,,-0.074984595133694,2.534295585847525,0.0,-1.156496353281739,,,,-0.1588057295968733,,0.0073848450654369,0.4099952353514759,-0.1399276148033458,-0.0464737736941373,0.4707525634986775,-0.0534640264548173,0.6019348882019991,,-0.3782061536406685,-1.475898105813194,,,-0.5033178491396338,-0.6961498646281254,-1.1092755893070672,-0.4559861657930463,,,,0.746651501071461,,,,,,,0.0710803191161668,,-0.0939357858489366,-0.8122824701877175,,,0.0001103276497452,,,,,-0.256913667625076,-0.226729155527612,,-0.8777137960916429,,-1.00495229169825,-0.9846167951996252,2.521211848855073,-0.3913426265590609,,,,0.0,,0.5161283134073917,0.1009195523520177,0.2385707312438779,0.2486002299242101,,-0.2262159309280861,,,-0.2797573692199696,0.0932378501681838,,0.1295423732580623,,-0.0060383958689043,,,,,0.3920788914584391,,-0.3327129775228933,0.216363827329062,,,-0.0962095064155148,-0.013576380340949,-0.3966405548846021,,-0.1524953886693017,-0.1372964562598921,0.1820430646820303,0.0485803599012713,-0.2262159309280861,,-0.0610260225666853,-0.5233995665177328,-0.0482766239505081,0.701497005988024,0.4299905392620624,-0.1150422982023264,,,,0.1471811322996495,-0.5982351082557212,-0.5778591991625229,-0.5921211788878817,0.2357328168698555,,0.6035450647571056,,,1.9,-0.0157894736842104
2023-03-31,-0.2850869746820619,0.043917655535996,,-0.5869004673154777,-0.0175830393148297,-0.8007658070003673,,-0.2872694806481466,2.534295585847525,0.0,-1.139048049384196,,-0.4870974034169793,,-0.2855434454137034,,-0.0905723323702986,0.0957084921549508,-0.1061705383508329,-0.0479507347844829,0.4431682307329975,-0.0609177502865499,0.6019348882019991,,-0.3642985716260353,-1.288569562377531,,-0.417820324005891,-0.478032132515916,-0.4762103838190795,-1.174703956274731,-0.1737155643191197,,,,0.6638426608584,,,,,,,-0.0062915198721272,,-0.1835146222733182,-0.6915498583084502,,,-0.0269461259801513,,,,,-0.2821367729709705,-0.3599927806215613,,-0.8602171309504104,,-1.0681054957574756,-0.8682851292291078,1.5013700266496368,-0.9379310344827586,,,,-0.294092533087657,,-0.2991509654703673,0.8013126031809129,0.3248254692101806,0.053095461125777,,-0.8293501502151731,,,0.4936732404168641,-0.7006757424360236,,-0.377669859755962,,1.6150834964394287,,,,,-0.2436732660236523,,0.7522116362963648,-0.1620528055776454,,,-0.3821603801327988,-0.0070224708655221,-0.4626328210696597,,-0.1250803689064558,-0.351637739088446,0.2146008483725358,0.0,-0.8293501502151731,,0.0,-0.2275530419669327,-0.1450784357048166,0.4469727212242182,0.347445600756859,-0.0048907296439901,,,,1.2512029941186955,-0.2769134706528444,-0.7480980786759198,-0.230324182340336,-0.9288682367734522,,0.2849091632409495,,,2.54,-0.1062992125984252
2022-12-31,-0.2772316251252152,0.4951977890675593,,0.349331079439548,0.0410411946677639,-0.8196382654361412,,-0.187376013166207,2.534295585847525,0.0,-1.1533155512112054,,-0.8648009821807625,,-0.32091383443802,,-0.0630119035119051,0.1433494371066394,-0.0539070549787788,-0.0560484045087567,0.4576904960324649,-0.0198643004887817,0.6019348882019991,,-0.4344359732185706,-1.3454604833442194,,-0.417820324005891,-0.5181251661203383,-0.7963515952646387,-1.116476207204146,-0.2248263058077093,,,,0.654403250440457,,,,,,,0.0896926321905952,,-0.0399824475305562,-0.5910344434089656,,,0.0489985662080433,,,,,-0.2743627139246063,-0.3971844424089337,,-0.8645745499157765,,-0.4113801641882238,-0.971296569850956,1.5013700266496368,-1.9450843727072635,,,,-0.294092533087657,,-0.2991509654703673,0.8013126031809129,0.3248254692101806,0.053095461125777,,-0.8293501502151731,,,0.4936732404168641,-0.7006757424360236,,-0.377669859755962,,1.6150834964394287,,,,,-0.2436732660236523,,0.7522116362963648,-0.1620528055776454,,,-0.3821603801327988,-0.1456898673971266,-0.4626328210696597,,-0.1250803689064558,-0.7350913431874883,0.2146008483725358,0.0,-0.8293501502151731,,0.0,-0.2275530419669327,-0.1450784357048166,1.9379574184963408,0.2152317880794702,-0.1185230877687698,,,,1.2512029941186955,-0.2769134706528444,-0.7480980786759198,-0.230324182340336,-0.9288682367734522,,-1.0345665915219024,,,3.0,0.0462046204620462
2022-09-30,-0.2279826168384765,,,0.8806089596361105,0.0175830393148297,-0.6990771058955704,,-0.3543095939098521,2.534295585847525,0.0,-1.0740481684952128,1.722172765147854,,1.4686109783168042,-0.2555464673529826,,-0.0693476659056843,0.2915023047602162,-0.0450212996935053,-0.0082381932769726,0.5346570527917678,0.0104554497187199,0.6019348882019991,-0.7722059200373013,-0.3508836287563346,-0.9007838014369692,-0.7693661810132899,,-0.5427545844034263,-0.530558209906036,-0.9868190649167764,-0.3710667336943038,,,,0.9412323414135078,,,,,,,0.1143591487966263,,-0.0612794437890368,-0.4688944255311055,,,0.0090412573986142,,,,,-0.2256233553988893,-0.328451214541794,,-0.8523793852175691,,-0.4185054002030531,0.0,1.5013700266496368,-1.4853631694790903,1.6736774110636514,-2.769358822897648,0.0792408746252865,-0.0879491270251443,-0.6853951743541649,-0.2350778281652163,1.081984967529702,0.5891884277322955,-0.3036915609299156,,-0.8318943351286978,2.875071963154865,,-0.4337715166823661,-0.320765010890064,,0.0002611517347142,4.1192201379815145,1.141090242785158,,,,,-0.3538881681613928,,2.4089612431782443,-0.4404049194512381,,,-2.451763686173753,-0.0200559149925513,-0.7396097636643657,,-0.5960263504611331,-0.7376130053384125,0.015760347509712,-0.1557202510073847,-0.8318943351286978,,-0.2059529207700672,-0.3941633578017028,-0.3301756517896597,0.5366600133067199,-0.1776253547776726,0.2138262248854423,,,,0.0,-0.5152415629748883,-0.8816612369031397,-0.4067401885678712,-4.456029542481771,,-6.014166998187685,-13.235980547141803,,2.16,0.111111111111111
2022-06-30,-0.2780314612187609,,,-0.5869004673154777,-0.3343656127351145,-0.4593993201340869,,-0.2197351683967516,2.534295585847525,0.0,-0.8870484827946057,-0.8398608193143723,,0.1417492105928242,-0.1047653967806273,,-0.638058683520461,0.0879216159914901,-0.1258860696052575,-0.7082328504543961,-1.194615746947353,-0.021657115002042,0.6019348882019991,-0.8027559790912436,-0.3419036806604967,-0.4097975179621163,1.2568401201326236,,-0.6696356156204806,2.445313744226788,-0.8323539991885115,-0.7864794972555528,,,,0.9504020543909382,,,,,,,0.0062915198721272,,-0.2049176988767239,-0.5004279274995721,,,0.3754019829992571,,,,,-0.2751542729728243,-0.1699062073944399,,-0.8585548620780308,,2.49691974806709,1.4066565470308376,1.5013700266496368,-0.6201393983859135,-0.0466436018925289,-1.5027923960906455,3.954307000529007,2.5616924701705504,-1.5295705800437662,1.393926394723061,0.1765970478597185,0.8158737022804483,-0.9062260495614408,,-1.0680163477413591,1.367491844175782,,0.112027742945768,-0.2431684716536143,,2.409280332496166,0.2922716868224122,-0.0240286511472952,,,,,-0.9321779758211594,,0.4889612431782443,-0.8666856722733206,,,-0.3340478880651302,-0.0137459549392692,-0.6477125414113658,,-0.3882793148880105,-0.9716447138986506,0.1425911915468772,-0.1131194211814887,-1.2924459360705876,,-0.0745854042940977,-0.4894847484843489,-0.3055678303137428,-0.675249500998004,-0.4415799432355723,0.1312125484666901,,,,-1.0821006356561516,-0.5738324330830687,-0.8872023030620256,-0.516115574966427,-0.7165786221698692,,0.838969190646687,1.8338542483739004,,3.6,-0.0666666666666667
2022-03-31,-0.304887199775121,-0.4262520864306758,,-0.0368462636198269,-0.1342980845728014,-0.6983304755072813,,0.2554697959719674,1.0,0.0,-0.8274671541765317,-0.867839392814085,-0.3998600162931855,-0.2651433721769368,-0.7068162862380886,,-0.3782392376176836,0.0,0.1281001804003039,-0.5459076540690717,-0.9573897604985688,0.0371990566907763,0.559712576773313,-0.748946566297443,-0.3284806617392398,-0.3116263879817113,1.2255578788815789,-0.0961708394698085,-0.8050095782682384,-0.5520053617879704,-0.803256998704533,-0.5958670213803915,,,,0.1841212700404253,,,,,,,-0.0766138649794673,,-0.2971397950298077,-0.410372962589627,,,0.2965625924753738,,,,,-0.3017320968825053,-0.8029575725941549,,-0.8373036814893431,,0.5599856668366433,-0.5682566040811337,0.9655208703561896,0.4064563462949376,-1.4671360787854808,0.0,-0.4209905660377358,-0.4205259570515845,0.0,-0.1969102719807463,0.8875971979410464,0.4546350987888496,-0.0159776036787873,,-0.3272796167483151,-0.5131452696219536,,0.3389511198574454,0.467246038121668,,-0.4714622274576045,-0.7994709317444164,-0.2746845458709865,,,,,0.2590200612931731,,0.1443270742762001,0.0,,,-0.500688758532093,-0.0067517465068004,-0.6910573609741505,,-0.397501976284585,-0.8864447246291279,-0.0402424407286823,-0.1375557674228557,-0.3272796167483151,,-0.0810305130112833,-0.4336536482273704,-0.4023420238621299,0.0,-0.9969252601702931,-1.9876630243214664,,,,-0.8471157844709796,-0.5140247205211922,-0.9360070030412692,-0.4458515175853679,-0.3418631709026789,,0.0,0.1150035599213197,,4.92,0.1585365853658537
2021-12-31,-0.304887199775121,-0.4262520864306758,,-0.0368462636198269,-0.1342980845728014,-0.6983304755072813,,0.2554697959719674,1.0,-1.3333333333333333,-0.8274671541765317,-0.7087277888279012,-0.3998600162931855,-1.3082387617954332,-0.7068162862380886,,-0.3782392376176836,0.0,0.1281001804003039,-0.5459076540690717,-0.7964455233885286,0.0371990566907763,0.559712576773313,-0.7127550735332369,-0.3284806617392398,-0.2692357935989549,-0.5656550503767156,-0.0961708394698085,-0.8050095782682384,2.049098848011892,-0.803256998704533,-0.5958670213803915,,,,0.1841212700404253,,,,,,,-0.0766138649794673,,-0.2971397950298077,-0.3927994066072006,,,0.2965625924753738,,,,,-0.3017320968825053,-0.8029575725941549,,-0.8373036814893431,,1.4211974622950518,0.2225114355280718,0.9655208703561896,-0.513646368305209,0.0466436018925289,0.0,-0.4209905660377358,-0.4205259570515845,0.0,-0.1969102719807463,0.8875971979410464,0.4546350987888496,-0.0159776036787873,,-0.3272796167483151,-0.5131452696219536,,0.3389511198574454,0.467246038121668,,-0.4714622274576045,-0.7994709317444164,-0.2746845458709865,,,,,0.2590200612931731,,0.1443270742762001,0.0,,,-0.500688758532093,-0.0114671103372823,-0.6910573609741505,,-0.397501976284585,-0.1905732757464388,-0.0402424407286823,-0.1375557674228557,-0.3272796167483151,,-0.0810305130112833,-0.4336536482273704,-0.4023420238621299,-0.2100133067198935,0.0,-2.5647691223123017,,,,-0.8471157844709796,-0.5140247205211922,-0.9360070030412692,-0.4458515175853679,-0.3418631709026789,0.0,0.0753436767891084,0.2030482580520593,,4.86,0.1296296296296296
2021-09-30,-0.1047757450989165,,,-0.5869045504563931,0.2504141699635729,-0.7254952468134109,,0.1802365472585554,1.0,-1.3333333333333333,-0.8289481267679341,0.8561901322114773,,1.923942864276775,-0.4029816467554445,,0.1576356757802667,0.2607370800460952,0.184201455817105,0.0691800377510669,0.6881010181528316,0.1930284705479361,0.559712576773313,-0.1877086877693794,-0.247001377588025,0.0112344872632266,-0.9344046485569696,,-0.5631023189415201,0.0,-0.6317644811957873,-0.2455999174853857,,,,-0.1929274777719473,,,,,,,0.1496094947630995,,0.0705313996453963,0.4995720725004279,,,0.0710117372724667,,,,,-0.1036914809622739,-0.483478045717646,,-0.7342274324995375,,-0.7874051920965467,0.4517568434886256,0.9655208703561896,0.0,-1.1519129896614348,-0.5949951670067662,2.170483600775877,1.3868353444337085,0.25843351237673,1.223645945915832,0.1061886238353486,0.6588762543120817,-0.1768340713616622,,-0.6012937450943243,0.5331030512377662,,-0.1246992614280657,0.4157212143602785,,0.8692963349854422,0.2660494203684858,-0.7381418398367551,,,,,-0.0965696504785003,,0.3914827490518915,-0.0954981719607284,,,-0.6140321007909115,0.0067517465068004,-0.5384419354481291,,-0.556026350461133,-0.5090538401695416,-0.0674702687079745,-0.1924677852817189,-0.6012937450943243,,-0.3428410426636261,-0.5696482310961587,-0.19675209898365,-0.0757485029940119,-1.0846736045411542,-1.1721008107155446,,,,-0.5468128081744192,-0.7041681085716865,-0.7003582741474068,-0.6309142498948996,-0.2665327330408955,0.0,-0.3589267559563276,-0.4498051093921585,,5.52,-0.0217391304347824
2021-06-30,-0.1838100843146276,,,1.0605836033310263,0.0494714303609604,-0.6991344785464599,,-0.0718111538225437,1.0,-1.3333333333333333,-0.8031961712339978,0.5120943742719212,,0.672084674386668,-0.8341793420230876,,-0.0421430448065593,0.1498011036255651,0.1322572650183318,-0.2100622182667444,0.0048951048951048,-0.0002603322661818,0.559712576773313,-0.0537400509039203,-0.3136008473641786,0.0214239059438275,-0.7771852105841617,,-0.5220646134831605,0.0121834687052078,-0.5990196176186572,0.1039795646239034,,,,-0.2908159227023683,,1.5066205856836057,,,,,0.0682584120852028,,-0.0140900944743896,0.5629433804370566,,,0.025446417927682,,,,,-0.1819079390978366,-0.9368787373205428,-0.7818196735024806,-0.7071466266808175,,-0.2790878227832982,-0.3285129229107876,0.9655208703561896,0.6115553925165077,0.2589612735001978,0.3002362796692084,-0.0375815552812555,-0.0516893992165322,1.0626509790547645,0.3048669065950595,-0.0062669095009593,0.0277709527038758,-0.0424508217661585,,-0.6246785936611904,-0.178468624064479,,-0.1718934680482141,-0.0580545663091059,,-0.1978474429355677,-0.1959864008911975,-1.487610877441386,,,,,0.1228072649331603,,0.1547016927203774,0.1207956347122401,,,-0.5288504697487966,0.9661423489503108,-0.5356719444229001,,-0.6674255599472991,-0.5322316710035678,-0.3142123651572209,-0.3881844485710584,-0.6246785936611904,,-0.4096342048611264,-0.5554813525317358,-0.2902673442333186,-0.298502994011976,-1.1229895931882687,0.0,,,,-0.7457078357987287,-0.7083057490633886,-0.7141477677805954,-0.6129176195591052,0.0,0.0,0.0323343499977898,0.2737157131306793,,5.07,0.0
2021-03-31,-0.1952377210922729,0.0,,0.9989485912143056,-0.1175620508319486,-0.5715400607482062,,-0.0407325645275465,1.0,,-0.7078255938068418,0.5698014538684193,-0.3784493935951717,0.0058097932164269,-0.614127364667486,,-0.1955282851120588,-0.102921948408829,0.0977768076866808,-0.2389734754475345,0.0215188956121598,0.0369766675888963,0.559712576773313,0.0537400509039203,-0.3381849695362017,0.0667537557152188,-0.6872020793597825,,-0.568782779957958,-0.0183747412008281,-0.6079045726378054,-0.1423748783885118,,,,-0.20620128223544,,1.5066205856836057,,,,,0.0308889989972785,,0.0,0.5825139314174861,,,-0.038287434381929,,,,,-0.1932173178119113,-0.70549596367263,-0.7246263038344476,-0.6517589554346027,,0.0,-0.1769832618506708,0.9655208703561896,0.8286500366837858,0.1974101167104626,0.6180324347545914,-0.4215195732675013,0.2150117220561909,0.2250831272913291,0.5965971765702125,0.0786061095269193,0.2678683164781308,0.0,,-1.0069559098167646,-0.5791594703511802,102.48581781255048,0.6154206140166674,0.3149397931961801,,12.879781299313226,0.0756105312834078,-1.3276142089701413,,,,,0.0157839321638746,,0.4323966330589214,0.1414717341615776,,,-0.5266835889736724,0.9754659768649672,-0.8844027345351401,,-0.4288695652173913,-0.5345387236097325,-0.1242976274471467,-0.2866719596581037,-1.0069559098167646,,-0.5217456383255044,-0.4358499335432751,-0.8516626159964649,-0.2808715901530272,-1.1099810785241249,-1.393020796616144,,,,0.2410740806748648,-0.4965413086980726,-1.1787851167323953,-0.4194619074191748,-0.8435216835167694,0.0,-0.1877072006365203,-0.102646409306479,,7.05,-0.0680851063829786
2020-12-31,-0.1952377210922729,0.0,,-0.0102221432814978,-0.1175620508319486,-0.3875121744961669,,0.0407325645275465,1.0,,-0.7078255938068418,-0.3950625448293052,-0.3784493935951717,-0.0437987765330637,-0.614127364667486,,-0.1955282851120588,,0.0019555361537336,-0.2389734754475345,0.0,-0.0594959356020183,1.4705752478824616,0.2202625347531969,-0.3381849695362017,0.0,-0.0062178735545969,,-0.568782779957958,0.9788182831661092,-0.6079045726378054,0.0969992742802504,,,,-0.20620128223544,,1.5066205856836057,,,,,0.0308889989972785,,0.0,0.6489472983510527,,,-0.038287434381929,,,,,-0.2329986686934476,,-0.7246263038344476,,,0.3075152634407861,0.6553856498130584,9.311216400894155,0.6093543653705062,1.7721998451075285,0.2970142841800021,0.5598770058190795,0.2150117220561909,-3.0165401995054992,0.5965971765702125,0.0786061095269193,0.2678683164781308,0.0,,-1.0069559098167646,1.0251391287660718,,0.6154206140166674,0.3149397931961801,,0.0,0.832601905030964,-1.3276142089701413,,,,,0.0149613627390151,,0.3694163352141337,0.1414717341615776,,,-0.5266835889736724,1.0027585622156558,-0.8844027345351401,,-0.4288695652173913,-0.9111248222764708,-0.5266370274658483,-0.8691313403781056,-3.1905161447478823,,-0.0340481358051323,-0.4267425214063304,-0.4628811312417145,0.8055888223552894,3.968070009460738,0.761323581247797,,,,0.2410740806748648,-0.4965413086980726,-1.0905431869252498,-0.4194619074191748,1.4018370104858466,,-0.5897537903903107,-1.7677241845366671,,7.14,-0.0714285714285714
2020-09-30,-0.216524579438432,,,0.9884038798004976,-0.199485159981185,-0.5320763221301443,,0.8108997296669364,1.0,,-0.6652886674704739,0.164610665432218,,0.8335530783073648,-0.8550605395168926,,-0.3513601622776832,-0.8997678618916762,0.1279002299691673,-0.3268943782528092,-0.3156020145657451,-0.0114746452709379,0.559712576773313,0.3359350464435654,-0.4271470260716687,0.1815806662312214,0.2787940203098834,,-0.6940031774949332,0.4561302224345702,-0.3948497327380372,-0.4999753757063223,,,,-0.428748574561082,,,,,,,0.068243070422785,,0.1022384866599865,0.7704977272295023,,,0.0948144602149612,,,,,-0.2142838906610333,-0.9588351380367188,,-0.6283765810151603,,0.4303072901592726,0.6444442180543811,0.9655208703561896,0.7090975788701394,0.1158785074859058,0.4430243797658683,-0.4365521953800035,-0.240201035136208,0.2218432943984994,-0.552836243300761,0.5906349251418674,0.0054939114880735,-0.8694222089755599,,-0.2696294692397217,0.015735943197083,,-0.282925248840544,-0.6331100906001779,,-0.3376914186651257,-0.0756105312834078,-1.6898346728855205,,,,,-0.8777332806888901,,0.2518471926741282,-0.6320364507529721,,,-0.3053367177947345,0.9992599705029448,-0.5154399299746268,,-0.3152990777338603,-0.1803256699841725,0.0377517277727245,-0.0695220030096968,-0.2696294692397217,,-0.3789406953145292,-0.8367064661881037,-0.3394277507733098,-0.4368596141051231,0.5584200567644276,0.6291416989777935,,,,-0.8692449355432781,-0.9347211982606864,-0.6631049824472741,-0.94363500106982,-0.2439711801816776,1.6351682587680114,0.7625867479998232,2.279435722302002,,6.81,-0.079295154185022
2020-06-30,-0.2128803583505478,,,1.4283888538419294,-0.1757432867964191,-0.5433433676527886,,0.0797587438642786,1.0,,-0.6742962267935237,-0.3929361732433271,,-0.0058097932164269,-0.529990128331688,,-0.2466197116581604,0.1077087580888219,-0.0456473225093151,-0.3798981057864232,-0.4113518605746585,-0.0799114659499624,0.5621412227530007,0.2589510555530936,-0.3842371004489974,0.1977792292619203,0.0802261824215724,,-0.8930927707121894,0.469441790093964,-0.4164270423546358,-0.4183230763083631,,,,-0.432137381531002,,1.5066205856836057,,,,,0.0430654846874627,,0.0360082622371743,0.0,,,-0.0652503900035669,,,,,-0.2106773815286009,-0.6170263786936823,-0.716550734522898,-0.6439383464942602,,0.2229128479352435,0.4470298189671859,0.9655208703561896,0.4863536316947909,-2.21045760917721,0.1169584362581892,0.0375815552812555,-0.0190249346486004,-0.3677778725097337,0.0,0.7001496757026443,0.4190344213047139,-0.2817157029719833,,-0.6998132460010285,-0.2820955670696603,,-0.4538227547353201,1.276882563439456,,-0.1736158958060142,-0.6474793814267507,-1.2718111023195768,,,,,0.1418109688457705,,0.0,-0.1299633391850596,,,-0.7043678125338575,0.9820883111783127,-0.8475950937918961,,-1.305707509881423,-0.6067011830351154,-0.4805290852367877,-0.5273945526481013,-0.6998132460010285,,-0.8169439442832678,-1.4020962509465542,-0.404441007512152,-0.4075848303393213,-0.4110690633869441,0.5522559041240748,,,,-0.8431058040753282,-1.6413794141101063,-1.0555279805791948,-1.549546643614465,0.0798687643177695,0.9775731335761574,-0.3964549352428944,-0.3272955458747149,,6.57,-0.0091324200913242
2020-03-31,-0.0891318417189453,0.5737479135693242,,1.4622360504594554,-0.0670411963269325,-0.4798475616525131,,0.3121690284871528,1.0,,-0.6313885962344012,0.4051246572624746,-0.3965669569607472,-0.3547627820018209,-0.6225533372282773,,-0.0727498483461129,-0.1244625919687971,-0.0146769897619621,-0.2570087951642332,-0.5500344215370122,-0.0789966140995744,0.5621412227530007,0.4314617825620355,-0.2130521417844036,0.172893533638145,0.0062178735545969,,-0.6034505796784096,0.6034599458512502,-0.6061466032918206,0.0079503945926909,,,,-0.3031985530146017,,1.5066205856836057,,,,,-0.0146124540259518,,0.0507239026630814,0.1575724148424276,,,-0.1747720869176184,,,,,-0.0882094673725017,-0.7143558018128097,-0.6805420605249441,-0.5696643720241863,,0.8028914400694607,0.473787426522275,0.9655208703561896,-0.2928833455612619,-0.0600495791186009,-1.0237353667704865,-0.5668753306295186,0.3712483802590087,1.9079631682155345,0.9764844176536784,0.0,0.4277716079109704,0.4218151239036021,,-0.6277099629198581,-0.015735943197083,65.51288975051351,0.1370467922218955,1.2270803888633524,,8.544990331829396,-0.5477012176916829,-0.3924957314787823,,,,,0.6457263993081016,1.0,-0.0202756451762094,0.4255505374085355,,,-5.478656224365027,1.0488233530996824,0.0,,-0.7890276679841898,-0.5541218445690372,-3.054413152324524,-2.53021821962814,-0.6277099629198581,,-3.950032797855152,0.0531504772123755,-1.0903391515687142,-0.5540585495675316,-0.3576158940397351,-0.4477440958759253,,,,5.842986989841383,-0.193942494320148,0.0384445306789159,0.0,-8.669778937251133,1.0672805992715275,-0.1324315961631967,0.102646409306479,,4.62,-0.1038961038961039
2019-12-31,-0.0891318417189453,0.5737479135693242,,0.4554559949695704,-0.0670411963269325,-0.4798475616525131,,0.5023392862554402,1.0,,-0.6313885962344012,-0.164610665432218,-0.3965669569607472,-0.8861335338950279,-0.6225533372282773,,-0.0727498483461129,,-0.091230786503974,-0.2570087951642332,-0.1115366498786187,-0.1560707745411907,-4.695315322548272,0.6263841068789654,-0.2130521417844036,0.0992161985630307,0.3326455199777124,,-0.6034505796784096,-0.1410853639114508,-0.6061466032918206,0.0079503945926909,,,,-0.3031985530146017,,1.5066205856836057,,,,,-0.0146124540259518,,0.0507239026630814,0.2320317997679682,,,-0.1747720869176184,,,,,-0.0882094673725017,,-0.6398553475712162,,,,,9.311216400894155,0.1168745414526779,-0.6656317955689931,-0.4239072065299109,0.6358777111620525,0.3655933307866885,-1.0101315826867878,0.9764844176536784,0.0,0.4277716079109704,0.4258334752618581,,-0.6277099629198581,0.5384763001343312,,0.1370467922218955,1.2270803888633524,,0.1117062654190651,10.96797018212404,-0.3924957314787823,,,,,0.649275198826781,,0.4113292017389696,0.4293266513621518,,,-5.478656224365027,1.2117250422263062,0.0,,-0.7890276679841898,-3.2947393835340826,-6.568401098293904,-5.618366458822631,-3.4118602322245377,,-1.3220661328026977,0.1454820138390191,-0.4131131241714538,7.080572188955422,1.5342951750236518,0.5540623898484315,,,,5.842986989841383,-0.193942494320148,0.9330469546697472,0.0,8.535941666606444,-0.0981375850457013,-19.00623259514653,-42.82015760194046,,7.41,-0.0850202429149797
2019-09-30,0.3087279544641494,,,-0.0904762779720672,-0.0582915706768495,0.2377813445752292,,-1.407273583432212,1.0,,-0.0651105388659248,,,,0.6801942099643411,,-0.1595146708801152,1.1374157876074815,-0.482949384013963,-0.4282572371459374,-0.5423095039675351,-0.1244841442367231,0.5576131026454176,,0.0106389554559164,14.393925538863488,,,-0.0367021588445005,0.3248460476721346,-0.5063258517369151,0.4541537466559744,,,,-0.3841077851683996,,,,,,,0.1335007492244669,,0.6731180649632752,0.2975142167024858,,,0.0218766639723657,,,,,0.3055331058024816,0.6554721109140563,,-0.5847198231794593,,,,0.9655208703561896,-0.3140498899486427,,,,0.1308750720925181,,0.2003197807217907,-0.0363359063492514,-0.05799237994149,-0.1313921059354509,,0.2071074782796979,,,-0.1471624078285025,-0.0690520274421022,,-0.062415264596715,,-0.9292466580602172,,,,,-0.2779485588583676,,8.139857552492832e-05,-0.029843803922157,,,0.0685585599529477,,-0.5005262982947936,,-0.0761317523056653,0.2921908951900636,0.3121721907223067,0.2034701206204094,0.2071074782796979,,0.0228396338966933,-0.2379122808488205,-0.3818216968625718,0.4797405189620758,0.8429517502365185,0.7497796968628834,,,,-0.0508227885700706,-0.2837443389555091,-0.6990948388668791,-0.2481208262235999,0.0579720618310846,,1.221433938911727,,,7.2,-0.0583333333333333
2019-06-30,0.2602423871596334,,,-0.0422992983122337,-0.1407339996001403,0.240826810632724,,-1.3235208414437138,1.0,,-0.0699696535867401,,,,0.6513608799887181,,-0.0938452135373848,1.1919045297402713,-0.5784304257557092,-0.3041002869754428,,-0.2300420273243481,0.5576131026454176,,0.0253553850956468,,,,-0.037229186299855,,-0.4766520654989312,0.2317954455278101,,,,-0.2459875176988945,,1.5066205856836057,,,,,0.0750691513447806,,0.5233741751774726,,,,-0.2978659547104997,,,,,0.2575492878458079,0.6251541108513529,-0.7580450044077809,-0.6841225670136218,,,,0.9655208703561896,,,,,-0.7040049734474829,,0.3585666692665099,-0.1878896537177578,-0.0873391057078366,0.7116952652644128,,-0.8643191598776626,,,-0.777798443659141,0.4671730081063317,,-0.6817560509412576,,0.4550868279681839,,,,,0.7553302498730893,,-0.269577282397558,0.5961608674558995,,,0.0473153894968193,,-0.4355312288788184,,-0.2815915678524374,-0.769750784666148,0.6070879060159644,0.3024645629794005,-0.8643191598776626,,0.217231861025142,-0.680578336504814,0.6521486964206805,,,,,,,-0.124279688706707,-0.7709063689571641,-0.6647474483119602,-0.7632106642238214,0.6656308490572855,,,,,9.75,-0.100609756097561
2019-03-31,0.350149444749759,0.1893794977972764,,0.5303081342291744,0.2748188810069162,0.0,,-0.2687665461473847,0.3274742287505192,,-0.0865929407895293,,0.0155932670131837,,0.6816382940145456,,0.1205307954825253,-0.0381615105043879,0.0,0.2826294591526576,,0.3622202021000487,0.0,,-0.1120486923785369,,,,-0.3938113220993343,,-0.7243447307323262,0.0,,,,-0.2224534845202463,,0.4933794143163943,,,,,0.4805866843479326,,0.9948903722517876,,,,0.2016845536147966,,,,,0.3465259488247329,0.656990552951853,-0.7408530503773961,-0.6508756316758031,,,,-0.4865844064413112,,,,,0.3064212899504902,,1.659115979008123,-1.0971675191556505,-0.0569407725546852,0.5675402367367793,,-0.4056621647224402,,,0.8759067155448093,0.7627297760556059,,0.0678105483075145,,-0.5745221338441677,,,,,0.6874800233139677,-1.0,0.5139580057348997,0.5843523839532662,,,-1.1968069464006563,,-1.3496061072762124,,-0.7137285902503294,-0.9441210397832444,-0.179220823380399,-0.2557976527022493,-0.4056621647224402,,-1.2532918921060625,-2.153019054032531,0.0836831639416703,,,,,,,-0.6446266262698271,-2.2514801468486225,-1.462534631663493,-2.367893357761786,-2.371434559211429,,,,,9.33,0.0828025477707005
2018-12-31,0.350149444749759,0.1893794977972764,,0.5303081342291744,0.2748188810069162,0.0,,-0.2687665461473847,0.3274742287505192,,-0.0865929407895293,,0.0155932670131837,,0.6816382940145456,,0.1205307954825253,-0.0381615105043879,0.0,0.2826294591526576,,0.3622202021000487,0.0,,-0.1120486923785369,,,,-0.3938113220993343,,-0.7243447307323262,0.0,,,,-0.2224534845202463,,0.4933794143163943,,,,,0.4805866843479326,,0.9948903722517876,,,,0.2016845536147966,,,,,0.3465259488247329,0.656990552951853,-0.7237141827588204,-0.6508756316758031,,,,-0.4865844064413112,,,,,0.3064212899504902,,1.659115979008123,-1.0971675191556505,-0.0569407725546852,0.5675402367367793,,-0.4056621647224402,,,0.8759067155448093,0.7627297760556059,,0.0678105483075145,,-0.5745221338441677,,,,,0.6874800233139677,,0.5139580057348997,0.5843523839532662,,,-1.1968069464006563,,-1.3496061072762124,,-0.7137285902503294,-0.3151541164793304,-0.179220823380399,-0.2557976527022493,-0.4056621647224402,,-1.2532918921060625,-2.153019054032531,0.0836831639416703,,,,,,,-0.6446266262698271,-2.2514801468486225,-1.462534631663493,-2.367893357761786,-2.371434559211429,,,,,9.33,-0.1157556270096463
2018-09-30,0.6609063196257212,,,-0.5095392379634109,0.8369535009701988,0.0350876986159633,,0.6304766922235924,0.0,,0.0553916946577556,,,,-0.1438007937627173,,0.4464772968514223,-0.9450486437372574,0.5353468655807055,0.4424149850803509,,0.6313067994677417,-0.4814419332824856,,-0.0106389554559164,,,-0.0991163475699558,0.2658555194835462,,-0.3182108596792243,1.056859817148358,,,,-0.1872755574968559,,,,,,,0.7889656051914268,,1.6100765391560872,,,,0.8041352299092649,,,,,0.6540669789045064,-0.2102364346438651,,-0.5002276467094438,,,,-0.4865844064413112,,,,,-1.2102479982622891,,-0.5080892266209094,-0.6177185204414825,-0.9441206629385382,0.0040236736779357,,-0.1143259263269007,,,1.1098378261626058,-0.631550684978585,,-1.05730335830018,,-0.9072585682755174,,,,,-0.3598952751612236,,-0.8635944870964758,0.0947679565471814,,,1.3254422758439226,,0.3210530397881511,,2.177054018445322,-0.0263969740054188,1.886311279614407,1.394320110820624,-0.1143259263269007,,1.636238768385509,-0.0128591666969377,0.2467410517012815,,,,,,,1.603635715558724,0.2723883965514647,0.0027434594662888,-0.0719456638958866,0.1753615123900648,,,,,8.5179,-0.0181862269641123
2018-06-30,0.8799226796564387,0.8229156215511186,,0.1809076413940659,1.2189911757117626,0.0274838575562826,,-0.3361330172324701,0.0,,0.044813406828673,,0.2854175989352059,,0.1176718979793299,,0.7235433317453425,0.0034543701799485,0.8046486904947909,0.7092853133126306,,0.9879346007404188,-0.4429729838224078,,0.2971536577524659,,,-0.1079528718703976,0.2259845666307511,,0.0631028158956631,1.3854575426069973,,,,-0.2113255336051805,,0.0,,,,,0.5460370927837375,,1.6276344766589066,,,,1.1003051307499525,,,,,0.8708168641485724,0.0645981848177827,-0.5275100220710779,-0.0352270138165389,,,,0.0618297703930238,,,,,-1.2400512325011797,,-1.0845079053805613,0.1907493114512053,-0.6301192149308593,-0.6739280848164865,,0.2447830676374265,,,1.402050722072561,0.0,,-1.079412353032694,,0.1183942031399658,,,,,-0.6092325192246225,,0.9932920173896956,-0.6654963214148174,,,-1.2706666253927472,,1.0104040862907604,,-0.014798418972332,-0.0441559138342677,-1.128539490126406,-0.917924305793168,0.2447830676374265,,-0.9849041818365918,0.6594947426070968,-0.6604893946089262,,,,,,,-1.595021683597695,0.4947169853903675,0.6302195670026803,0.6294369306165282,-0.940517571561748,,,,,9.4477,0.1128600694008945
2018-03-31,1.0421875003345138,0.7545080584109379,,-0.0447165177341017,1.6157871552143936,-0.0848297869372298,,-0.1209202358168386,0.0,,-0.044813406828673,,0.6034330430392528,,0.0556858794850615,,1.6293684458124498,0.5394108456697101,1.5295255338532567,1.9922214358433128,,1.6974707192074094,-0.440287423226687,,0.5684555638559419,,,-0.0575846833578792,0.4188186091239971,,1.0865355041544682,0.8227747769178375,,,,-0.1853524974862439,,0.0,,,,,0.1268002781635167,,1.564480582238924,,,,0.147609045558307,,,,,1.0314024991951458,0.0,-0.1483057391237203,0.3509178894482148,,,,-0.0146015573127994,,,,,-0.6176662247488933,,-0.3939653923720598,-0.4235984634917029,-0.7202298466487795,-0.3090138806097249,,0.8934419573984356,,,0.9388563234597084,-0.6878611226861299,,-0.6177071988976063,,-0.1259734310581768,,,,,0.1504643991952921,,5.193473314217001,-0.2932315032934716,,,-6.448613970189912,,1.0029361904867429,,0.048558629776021,0.2991657053947474,-6.028417929732992,-4.667913509419421,0.8934419573984356,,-0.7638774548864402,1.733074026364738,-0.859312859036677,,,,,,,-5.756193191944395,1.6480466575387809,0.0724128906496764,1.935195787812224,-11.373060551970342,,,,,9.0878,0.1522398735564555
2017-12-31,0.8799226796564387,0.8229156215511186,,0.1809076413940659,1.2189911757117626,0.0274838575562826,,-0.3361330172324701,0.0,,0.044813406828673,,0.2854175989352059,,0.1176718979793299,,0.7235433317453425,0.0034543701799485,0.8046486904947909,0.7092853133126306,,0.9879346007404188,-0.4429729838224078,,0.2971536577524659,,,-0.1079528718703976,0.2259845666307511,,0.0631028158956631,1.3854575426069973,,,,-0.2113255336051805,,0.0,,,,,0.5460370927837375,,1.6276344766589066,,,,1.1003051307499525,,,,,0.8708168641485724,0.0645981848177827,-0.0879947492712683,-0.0352270138165389,,,,0.0618297703930238,,,,,-1.2400512325011797,,-1.0845079053805613,0.1907493114512053,-0.6301192149308593,-0.6739280848164865,,0.2447830676374265,,,1.402050722072561,0.0,,-1.079412353032694,,0.1183942031399658,,,,,-0.6092325192246225,,0.9932920173896956,-0.6654963214148174,,,-1.2706666253927472,,1.0104040862907604,,-0.014798418972332,0.3295329559782171,-1.128539490126406,-0.917924305793168,0.2447830676374265,,-0.9849041818365918,0.6594947426070968,-0.6604893946089262,,,,,,,-1.595021683597695,0.4947169853903675,0.6302195670026803,0.6294369306165282,-0.940517571561748,,,,,8.3379,-0.0353326500076578
2017-09-30,1.2283163814181977,,,1.702743258223956,1.374839371739215,0.4758361916505895,,-1.286940791697457,0.0,,0.3920187934130839,,,,0.8351818200132965,,1.0144922884628875,2.139953239960996,0.6190863155128821,0.71796117890478,,1.035719800271399,-0.4419252539038978,,1.2521914831823993,,,-0.0799705449189985,0.5493440849143985,,0.6122427378301657,0.813032848807766,,,,-0.1475479519117737,,,,,,,0.1360196584226805,,0.8362357334922715,,,,0.8583135857748391,,,,,1.2156052391632317,0.8193757271278312,,0.0352270138165389,,,,0.0618297703930238,,,,,0.0080144409740167,,1.7011220180726248,-0.9383044054954104,0.0960664642076744,0.4771566039342587,,0.5560938641838309,,,0.2592861471264092,-0.8030466404045004,,-0.1535572200120018,,0.0,,,,,0.6979196044146126,,-1.6780390343168994,0.4304169730070371,,,1.027689640762123,,0.4558740429681008,,0.1766007905138339,0.6380878289561929,0.2674328655100011,0.2113365246306809,0.5560938641838309,,1.2928254141554665,0.5690670258217209,0.187665709235528,,,,,,,1.290679023346997,0.4885086439071363,0.1413964569664919,0.5832895190970934,2.5765553524068308,,,,,14.2465,-0.0460293656052731
2017-06-30,1.0249550573897384,,,1.5021120046384482,1.0063894583063373,0.4625705344675042,,-1.2670329644712888,0.0,,0.3937143195264453,,,,-0.0556858794850615,,0.7315682639653399,2.047325148479745,0.8942107807305362,0.6578668671079009,,1.021421551190335,-0.4419252539038978,,0.9285306711354152,,,-0.079381443298969,0.3933224129819458,,0.7408905050480259,-0.0806338757801952,,,,-0.3778109362312128,,0.0,,,,,0.0824168487889795,,0.8865965570366401,,,,0.6047170680146586,,,,,1.014348384926097,-0.1173572668721195,0.0853613415097132,0.13265591073289,,,,0.0618297703930238,,,,,-2.8201020155944545,,0.4175311145528084,-1.132789525134566,-0.8158147336419359,0.8880556501745721,,0.7306141229328498,,,-0.0151674236379017,0.6200377178549795,,-2.2515446847287355,,0.2140923666347395,,,,,0.9910128414838212,,-0.9770197021552124,0.7908332958222676,,,0.3845129935457908,,0.4941885588290693,,0.0,0.8110631220323524,-0.0051854433554068,0.0196859417925966,0.7306141229328498,,0.5943411593271377,0.254806353393298,0.1846829429960229,,,,,,,-0.345511792312719,0.1391319230248409,0.1469916703516862,0.2198517734820114,1.6741655043829538,,,,,9.7776,-0.0828219603992799
2017-03-31,1.225759731892201,,,1.5274458524475367,1.4042481353018816,0.439308675275315,,2.0181594817437767,0.0,,0.3691574701434788,,,,-0.2199794508129016,,0.8162532617621746,-0.6275097509086074,1.370438270931264,0.7261481396364978,,1.4471659881691106,-0.440287423226687,,1.1316116848041324,,,-0.0649484536082474,0.676141421519832,,0.814869414017888,-0.250346366244089,,,,-0.2612664640027204,,0.0,,,,,-0.0090089118278703,,1.0419725476097064,,,,1.3288423123366415,,,,,1.2130750469379048,-0.2899444734895441,0.2957620956584967,0.3364139314333563,,,,-0.0146015573127994,,,,,-0.8706828753117767,,-0.3260203456305919,-0.7859029014371302,-0.9728908064616524,-0.0687377586647364,,0.675291633962162,,,0.6668986578510017,0.2317156468955799,,-0.805403062698642,,0.8775663182442843,,,,,-0.0724942185120424,,-0.7527962260660438,-0.1879654498076932,,,0.5176987726168181,,0.4324953187151674,,0.6579183135704875,0.7562303833462993,0.7518382821731258,0.6045637102319725,0.675291633962162,,0.4935086661178345,0.1208459889850423,0.1548828988068935,,,,,,,0.1368442939464147,0.1191640461610219,0.1672968802173108,0.0627935957026567,0.5916879250164406,,,,,9.3877,0.2875358181450194
2016-12-31,1.0421875003345138,0.7545080584109379,,-0.0447165177341017,1.6157871552143936,-0.0848297869372298,,-0.1209202358168386,0.0,,-0.044813406828673,,0.6034330430392528,,0.0556858794850615,,1.6293684458124498,0.5394108456697101,1.5295255338532567,1.9922214358433128,,1.6974707192074094,-0.440287423226687,,0.5684555638559419,,,-0.0575846833578792,0.4188186091239971,,1.0865355041544682,0.8227747769178375,,,,-0.1853524974862439,,0.0,,,,,0.1268002781635167,,1.564480582238924,,,,0.147609045558307,,,,,1.0314024991951458,0.0,0.3107388985052153,0.3509178894482148,,,,-0.0146015573127994,,,,,-0.6176662247488933,,-0.3939653923720598,-0.4235984634917029,-0.7202298466487795,-0.3090138806097249,,0.8934419573984356,,,0.9388563234597084,-0.6878611226861299,,-0.6177071988976063,,-0.1259734310581768,,,,,0.1504643991952921,,5.193473314217001,-0.2932315032934716,,,-6.448613970189912,,1.0029361904867429,,0.048558629776021,0.9724494996914989,-6.028417929732992,-4.667913509419421,0.8934419573984356,,-0.7638774548864402,1.733074026364738,-0.859312859036677,,,,,,,-5.756193191944395,1.6480466575387809,0.0724128906496764,1.935195787812224,-11.373060551970342,,,,,21.2348,-0.1218857799923341
2016-09-30,1.330115220499782,,,-0.4489372604982657,1.526017837721696,0.5087303687784321,,1.7195389651815054,0.0,,0.4038444425489143,,,,0.3435969135926828,,1.079639038530404,-1.210935422391632,0.9953563867805548,0.6516282068828729,,1.2538107848174644,-0.452791939303922,,1.0824192123054177,,,0.0575846833578792,1.08635440151827,,1.4855301174970874,2.1463426419358225,,,,0.1494123820440134,,,,,,,-0.5532026079867256,,1.3951052669711463,,,,1.066240066420985,,,,,1.3163506204024134,0.3040612393096851,,0.3852101691284578,,,,-0.0146015573127994,,,,,0.8788995498430817,,0.890672876578012,-0.962572961834724,-0.4001120404131736,0.2472483607255386,,0.6910439277884537,,,-0.7998896041950406,0.4348164154290942,,0.4924932767319361,,0.3805855161787365,,,,,0.2893846240622708,,-0.2986587734714642,0.1686597546276151,,,-0.0958457799996904,,0.4574695577986327,,-0.056,0.7718432277275532,0.2184431768916242,0.1896108986901507,0.6910439277884537,,-0.0698484254828328,0.2950119733875046,0.0,,,,,,,-0.7920156834788807,0.1583832357853241,0.2558997915331787,0.253288218109956,0.9375691046922536,,,,,25.0138,-0.0779369787877092
2016-06-30,0.9814329269141208,,,-0.4746773808284285,0.8911942114925632,0.464263420632109,,1.5360046498219406,0.0,,0.3816778054678872,,,,-0.0847126135745512,,0.8274336952699118,-1.1519091835830155,0.8455495457016284,0.5512050992484185,,0.9629384872798176,-0.452791939303922,,0.9300377866027624,,,0.6596465390279823,1.0427826552447002,,1.3343754338356943,1.5193876820920056,,,,-0.0912280907473257,,0.0,,,,,-0.8211811785608898,,0.772783283049974,,,,0.1495725037317392,,,,,0.9712766400352388,-0.1393746764201712,0.3076277130373793,0.3479049297488876,,,,-0.0146015573127994,,,,,-1.2062707383022868,,0.0133260537721868,-0.8627607663071475,-0.835415253876369,0.7355126458315592,,0.5333044631499174,,,-0.2380949523918091,0.2906852363380173,,-1.0543528993398974,,0.3536417773705909,,,,,0.8759659315246207,,-0.648088058458977,0.6307260641889357,,,0.0363339472828862,,0.433071476848415,,0.1521686429512516,0.6155001743702552,0.3857459812813996,0.3010095439943925,0.5333044631499174,,-0.0860228308291033,0.1056470984910085,-0.1246133451171011,,,,,,,-0.3126299530683776,0.0207935242164813,0.0980245286935176,0.0535017520318516,0.3360818633154354,,,,,21.4147,0.0770311981956319
2016-03-31,1.0187126535311717,-0.3359449820772184,,0.1464479736392422,0.995147761408236,0.4449885677133835,,-0.5304837633097657,0.0,,0.3367518963626569,,1.0657005496081604,,-0.1149868041984809,,1.2215751554481,0.5831625077564045,0.8017530732564466,0.9888408197499998,,0.9089453644783474,-0.3798000883143992,,1.1430374340520502,,,0.7674521354933727,1.1037496221830496,,1.254849563997524,2.1487920622427805,,,,0.2648897904861296,,0.0,,,,,-0.8538407012865662,,0.4930384773642862,,,,-0.4198191468026252,,,,,1.0081705801273977,-0.1699672162263156,0.3071451092936612,0.3480482556497862,,,,0.0,,,,,-0.4736984023548974,,-0.832978640430534,-0.2846718289235112,-0.8661837790379594,1.136687814016861,,1.3731561425826184,,0.0,0.0,0.6829079692930264,,0.0319327450936812,,-0.0323991171448798,,,,,1.3099864628574651,,-1.170459716954953,1.054080953881395,,,0.3313083316565803,,0.8288477945331457,,0.9103662714097496,0.2778120556911768,-0.0791672688014825,0.0407272437356117,1.3731561425826184,,0.6349928901293864,1.5915430906894454,0.3656374281926646,,,,,,,-1.0510901205964474,1.6165441674315033,0.4792029528287413,1.7233520739992882,-0.6261156116984758,,,,,12.0236,0.6264014105592335
2015-12-31,1.0187126535311717,-0.3359449820772184,,0.1464479736392422,0.995147761408236,0.4449885677133835,,-0.5304837633097657,0.0,,0.3367518963626569,,1.0657005496081604,,-0.1149868041984809,,1.2215751554481,0.5831625077564045,0.8017530732564466,0.9888408197499998,,0.9089453644783474,-0.3798000883143992,,1.1430374340520502,,,0.7674521354933727,1.1037496221830496,,1.254849563997524,2.1487920622427805,,,,0.2648897904861296,,0.0,,,,,-0.8538407012865662,,0.4930384773642862,,,,-0.4198191468026252,,,,,1.0081705801273977,-0.1699672162263156,0.3077757115187861,0.3480482556497862,,,,0.0,,,,,-0.4736984023548974,,-0.832978640430534,-0.2846718289235112,-0.8661837790379594,1.136687814016861,,1.3731561425826184,,0.0,0.0,0.6829079692930264,,0.0319327450936812,,-0.0323991171448798,,,,,1.3099864628574651,,-1.170459716954953,1.054080953881395,,,0.3313083316565803,,0.8288477945331457,,0.9103662714097496,1.447916946106178,-0.0791672688014825,0.0407272437356117,1.3731561425826184,,0.6349928901293864,1.5915430906894454,0.3656374281926646,,,,,,,-1.0510901205964474,1.6165441674315033,0.4792029528287413,1.7233520739992882,-0.6261156116984758,,,,,8.7282,-0.1020370752274236
2015-09-30,0.7475069883965962,,,-0.4849750622168597,0.5791991690883616,0.3567266387701975,,1.2797826767713265,0.0,,0.2869441261746844,,,,0.4539984285915748,,0.8584980969328546,-0.9844373282510416,0.6313586657967253,1.0207967539059326,,0.923437545288065,-0.3762474408895668,,1.051716549227417,,,0.7321060382916053,1.1658617965794178,,0.9815881090094396,0.5345943449612656,,,,-0.1123231209856855,,,,,,,-0.90033936236695,,-0.0388899293390073,,,,-0.6170382355429873,,,,,0.739771466987104,0.4279091680174756,,0.4338210178865271,,,,0.0,,,,,1.1795833988719862,,0.2070440896277396,-0.3259036315625089,-0.2879078254659341,-0.7405582048880184,,0.7737028716810567,,,-2.6259682132078983,0.4366894205283077,,0.715550196697264,,-0.4813226169158373,,,,,-0.7933752608720176,,0.3008713347516418,-0.6560835446456704,,,-0.3882818183225247,,0.3554452483573953,,-0.350060606060606,0.8537704214394936,0.0,0.029027296554794,0.7737028716810567,,-0.495859545936808,1.0980159850078846,0.2343128590366769,,,,,,,0.2159448701954494,0.9380990174984578,0.0499237426562824,1.2047872025873516,0.2579474912738388,,,,,11.8158,-0.0804092824861625
2015-06-30,0.6922399414081526,,,-0.4851608451285066,0.3910668703019604,0.4248814183933968,,1.3396771077858876,0.0,,0.3078652462485793,,,,0.4212325483006628,,1.0061289720594622,-1.1199029341370446,0.3557013483830056,1.234354495546062,,0.6351928118783183,-0.3762474408895668,,0.9831303707684208,,,0.7527245949926362,1.245973284431373,,0.3775185480339045,0.7008352746259198,,,,0.5054950853504454,,0.0,,,,,-0.9155448675307378,,-0.0593098489311995,,,,-1.3421470789118517,,,,,0.6850763469931297,0.3936933814738209,0.4295462881337391,0.4659743142848797,,,,0.0,,,,,1.1978293598184393,,-1.4971308872522258,0.8736558594589771,-0.3212087260480856,-2.41713680490505,,0.7798197417922971,,0.333033303330333,-0.581977884840376,-1.027631121096653,,1.3120152023648124,,1.277724565860159,,,,,-1.8705557749074024,,-0.7064508371103506,-2.4428556424145125,,,0.0,,0.5202043145380209,,0.3152674571805006,0.8598331410789495,0.336178243239797,0.2925252552096656,0.7798197417922971,,0.0694962337496533,1.3795559181879062,-0.0591581970835174,,,,,,,-0.4625735163072536,1.328058468621639,0.1747330992969885,1.5149167314472245,0.300989326260867,,,,,20.8408,-0.0997130628382788
2015-03-31,0.4783899744741816,-1.2269306894570264,,0.0491018110771529,-0.0491238345377514,0.4737707762185646,,-0.5730066336112815,0.0,,0.3672768993020094,,1.036430185994745,,0.7372806575739872,,0.9499993810045424,0.7145338400850988,-0.3778455969161571,1.1671652081248962,,0.0,-0.3726586648468548,,0.7592292961876378,,,1.931516936671576,0.6787293252039072,,0.2559548143585904,0.4698278064957957,,,,0.0912280907473257,,0.0,,,,,-0.9481919251557,,-0.2113536043394516,,,,-2.219921340125652,,,,,0.4734393908046306,0.7395795644138873,0.3808451356759991,0.4055250576906224,,,,-0.0543567019748211,,,,,0.5299043510175344,,-0.2889057259690916,0.3916676469275918,0.0,0.5715213318572767,,0.1091834249059463,,-1.0287336425950286,0.5744061725654425,-0.380275881622641,,0.6369157424488254,,1.50231124807396,,,,,0.0,,0.1569808528350753,0.3386649061473135,,,0.4587828321131731,,0.8228424539904491,,1.236764163372859,0.4504117820640073,-1.5716483759361426,-1.2808884252907546,0.1091834249059463,,0.6170839404972067,1.3401475926086337,7.103872072470172,,,,,,,0.180360007128854,1.419321652648842,0.4950500410616466,1.4312621833144636,-0.2858712069202251,,,,,21.7013,0.0766313538820255
2014-12-31,0.4783899744741816,-1.2269306894570264,,0.0491018110771529,-0.0491238345377514,0.4737707762185646,,-0.5730066336112815,0.0,,0.3672768993020094,,1.036430185994745,,0.7372806575739872,,0.9499993810045424,0.7145338400850988,-0.3778455969161571,1.1671652081248962,,0.0,-0.3726586648468548,,0.7592292961876378,,,1.931516936671576,0.6787293252039072,,0.2559548143585904,0.4698278064957957,,,,0.0912280907473257,,0.0,,,,,-0.9481919251557,,-0.2113536043394516,,,,-2.219921340125652,,,,,0.4734393908046306,0.7395795644138873,0.367126319921239,0.4055250576906224,,,,-0.0543567019748211,,,,,0.5299043510175344,,-0.2889057259690916,0.3916676469275918,0.0,0.5715213318572767,,0.1091834249059463,,-1.0287336425950286,0.5744061725654425,-0.380275881622641,,0.6369157424488254,,1.50231124807396,,,,,0.0,,0.1569808528350753,0.3386649061473135,,,0.4587828321131731,,0.8228424539904491,,1.236764163372859,0.1951337285725782,-1.5716483759361426,-1.2808884252907546,0.1091834249059463,,0.6170839404972067,1.3401475926086337,7.103872072470172,,,,,,,0.180360007128854,1.419321652648842,0.4950500410616466,1.4312621833144636,-0.2858712069202251,,,,,36.3317,-0.103639521409678
2014-09-30,0.2288698011991975,,,-0.4600474869288451,-0.599764563974638,0.5675585559618141,,0.4689917330455168,0.0,,0.3275722024088089,,,,0.9914684610270564,,0.3973226383145349,-0.6307757512631859,-0.7478355496687078,0.7128188951482047,,-0.2893914601530901,-0.064365139898037,,0.6410226144974444,,,,0.6261185608752965,,0.4119661567890827,-0.0575558019017388,,,,1.347314604995852,,,,,,,-0.9630819673860228,,-0.6405656160246938,,,,-2.334127287253464,,,,,0.2265013587971268,0.9827743257888568,,0.2866315492244627,,,,-0.0543567019748211,,,,,2.239152416691009,,0.053059087009326,0.4625506524481509,0.2583383292874295,-1.5401409350251214,,0.5228570655262944,,,-0.4631823990688354,-0.5249998926029186,,1.517258240170693,,1.5332111772789738,,,,,-1.4491464079568317,,-0.7685727499768754,-1.6494115764150423,,,0.683070470058351,,0.798488692896635,,1.1393939393939394,0.6051452638356091,1.8684852554893443,1.4585934152086026,0.5228570655262944,,0.5284460860492453,0.7996192360317464,2.4814681838267787,,,,,,,-0.1044377116378542,0.863820847689692,0.422131776299759,0.8159834333803194,0.3831850668825021,,,,,43.1726,-0.1058588085961929
2014-06-30,0.0891318417189453,,,-0.461029482318979,-0.8377308214626733,0.541398984936339,,0.7640378543993424,0.0,,0.266214198494283,,,,1.0477974091907247,,0.1736791210081097,-0.5959827364595337,-1.1801346629513574,0.1979859754566832,,-0.706210821706652,0.1420617397936654,,0.5048641126671316,,,,0.4444697645964749,,0.3599327185553971,-0.0562586126951707,,,,1.5243651117045758,,0.0,,,,,-0.9264355301395348,,-0.7577800227197852,,,,-2.4144832154713023,,,,,0.0882094673725017,1.0420037334015728,0.1423600610011132,0.1878550772616184,,,,-0.0543567019748211,,,,,1.6416571167486835,,0.4250855162731618,0.262565254955726,0.3155870491765685,-0.6112577705867325,,0.2381248815871383,,0.6661127651226662,-0.4174161381867489,-0.5711376787624419,,1.6813559887093548,,2.662974222296256,,,,,-0.4080649406809934,,-0.8236869854777541,-0.912209101684997,,,0.4179835626615487,,0.5626405770445304,,0.5552674571805006,0.3229337124768624,1.4361807934578406,1.0857697150089527,0.2381248815871383,,0.2345244751242576,0.4195948142331955,2.022978347326557,,,,,,,-0.0422978672845006,0.3905311978093074,0.281854362010306,0.3940098681487168,0.4433251190588031,,,,,51.8531,-0.0981156382164228
2014-03-31,-0.1283477882583804,-2.9801891697146035,,0.0,-1.238698780428115,0.5324016957940935,,0.3548255500877669,0.0,,0.2654807820137754,,-0.1932463598499191,,1.1918222293853376,,-0.3153236222880548,-0.4989667361049552,-1.5846616035239431,-0.2898312912284759,,-1.066394740655837,0.1420617397936654,,0.3021906289846384,,,,0.0367021588445005,,0.0388225900594963,-0.4404124615651944,,,,1.404115231162953,,0.0,,,,,-0.9857684506862636,,-0.9564630407055984,,,,-2.321153503627489,,,,,-0.1270195905567598,1.1934446010149498,0.0384152579999613,0.1000928892047944,,,,-0.0112330771073496,,,,,-1.0460942707982233,,-0.4034028234297875,1.0470160181395594,0.461963590141754,0.4285372136592012,,0.0,,-0.4943571280204943,0.0159233949109933,-1.045665239001465,,-0.1834007512279687,,0.0857452213384416,,,,,-0.3201957245191494,,-0.1104578669873277,0.3744304569848105,,,1.0733566530978655,,0.3961751963923637,,1.590703557312253,0.0,-1.2732303611958822,-1.0610543240307349,0.0,,1.1212816257170404,0.5614293924076336,8.01728899690676,,,,,,,0.5595556347650449,0.6898612761987873,0.5565793392233482,0.5250074457321708,-0.444900525376327,,,,,48.7784,-0.0471581683696062
2013-12-31,-0.1283477882583804,-2.9801891697146035,,0.0,-1.238698780428115,0.5324016957940935,,0.3548255500877669,0.0,,0.2654807820137754,,-0.1932463598499191,,1.1918222293853376,,-0.3153236222880548,-0.4989667361049552,-1.5846616035239431,-0.2898312912284759,,-1.066394740655837,0.1420617397936654,,0.3021906289846384,,,,0.0367021588445005,,0.0388225900594963,-0.4404124615651944,,,,1.404115231162953,,0.0,,,,,-0.9857684506862636,,-0.9564630407055984,,,,-2.321153503627489,,,,,-0.1270195905567598,1.1934446010149498,0.0517367300057269,0.1000928892047944,,,,-0.0112330771073496,,,,,-1.0460942707982233,,-0.4034028234297875,1.0470160181395594,0.461963590141754,0.4285372136592012,,0.0,,-0.4943571280204943,0.0159233949109933,-1.045665239001465,,-0.1834007512279687,,0.0857452213384416,,,,,-0.3201957245191494,,-0.1104578669873277,0.3744304569848105,,,1.0733566530978655,,0.3961751963923637,,1.590703557312253,0.0869168656275987,-1.2732303611958822,-1.0610543240307349,0.0,,1.1212816257170404,0.5614293924076336,8.01728899690676,,,,,,,0.5595556347650449,0.6898612761987873,0.5565793392233482,0.5250074457321708,-0.444900525376327,,,,,59.998,-0.0753658455281842
2013-09-30,-0.1311947423194005,,,-0.536349141213387,-1.1716376740778962,0.4587603617070564,,0.8060727420506616,0.0,,0.1943135632099112,,,,1.5122573886415376,,-0.1760927447771685,-0.639158208492155,-1.5695920409259798,-0.1918746647012886,,-0.9464479664835382,,,0.3368604970809732,,,1.6245949926362298,0.1922407222762117,,0.1165996945796712,-0.4763360537757405,,,,13.711652395177106,,,,,,,-1.001502284349563,,-1.0247667531075664,,,,-2.453903845713327,,,,,-0.1298370831218571,1.5509292407705078,,0.1157465702072967,,,,-0.0112330771073496,,,,,6.280438022904823,,3.7154731529042095,-1.548664884619909,0.7876310004684731,-0.5419398790768969,,-0.0645248599345007,,,-0.5401114757639209,-0.2058587255832735,,-2.144805858689129,,0.3937034106525632,,,,,-0.991595690676293,,-0.0699361761169179,-0.5745294861984286,,,0.7345029330279064,,0.4898452129015102,,0.9962687747035572,0.0229632212892668,1.542618393872676,1.1318120965893426,-0.0645248599345007,,0.6234410012810975,0.3143109690387107,1.2360251878038002,,,,,,,0.4227410443771164,0.392295337255315,0.0,0.3060545360905659,0.3212239028162194,,,,,56.4088,-0.0100197132362325
