,totalAssets,intangibleAssets,earningAssets,otherCurrentAssets,totalLiab,totalStockholderEquity,deferredLongTermLiab,otherCurrentLiab,commonStock,capitalStock,retainedEarnings,otherLiab,goodWill,otherAssets,cash,cashAndEquivalents,totalCurrentLiabilities,currentDeferredRevenue,netDebt,shortTermDebt,shortLongTermDebt,shortLongTermDebtTotal,otherStockholderEquity,propertyPlantEquipment,totalCurrentAssets,longTermInvestments,netTangibleAssets,shortTermInvestments,netReceivables,longTermDebt,inventory,accountsPayable,totalPermanentEquity,noncontrollingInterestInConsolidatedEntity,temporaryEquityRedeemableNoncontrollingInterests,accumulatedOtherComprehensiveIncome,additionalPaidInCapital,commonStockTotalEquity,preferredStockTotalEquity,retainedEarningsTotalEquity,treasuryStock,accumulatedAmortization,nonCurrrentAssetsOther,deferredLongTermAssetCharges,nonCurrentAssetsTotal,capitalLeaseObligations,longTermDebtTotal,nonCurrentLiabilitiesOther,nonCurrentLiabilitiesTotal,negativeGoodwill,warrants,preferredStockRedeemable,capitalSurpluse,liabilitiesAndStockholdersEquity,cashAndShortTermInvestments,propertyPlantAndEquipmentGross,propertyPlantAndEquipmentNet,accumulatedDepreciation,netWorkingCapital,netInvestedCapital,commonStockSharesOutstanding,investments,changeToLiabilities,totalCashflowsFromInvestingActivities,netBorrowings,totalCashFromFinancingActivities,changeToOperatingActivities,changeInCash,beginPeriodCashFlow,endPeriodCashFlow,totalCashFromOperatingActivities,issuanceOfCapitalStock,depreciation,otherCashflowsFromInvestingActivities,dividendsPaid,changeToInventory,changeToAccountReceivables,salePurchaseOfStock,otherCashflowsFromFinancingActivities,changeToNetincome,capitalExpenditures,changeReceivables,cashFlowsOtherOperating,exchangeRateChanges,cashAndCashEquivalentsChanges,changeInWorkingCapital,stockBasedCompensation,otherNonCashItems,freeCashFlow,researchDevelopment,effectOfAccountingCharges,incomeBeforeTax,minorityInterest,sellingGeneralAdministrative,sellingAndMarketingExpenses,grossProfit,reconciledDepreciation,ebit,ebitda,depreciationAndAmortization,nonOperatingIncomeNetOther,operatingIncome,otherOperatingExpenses,interestExpense,taxProvision,interestIncome,netInterestIncome,extraordinaryItems,nonRecurring,otherItems,incomeTaxExpense,totalRevenue,totalOperatingExpenses,costOfRevenue,totalOtherIncomeExpenseNet,discontinuedOperations,netIncomeFromContinuingOps,netIncomeApplicableToCommonShares,preferredStockAndOtherAdjustments,adjusted_close,10%DDret
2023-10-31,1.198850023957834,-0.0629370629370629,,-0.1118012422360248,0.6457182320441989,0.9407252440725244,,0.0,-0.6666666666666666,,-0.0008590450282768,,0.9748245976062732,,-0.4518272425249169,,-0.1902985074626865,1.3142857142857145,1.0298152551673678,,,0.6934189406099518,0.1466642161367395,,-0.0192012288786482,,,,1.2269938650306749,,0.5220588235294118,0.2206896551724138,,,,-0.4932249322493225,,,,,,,0.2448979591836734,,1.244414655942806,,,,0.4925903971547125,,,,,1.198850023957834,-0.462360369111219,,0.8154269972451791,,,,-0.4478178368121442,,,,,,,1.4888507718696398,-0.699623352165725,-1.4784248997877858,1.217097862767154,,-1.181818181818182,,,,,,,,-1.7227722772277227,,,,,,,-11.252747252747254,1.459090909090909,-0.5361930294906166,,1.765625,,,,0.6276067527308838,,,0.7944827586206896,,,1.314194577352472,-0.0246636771300448,-2.8125,,,,,,,-1.8604651162790693,0.3937881308929561,-0.4715909090909091,0.1270417422867513,0.3809523809523809,,,,,103.37,0.3526168133887974
2023-07-31,1.1566842357450886,0.0,,-0.0124223602484472,0.7831491712707183,0.7405857740585774,,0.194888178913738,-0.6666666666666666,0.0,-0.0976447848808075,,0.9847296739579036,-0.4384485666104553,-0.6995728523967727,0.6620370370370371,0.1026119402985074,1.3642857142857143,1.26028900676788,-0.5922330097087378,-0.1257606490872211,0.7512038523274478,0.1457452674140782,0.6553191489361702,-0.1390168970814132,1.1263157894736842,,,1.374233128834356,1.3849573916265283,0.6225490196078431,0.4551724137931034,,,,-0.3414634146341463,,,,,,,0.3724489795918367,,1.274798927613941,,0.7946651847735482,-1.1802575107296138,0.5174866627148785,,,,-0.6605783866057838,1.1566842357450886,-0.7158814958717824,,0.6528925619834711,,1.591208791208791,0.5928297055057619,-0.4326375711574952,-4.914285714285715,,-3.443548387096774,,-1.048,,0.2950257289879931,-0.844632768361582,-0.6955906625795802,1.4870641169853769,,0.1515151515151515,-1.3012048192771084,-4.489795918367347,0.9428571428571428,0.7456647398843931,-1.172069825436409,9.686746987951809,,1.4851485148514851,,,,,0.8066298342541437,0.6885245901639344,6.153846153846154,1.3636363636363635,-0.4932975871313673,,-0.484375,,-0.2317073170731707,,-0.3932472691161867,0.1333333333333333,-0.1614906832298136,-0.2041379310344827,0.1408450704225352,,-0.4401913875598086,0.5560538116591929,0.0625,-0.3896103896103896,0.5641025641025641,1.7333333333333334,,,,-0.0930232558139534,0.3582917359955629,-0.3693181818181818,1.0018148820326678,0.2539682539682539,,0.0300751879699248,-0.4124513618677042,,121.525,-0.0638913803744086
2023-04-30,1.2127455678006709,0.6899766899766899,,-0.1366459627329192,-0.1032642599473812,0.896094839609484,,-0.0383386581469648,-0.6666666666666666,0.0,-0.0243396091345121,,0.9830788278992983,-0.5299325463743676,-0.8457522543901281,-0.0509259259259259,-0.0727611940298507,1.4142857142857144,1.3319919517102616,-0.7702265372168284,,0.6912787586944891,0.1417018930343686,0.5787234042553191,-0.2012288786482335,1.0421052631578946,-0.3730924945499844,,1.5644171779141105,1.3834753612449056,0.6985294117647058,0.6413793103448275,,,,-0.3712737127371274,,-0.6666666666666666,,-0.3958179126572909,,,0.211734693877551,,1.363270777479893,,0.7935537649347041,-1.2260371959942775,0.5103734439834025,,,,-0.6672754946727549,1.2127455678006709,-0.8654686741136474,,0.5785123966942148,,1.6483516483516485,0.8066581306017926,-0.4174573055028463,-4.228571428571429,-0.2959183673469387,-0.3306451612903225,-1.002441008950366,-1.32,,-0.490566037735849,-0.7740112994350282,-0.8408394246639943,0.749156355455568,,0.1515151515151515,-0.4337349397590361,-4.489795918367347,0.3714285714285714,0.630057803468208,0.0748129675810473,3.1234939759036147,-0.074074074074074,0.5346534653465347,1.2103004291845494,-0.3594202898550724,,-0.5338078291814946,0.0552486187845303,0.360655737704918,0.0659340659340659,0.7272727272727273,-0.4075067024128686,,1.4296875,,-0.1341463414634146,,0.663356504468719,0.1333333333333333,1.248447204968944,1.1475862068965517,0.647887323943662,0.9090909090909092,1.1547049441786283,0.0964125560538116,0.0625,1.0129870129870129,0.4615384615384615,1.4666666666666666,,,,1.162790697674419,0.4581253466444814,-0.2784090909090909,0.1996370235934664,-0.7619047619047619,,0.987468671679198,1.073929961089494,,132.7284,-0.0911206654052181
2023-01-31,1.2735984666986104,0.717948717948718,,-0.2111801242236025,0.9164364640883976,0.7761506276150628,,0.3322683706070287,-0.6666666666666666,0.0,-0.0698689956331877,,1.3186132893107718,-0.4574198988195616,-0.7745609871855719,0.2962962962962963,0.4309701492537313,1.4285714285714286,1.451252972379733,0.0,-0.0020283975659229,0.945960406634564,0.1389450468663848,0.4737588652482269,-0.1021505376344086,1.0842105263157895,-0.6060417315478044,-0.1208053691275167,1.7423312883435582,1.3834753612449056,0.7181372549019608,1.0620689655172413,,,,-0.3658536585365853,,-0.6666666666666666,,-0.425240562546262,,,0.2576530612244898,,1.3623771224307415,,0.7935537649347041,-1.1487839771101571,0.5275637225844695,,,,-0.6718417047184171,1.2735984666986104,-0.7926177756192326,,0.4765840220385675,,1.0285714285714285,0.8911651728553137,-0.4250474383301708,-5.771428571428571,-2.2448979591836733,-0.7661290322580645,0.4328722538649308,0.172,,0.4425385934819897,-0.9595103578154426,-0.7701013911813251,0.2902137232845894,,0.0303030303030303,-0.6265060240963856,-4.530612244897959,-1.542857142857143,-0.0520231213872832,0.1246882793017456,1.180722891566265,0.6419753086419753,1.2871287128712872,0.1974248927038626,1.263768115942029,,0.3345195729537366,-0.9558011049723756,1.6721311475409837,0.1978021978021978,0.1772727272727272,-0.4396782841823056,,1.6875,,-0.0853658536585365,,0.8381330685203575,0.0148148148148148,1.515527950310559,1.313103448275862,0.2816901408450704,0.0909090909090909,1.4290271132376395,0.0874439461883408,0.125,0.5714285714285714,0.1538461538461538,0.4,,,,0.7674418604651163,0.5446478092068774,-0.2727272727272727,0.1814882032667876,-1.3968253968253967,,1.238095238095238,1.4630350194552528,,151.2383,-0.0958044357811481
2022-10-31,1.0804983229516052,0.7435897435897436,,-0.062111801242236,0.8591160220994475,0.5529986052998606,,0.3322683706070287,-0.6666666666666666,0.0,-0.1320065860118834,-0.2955613577023498,1.3103590590177463,-0.475548060708263,-0.9615567157095396,-0.6157407407407407,0.291044776119403,1.0,1.4475946588622646,-0.6537216828478964,-0.1386071670047329,0.7298020331728197,0.1352692519757397,0.3404255319148936,-0.3325652841781874,1.231578947368421,-0.979757085020243,-0.1677852348993288,1.5766871165644172,1.3834753612449056,0.5392156862745098,1.3379310344827586,,,,-0.5907859078590786,,-0.6666666666666666,,-0.4653960029607698,,,0.1479591836734693,,1.3163538873994638,,0.7935537649347041,-1.1659513590844064,0.5228215767634855,,,,-0.6779299847792999,1.0804983229516052,-0.9839728023312287,,0.3471074380165289,,0.0395604395604395,0.2227912932138284,-0.4098671726755218,0.0,-0.0816326530612244,-0.8629032258064516,-0.6997558991049634,-1.124,0.9523809523809524,-0.2915951972555746,-0.943502824858757,-0.9559066257958028,0.9741282339707537,,0.2121212121212121,-0.0240963855421686,0.7346938775510204,-0.7714285714285715,-1.0115606936416186,-0.1745635910224439,0.8313253012048193,-0.1481481481481481,1.0495049504950495,,,,,-0.143646408839779,0.4918032786885246,0.6813186813186813,0.8954545454545455,-0.4825737265415549,,2.0390625,,-0.048780487804878,,1.012909632571996,0.1925925925925926,1.795031055900621,1.583448275862069,0.3943661971830985,,1.716108452950558,0.195067264573991,0.0,1.324675324675325,-0.2564102564102564,-0.1333333333333333,,,,1.441860465116279,0.7509706045479756,-0.2784090909090909,0.3593466424682395,-1.3968253968253967,,1.318295739348371,1.5875486381322956,,137.3794,0.0284926269877434
2022-07-31,1.065165309056061,0.8088578088578089,,-0.2111801242236025,-0.1134772127637146,0.4149232914923291,,-0.0447284345047923,-0.6666666666666666,0.0,-0.1849810294222922,-0.0323759791122715,1.3202641353693767,-0.4422428330522766,-0.944470811580446,-0.5324074074074074,0.3675373134328358,1.2642857142857142,1.5390524967989756,-0.1877022653721682,-0.0412440838404327,0.8828250401284109,0.1326961955522881,0.2099290780141844,-0.4001536098310292,1.2105263157894737,-1.2563064465898477,-0.1275167785234899,1.392638036809816,1.3819933308632828,0.4705882352941176,1.186206896551724,,,,-0.5880758807588076,,-0.6666666666666666,,-0.4996299037749815,,,0.3494897959183674,,1.3413762287756923,,0.79244234509586,-1.0314735336194565,0.5969176052163604,,,,-0.6821917808219178,1.065165309056061,-0.960660514813016,,0.2203856749311294,,-0.5274725274725275,0.1523687580025608,-0.4022770398481973,0.6857142857142857,0.3775510204081632,-0.2661290322580645,-0.2408462164361269,-1.208,0.419047619047619,-0.62778730703259,-0.835216572504708,-0.9398726715397312,0.4251968503937008,,0.4242424242424242,-0.1204819277108433,0.7346938775510204,-1.9142857142857144,-1.439306358381503,-1.112219451371571,2.921686746987952,-0.1975308641975308,1.5247524752475248,,,,,-0.5966850828729282,0.6229508196721312,-0.0439560439560439,0.2863636363636364,-0.514745308310992,,1.5859375,,-0.1707317073170731,,0.7229394240317776,0.4,1.4223602484472049,1.28,0.5352112676056338,-0.2727272727272727,1.3333333333333333,0.0358744394618834,-0.25,0.8311688311688312,-0.5641025641025641,0.1333333333333333,,,,1.0,0.4603438713255685,-0.3522727272727273,0.1488203266787658,-1.2698412698412698,,1.1228070175438596,1.284046692607004,,129.9653,0.0023492239029977
2022-04-30,1.0512697652132248,0.9230769230769232,,-0.186335403726708,-0.1120370505546332,0.4365411436541143,,-0.1789137380191693,-0.6666666666666666,0.0,-0.1789677142243539,0.0323759791122715,1.3437886917044986,-0.4384485666104553,-0.8353108685334599,0.0,0.2014925373134328,1.3571428571428572,1.4497896469727456,-0.203883495145631,-0.0446247464503042,0.875334403424291,0.1292041904061753,0.0851063829787234,-0.4362519201228879,1.1263157894736842,-1.288695110557459,-0.0268456375838926,1.0613496932515338,1.379029270100037,0.2916666666666667,0.8068965517241379,,,,-0.5094850948509485,,-0.6666666666666666,,-0.4957438934122872,,,0.3724489795918367,,1.3494191242180518,,0.7902195054181718,-0.9742489270386266,0.6141078838174274,,,,-0.6879756468797564,1.0512697652132248,-0.8343856240893638,,0.0991735537190082,,-0.3428571428571428,0.1830985915492957,-0.3870967741935484,0.5142857142857142,-0.0204081632653061,-0.314516129032258,0.3417412530512612,-0.252,0.3523809523809524,0.0137221269296741,-0.9030131826741996,-0.8314076868663051,0.2317210348706411,,0.4848484848484848,-0.3373493975903614,0.7755102040816326,-1.5714285714285714,-0.7109826589595376,-0.6683291770573566,0.9397590361445785,-0.6666666666666666,0.8118811881188119,,,,,-0.4640883977900552,0.5573770491803278,-0.0879120879120879,0.1727272727272727,-0.5254691689008043,,1.0859375,,-0.4878048780487805,,0.4131082423038729,0.4592592592592592,1.105590062111801,0.9489655172413792,0.2816901408450704,,1.0079744816586922,-0.0986547085201793,-0.125,0.5974025974025974,-0.6666666666666666,-0.6666666666666666,,,,0.7906976744186046,0.2140876317249029,-0.5056818181818182,0.029038112522686,-2.095238095238096,,0.8471177944862155,0.8560311284046692,,116.4463,-0.040953321062932
2022-01-31,0.9899377096310492,0.9953379953379954,,-0.3726708074534161,0.8218232044198895,0.4588563458856345,,-0.2044728434504792,-0.6666666666666666,0.0,-0.1792540625671129,0.1765013054830287,1.3598844407758977,-0.422849915682968,-0.9046037019458948,-0.3379629629629629,-0.2257462686567164,1.2285714285714286,1.3751600512163893,,,0.6880684858212948,0.1288366109171108,-0.0170212765957446,-0.5660522273425499,1.1473684210526316,-1.2974151354718155,0.1342281879194631,0.9631901840490796,1.379029270100037,0.1495098039215686,0.6137931034482759,,,,-0.4146341463414634,,-0.6666666666666666,,-0.4959289415247964,,,0.4668367346938775,,1.367739052725648,,0.7902195054181718,-0.8311874105865522,0.6550088915234143,,,,-0.6885844748858447,0.9899377096310492,-0.8819815444390481,,0.0,,-0.0791208791208791,0.0,-0.3719165085388994,-4.342857142857143,0.1836734693877551,-0.3629032258064516,0.3417412530512612,-1.944,-1.4,-1.516295025728988,-0.5508474576271186,-0.8993161990096675,0.1057367829021372,,0.4848484848484848,0.0240963855421686,0.7755102040816326,-1.1142857142857143,-0.5260115606936416,-1.730673316708229,0.466867469879518,1.6790123456790125,1.2475247524752475,-0.5064377682403434,1.1710144927536232,-0.1176470588235294,-1.6192170818505338,-1.0607734806629834,1.6721311475409837,0.4615384615384615,-0.0045454545454545,-0.5040214477211796,,0.9765625,,-0.1097560975609756,,0.6077457795431976,0.4592592592592592,0.9813664596273292,0.8717241379310345,0.4507042253521127,-4.0,1.1100478468899522,0.0156950672645739,-0.125,0.0,-0.6666666666666666,-0.6666666666666666,,,,0.2558139534883721,0.3627287853577371,-0.3181818181818182,0.0943738656987295,-2.7301587301587302,,0.8922305764411027,0.926070038910506,,137.6433,-0.0956072689335406
2021-10-31,1.171058936272161,1.1165501165501166,,-0.4347826086956521,-0.1033493271284174,0.6227336122733612,,0.4504792332268371,-0.6666666666666666,0.0,-0.1251342257856682,0.2182767624020887,1.385885266198927,-0.4123102866779089,-0.5524442335073564,1.3796296296296295,0.0055970149253731,0.8571428571428571,1.1029815255167368,,,0.6869983948635634,0.1343503032530784,-0.0992907801418439,-0.3164362519201228,1.0210526315789474,-1.0831516661476177,0.4429530201342282,0.8619631901840491,1.3775472397184143,0.0294117647058823,0.4137931034482758,,,,-0.3712737127371274,,-0.6666666666666666,,-0.4609548482605477,,,0.5306122448979592,,1.3914209115281502,,0.7891080855793275,-0.8140200286123033,0.6662714878482513,,,,-0.6794520547945205,1.171058936272161,-0.476930548810102,,-0.0798898071625344,,0.8043956043956044,0.2996158770806658,-0.3567362428842505,0.4571428571428571,-0.010204081632653,-0.0403225806451612,-0.6509357200976403,-1.056,0.8095238095238095,-0.0445969125214408,-0.6026365348399246,-0.5465692053760905,0.9426321709786276,,0.5454545454545454,-0.0240963855421686,0.6122448979591837,-0.1714285714285714,-0.6763005780346821,-0.1795511221945137,0.2379518072289156,-3.45679012345679,0.7326732673267327,,,,,0.0,0.2295081967213114,-1.6043956043956045,0.9,-0.514745308310992,,1.984375,,-0.4512195121951219,,0.5680238331678252,0.5185185185185185,1.7826086956521738,1.5944827586206896,0.5070422535211268,,1.2312599681020733,-0.0582959641255605,-0.125,-0.7792207792207793,1.2820512820512822,-0.6666666666666666,,,,-0.4418604651162791,0.331669439822518,-0.4829545454545454,0.0798548094373865,4.253968253968254,,1.6892230576441103,2.1634241245136185,,153.6846,-0.0638946206475172
2021-07-31,1.0685194058457117,1.2354312354312351,,-0.1739130434782608,-0.1092457862693719,0.3138075313807531,,0.1757188498402556,-0.6666666666666666,0.0,-0.1990120982174815,0.6652741514360313,1.4073462649607924,-0.4451939291736931,-0.6056003796867584,1.1203703703703705,0.0354477611940298,0.8714285714285714,1.2383391256630694,-0.3495145631067961,-0.075050709939148,0.8250401284109149,0.1319610365741591,-0.2127659574468085,-0.4447004608294931,1.4210526315789471,-1.699781999377141,1.2013422818791946,0.7085889570552147,1.376065209336791,0.0,0.2068965517241379,,,,-0.8373983739837398,,-0.6666666666666666,,-0.5086972612879349,,,0.3316326530612244,,1.370420017873101,,0.7879966657404834,-0.6165951359084406,0.7925311203319502,,,,-0.6834094368340944,1.0685194058457117,-0.6197183098591549,0.0665362035225048,-0.1900826446280991,,0.0,-0.1024327784891165,-0.349146110056926,-0.2285714285714285,-0.2448979591836734,-0.0725806451612903,-0.4719283970707892,-0.648,0.8380952380952381,-0.0686106346483705,-0.647834274952919,-0.5984437632633812,0.4611923509561305,,0.5454545454545454,-13.542168674698797,0.6122448979591837,-0.5714285714285714,-0.5953757225433526,-0.0648379052369077,-0.0692771084337349,-1.037037037037037,0.4554455445544554,,,,,-0.0939226519337016,0.2295081967213114,-0.4835164835164835,0.4454545454545454,-0.546916890080429,,1.0390625,,-0.2804878048780488,,0.3773584905660377,0.5185185185185185,1.031055900621118,0.926896551724138,0.5070422535211268,0.3636363636363636,0.8548644338118022,-0.0919282511210762,-0.125,0.7012987012987013,1.3846153846153846,-0.9333333333333332,,,,0.8837209302325582,0.1674986134220743,-0.4204545454545454,-0.014519056261343,0.3809523809523809,,0.7969924812030075,0.7782101167315175,,149.2561,0.0663553678739646
2021-04-30,1.0239578342117872,1.1724941724941724,,-0.1490683229813664,1.1084254143646408,0.2189679218967921,,0.0670926517571885,-0.6666666666666666,0.0,-0.2282196291788961,0.2872062663185378,1.4283945522080066,-0.5189713322091062,-0.6511627906976745,,0.0988805970149253,0.7714285714285715,1.3276019754892994,-0.1067961165048543,-0.024340770791075,0.904226859283039,0.1253446057709979,0.2553191489361702,-0.5353302611367128,1.0842105263157895,-1.9327312363749607,,0.5644171779141104,1.3745831789551686,-0.0661764705882353,0.2551724137931034,,,,-0.8319783197831978,,-0.6666666666666666,,,,,0.3596938775510204,,1.3815907059874888,,0.7868852459016393,-0.6223175965665236,0.7978660343805573,,,,-0.6943683409436834,1.0239578342117872,-0.6663428848955804,0.0117416829745596,-0.2479338842975206,,-0.6681318681318681,-0.1818181818181818,-0.3415559772296015,-0.2285714285714285,-0.1122448979591836,-8.556451612903226,1.161920260374288,0.904,1.542857142857143,-0.0583190394511149,-0.6958568738229756,-0.6437161046922896,1.0821147356580427,,0.3333333333333333,0.0,0.6122448979591837,-0.8571428571428571,0.1676300578034682,-0.4738154613466334,-0.0903614457831325,0.1975308641975308,-0.495049504950495,,,,,0.8784530386740331,0.4918032786885246,-0.0219780219780219,1.181818181818182,-0.5898123324396782,,0.6171875,,-0.073170731707317,,0.2383316782522343,0.3111111111111111,0.6894409937888198,0.5848275862068966,0.3098591549295774,,0.5486443381180224,-0.1210762331838565,-0.1875,0.5454545454545454,-0.6666666666666666,-0.4,,,,0.7441860465116279,0.0321686078757626,-0.3465909090909091,-0.1088929219600726,-0.1269841269841269,,0.556390977443609,0.4046692607003891,,131.5225,0.1980702921553346
2021-01-31,0.6770483948251078,0.6643356643356644,,0.124223602484472,-0.1156532061338373,0.2147838214783821,,-0.3961661341853035,-0.6666666666666666,,-0.2236380556947526,0.466840731070496,1.1584812216260834,-0.4397133220910624,-0.6995728523967727,,-0.0335820895522388,0.7,1.04810682275471,0.2459546925566343,0.0493576741041244,0.4408774745853397,0.1244256570483367,-0.3234042553191489,-0.5591397849462365,0.6,-1.125506072874494,0.9395973154362416,0.6012269938650306,0.5713227121155984,-0.1544117647058823,0.0827586206896551,,,,-0.8780487804878049,,-0.6666666666666666,,-0.5246113989637305,,,0.3647959183673469,,1.0719392314566578,,0.1844956932481244,0.155937052932761,0.4143449911084766,,,,-0.6958904109589041,0.6770483948251078,-0.7158814958717824,-0.035225048923679,-0.2975206611570248,,-0.4923076923076923,-0.7439180537772087,-0.3263757115749525,0.1142857142857142,-0.6530612244897959,0.2338709677419354,0.2082994304312449,-1.024,-1.4952380952380953,-0.614065180102916,-0.591337099811676,-0.6918179674605046,0.0292463442069741,,0.303030303030303,0.0240963855421686,0.6122448979591837,-0.5714285714285714,-0.3526011560693641,-1.216957605985037,2.0813253012048194,1.2592592592592593,-0.099009900990099,-0.2489270386266094,-0.9623188405797102,0.6470588235294118,-0.6832740213523132,-0.8950276243093923,1.4098360655737705,-0.5714285714285714,0.0727272727272727,-0.6541554959785523,,0.921875,,-0.2317073170731707,,0.3217477656405164,0.2814814814814815,0.9254658385093169,0.7889655172413793,0.2816901408450704,-0.4545454545454545,0.8038277511961722,-0.1591928251121076,-0.25,-0.3116883116883117,1.1794871794871795,-0.4,,,,-0.0232558139534883,0.0831946755407653,-0.4545454545454545,-0.101633393829401,-0.1904761904761904,,0.9172932330827068,0.9649805447470816,,119.4554,-0.0320704178662379
2020-10-31,0.6545280306660278,0.7668997668997669,,-0.4720496894409938,0.3993901919361355,0.2629009762900976,,-0.0894568690095846,-0.6666666666666666,,-0.2015892333023122,0.2120104438642297,1.1700371440363186,-0.5046374367622259,-0.5932605600379687,,-0.4440298507462686,0.4642857142857143,0.8637278214743004,-0.5275080906148867,-0.1122379986477349,0.2910647405029427,0.1326961955522881,-0.3829787234042553,-0.6113671274961597,0.4526315789473684,-1.0744316412332606,0.8926174496644296,0.450920245398773,0.7180437198962579,-0.2401960784313725,-0.2206896551724138,,,,-1.021680216802168,,-0.6666666666666666,,-0.5103626943005182,,,0.4183673469387755,,1.0813226094727435,,0.2945262572936927,0.1702432045779685,0.4759928867812685,,,,-0.6821917808219178,0.6545280306660278,-0.6070908207867897,-0.0900195694716242,-0.3553719008264462,,0.1758241758241758,-0.8348271446862996,-0.3111954459203036,-1.3714285714285714,0.8061224489795918,0.4758064516129032,-4.712774613506916,-0.836,0.6761904761904762,0.0514579759862778,-0.6694915254237288,-0.5871256779061542,0.6546681664791901,,0.303030303030303,-0.6265060240963856,0.4489795918367347,0.9428571428571428,-1.2427745664739884,-0.7481296758104738,0.2981927710843373,0.7654320987654321,-0.6534653465346535,-1.5708154506437768,0.2666666666666666,0.7058823529411765,0.0071174377224199,0.3646408839779005,0.0983606557377049,-0.6593406593406593,0.7681818181818182,-0.6648793565683646,,0.6953125,,-0.4756097560975609,,0.1231380337636544,0.2814814814814815,0.7453416149068323,0.6289655172413793,0.2816901408450704,-0.4545454545454545,0.6188197767145136,-0.2399103139013453,-0.25,0.6493506493506493,1.0769230769230769,-0.1333333333333333,,,,0.8372093023255814,-0.0610094287298946,-0.5738636363636364,-0.1560798548094374,-0.2539682539682539,,0.5864661654135338,0.4513618677042801,,99.7363,0.0861799324256128
2020-07-31,0.6157163392429325,0.8717948717948718,,-0.5031055900621118,0.4019337016574585,0.3382147838214784,,-0.3642172523961661,-0.6666666666666666,,-0.1875581645071229,0.1263707571801566,1.1902600082542305,-0.4873524451939292,-0.6720455624110109,,-0.7294776119402985,0.5428571428571428,0.8981159685385037,-0.6407766990291263,-0.1359026369168357,0.2525414660246121,0.1350854622312075,0.1390070921985815,-0.7419354838709677,0.2421052631578947,-1.0009342883836811,,0.1196319018404908,0.7165616895146351,-0.1764705882352941,-0.5172413793103449,,,,-0.8970189701897019,,-0.6666666666666666,,-0.5012953367875648,,,0.5433673469387755,,1.1210902591599643,,0.2934148374548486,-0.9456366237482118,0.4546532305868405,,,,-0.678234398782344,0.6157163392429325,-0.6877124817872754,-0.0874103065883887,-0.3526170798898072,,0.1010989010989011,-0.7426376440460948,-0.3036053130929791,-0.2857142857142857,-0.2653061224489796,0.3951612903225806,3.8340113913751015,-0.684,0.2761904761904762,-0.1132075471698113,-0.7024482109227872,-0.6654091016269748,0.2632170978627671,,0.3333333333333333,0.072289156626506,0.4897959183673469,0.4,-0.2716763005780346,0.3341645885286783,-0.0813253012048192,0.0493827160493827,-0.7326732673267327,-0.1287553648068669,0.3130434782608696,,-0.1637010676156583,-0.005524861878453,0.0327868852459016,0.0219780219780219,0.3818181818181818,-0.7721179624664879,,0.1953125,,-0.9634146341463414,,-0.349553128103277,0.3111111111111111,0.3478260869565217,0.2813793103448276,0.3098591549295774,0.0,0.1786283891547049,-0.5829596412556054,-0.25,-0.4155844155844156,0.1538461538461538,-0.1333333333333333,,,,-0.1162790697674418,-0.5535219079312257,-0.8579545454545454,-0.52994555353902,0.0634920634920634,,0.4711779448621553,0.2723735408560311,,94.3371,0.1978224897733764
2020-04-30,0.5721130809774796,0.9766899766899768,,-0.5031055900621118,0.4861878453038674,0.1896792189679219,,-0.5335463258785943,-0.6666666666666666,,-0.220488223924404,0.0866840731070496,1.1989269500619066,-0.4983136593591905,-0.7043189368770764,,0.4477611940298507,0.5571428571428572,1.043716846533748,1.4951456310679612,0.3103448275862069,0.4291064740502943,0.1284690314280463,-0.4085106382978723,-0.7987711213517665,0.0947368421052631,-1.292432264092183,,-0.0153374233128834,-0.0170433493886624,-0.1666666666666666,-0.3655172413793103,,,,-1.065040650406504,,-0.6666666666666666,,-0.5225758697261288,,,0.4897959183673469,,1.1134941912421803,,-0.2567379827729925,0.0300429184549356,0.1529342027267338,,,,-0.689193302891933,0.5721130809774796,-0.7207382224380767,-0.1135029354207436,-0.3801652892561983,,-2.997802197802198,-0.8040973111395646,-0.3036053130929791,-0.9714285714285714,0.1632653061224489,0.0564516129032258,-0.146460537021969,-0.384,0.1904761904761904,0.0994854202401372,-0.7937853107344632,-0.698420183918887,0.3667041619797525,,0.303030303030303,-0.0240963855421686,0.4489795918367347,-1.0857142857142856,0.7572254335260116,-0.1296758104738154,1.036144578313253,2.320987654320988,-0.4158415841584158,1.3991416309012876,-0.2550724637681159,-0.2941176470588235,0.0569395017793594,0.2320441988950276,-0.0983606557377049,2.131868131868132,0.45,0.353887399463807,,-0.5703125,,-0.8292682926829268,,-0.3972194637537239,0.2814814814814815,-0.2546583850931677,-0.2593103448275862,0.2816901408450704,2.8181818181818183,-0.6379585326953748,-0.3475336322869955,-0.1875,-0.4155844155844156,-0.4615384615384615,0.1333333333333333,,,,-0.1162790697674418,-0.6045479755962285,-0.1988636363636363,-0.5698729582577132,1.9047619047619049,,-0.0200501253132832,-0.490272373540856,,74.9167,0.5083299184294021
2020-01-31,0.5941542884523239,1.2983682983682985,,-0.546583850931677,0.462707182320442,0.2454672245467224,,-0.5463258785942492,-0.6666666666666666,,-0.203880020044384,0.1221932114882506,1.2587701196863392,-0.5059021922428331,-0.7973421926910299,,0.3488805970149253,0.4142857142857143,1.0963965611852935,1.4142394822006472,0.2934415145368492,0.4012841091492777,0.1293879801507076,-0.3858156028368794,-0.8517665130568356,-0.3894736842105263,-1.3734039240112117,,0.2300613496932515,-0.0185253797702852,-0.2745098039215686,-0.3931034482758621,,,,-1.018970189701897,,-0.6666666666666666,,-0.5118430792005921,,,0.4515306122448979,,1.1648793565683646,,-0.2578494026118366,0.0872675250357653,0.1641967990515708,,,,-0.6876712328767123,0.5941542884523239,-0.8159300631374453,-0.0926288323548597,-0.3581267217630854,,-3.0681318681318683,-0.734955185659411,-0.2960151802656546,0.1142857142857142,-1.163265306122449,0.3467741935483871,-0.032546786004882,-0.004,-2.628571428571429,-0.7684391080617495,-0.6468926553672316,-0.7899080405564726,-1.3070866141732282,,0.3939393939393939,-0.0240963855421686,0.4897959183673469,-0.4857142857142857,-0.4566473988439306,0.199501246882793,1.1355421686746987,-0.0987654320987654,-0.3762376237623762,-0.4034334763948498,-2.0985507246376813,0.0588235294117647,-0.8434163701067615,-1.850828729281768,0.5573770491803278,-0.6593406593406593,-1.2454545454545454,-0.6434316353887399,,0.1953125,,-0.2682926829268293,,-0.1350546176762661,0.3703703703703703,0.3540372670807453,0.2979310344827586,0.3661971830985915,1.4545454545454546,0.0829346092503987,-0.3340807174887892,-0.1875,-0.3636363636363636,-0.4615384615384615,0.1333333333333333,,,,-0.0697674418604651,-0.3405435385468663,-0.4659090909090909,-0.3774954627949183,0.9523809523809524,,0.4611528822055137,0.2568093385214007,,80.4777,-0.0664966816894618
2019-10-31,0.5706756109247724,1.4102564102564104,,-0.5838509316770186,0.4979281767955801,0.1757322175732217,,0.3003194888178914,-0.6666666666666666,,-0.2299377192354499,0.1221932114882506,1.2802311184482047,-0.5004215851602024,-0.649264356905553,,0.6996268656716418,0.1071428571428571,0.9420157307481252,1.2233009708737863,0.2535496957403651,0.3424291064740503,0.1264473442381915,-0.3687943262411347,-0.7849462365591398,-0.7263157894736842,-1.562753036437247,,0.1196319018404908,-0.0125972582437939,-0.3406862745098039,-0.2206896551724138,,,,-1.0,,-0.6666666666666666,,-0.5286824574389342,,,-0.0025510204081632,,1.1041108132260948,,-0.2534037232564601,-0.3161659513590844,0.0829875518672199,,,,-0.6925418569254186,0.5706756109247724,-0.6644001942690626,-0.0769732550554468,-0.3415977961432507,,,,-0.2960151802656546,0.0,0.6938775510204082,-18.330645161290324,1.7119609438567942,2.228,0.2095238095238095,-1.5471698113207548,-0.2862523540489642,-0.6427729309125206,0.3712035995500562,,0.303030303030303,-27.903614457831324,0.2857142857142857,0.2857142857142857,-0.5491329479768786,0.2543640897755611,3.11144578313253,0.345679012345679,-0.5346534653465347,-0.5407725321888412,-0.2434782608695652,0.0588235294117647,-1.6512455516014235,0.1878453038674033,-0.2295081967213114,0.0439560439560439,0.4681818181818182,-0.6648793565683646,,0.2890625,,-0.5,,-0.0794438927507447,0.2814814814814815,0.4347826086956521,0.353103448275862,0.2816901408450704,-0.5454545454545454,0.3062200956937799,-0.3901345291479821,-0.125,0.0259740259740259,-0.1538461538461538,0.6666666666666666,,,,0.2790697674418604,-0.3183582917359955,-0.5852272727272727,-0.3920145190562613,-0.6349206349206349,,0.4461152882205513,0.2334630350194552,,73.6839,0.0649504165767557
2019-07-31,0.1744130330618112,0.0209790209790209,,-0.7204968944099379,-0.0725138121546961,0.1750348675034867,,-0.7092651757188498,-0.6666666666666666,,-0.2597179468823824,0.391644908616188,0.8336772595955427,-0.5,-0.2857142857142857,,-0.1548507462686567,0.1642857142857142,0.2162063288823852,0.86084142394822,0.1778228532792427,-0.3092562867843766,0.1251608160264657,-0.4,-0.5791090629800307,-0.7894736842105263,-0.2161320460915602,,-0.107361963190184,-0.7491663579103371,-0.3872549019607843,-0.4827586206896552,,,,-0.7018970189701897,,-0.6666666666666666,,-0.5479274611398963,,,0.0,,0.6148346738159071,,-0.8057793831619895,0.0529327610872675,-0.1351511558980438,,,,-0.6946727549467275,0.1744130330618112,-0.2923749392909179,-0.1056751467710371,-0.371900826446281,,,,-0.2732447817836812,0.0,-0.336734693877551,0.0887096774193548,1.7249796582587469,-2.088,0.0857142857142857,-1.5711835334476845,0.0809792843691148,-0.2815373732610233,0.0472440944881889,,-0.3333333333333333,0.0240963855421686,0.2857142857142857,0.1428571428571428,-0.4682080924855491,-2.239401496259352,-0.0120481927710843,-0.0493827160493827,0.1782178217821782,-0.4206008583690987,0.5333333333333333,0.1764705882352941,-1.6761565836298933,-0.0607734806629834,-0.0983606557377049,-0.1758241758241758,0.059090909090909,-0.675603217158177,,0.21875,,-0.7317073170731707,,-0.2581926514399205,-0.3407407407407407,0.3602484472049689,0.1710344827586206,-0.3098591549295774,0.6363636363636364,0.1467304625199362,-0.5426008968609866,-0.3125,-0.1298701298701298,0.2564102564102564,2.533333333333333,,,,0.1395348837209302,-0.5246810870770937,-0.6988636363636364,-0.5662431941923775,-0.0634920634920634,,0.4310776942355889,0.2101167315175097,,67.3719,0.1647244622758154
2019-04-30,0.364638236703402,0.0839160839160839,,-0.6894409937888198,-0.0593922651933701,0.4386331938633194,,-0.7124600638977636,-0.6666666666666666,,-0.1738134440546925,0.431331592689295,0.846884028064383,-0.489460370994941,0.0844803037494067,,-1.0951492537313432,0.1857142857142857,-0.0691421254801536,,,-0.3092562867843766,0.1383936776327881,-0.4340425531914894,-0.3064516129032258,-0.8526315789473684,0.2148863282466521,,-0.2208588957055214,-0.0022230455724342,-0.3946078431372549,-0.496551724137931,,,,-0.6856368563685636,,-0.6666666666666666,,-0.4924130273871206,1.6105811375238488,,0.0637755102040816,,0.6336014298480787,,-0.2456237843845512,0.1072961373390558,0.1748666271487848,,,,-0.6724505327245053,0.364638236703402,0.0864497328800388,-0.136986301369863,-0.4049586776859504,,,,-0.2352941176470588,-0.8,0.4795918367346938,0.0080645161290322,1.7249796582587469,-0.128,-0.1428571428571428,0.0994854202401372,-0.0103578154425612,0.0863004008488564,0.0922384701912261,,-0.3939393939393939,-6.409638554216867,0.3265306122448979,0.1714285714285714,0.0635838150289017,0.2493765586034912,-0.036144578313253,-0.0987654320987654,-0.1782178217821782,0.3690987124463519,-0.672463768115942,-0.2941176470588235,0.0569395017793594,0.0883977900552486,-0.1639344262295081,-0.3736263736263736,0.1454545454545454,-0.6970509383378016,,0.1875,,-0.8780487804878049,,-0.349553128103277,-0.4,0.3291925465838509,0.1324137931034482,-0.3661971830985915,1.0,0.0893141945773524,-0.6031390134529148,-0.375,0.0,-0.1538461538461538,2.8,,,,0.2558139534883721,-0.6045479755962285,-0.7784090909090909,-0.6134301270417423,0.1904761904761904,,0.3859649122807017,0.1400778210116731,,76.0276,-0.1383431806344013
2019-01-31,0.3310972688068999,0.1491841491841491,,-0.7639751552795031,-0.0462707182320442,0.3765690376569037,,-0.7859424920127795,-0.6666666666666666,,-0.1990120982174815,0.5190600522193212,0.8671068922822947,-0.4903035413153457,-0.0085429520645467,,-1.138059701492537,0.1785714285714285,0.0025608194622279,,,-0.3092562867843766,0.1350854622312075,-0.4283687943262411,-0.3832565284178187,-1.2526315789473683,0.0429772656493304,,-0.1779141104294478,-0.0022230455724342,-0.4044117647058823,-0.4896551724137931,,,,-0.6395663956639567,,-0.6666666666666666,,-0.5086972612879349,,,0.0586734693877551,,0.6470062555853441,,-0.2456237843845512,0.2274678111587982,0.1997628927089508,,,,-0.678234398782344,0.3310972688068999,-0.0087421078193297,-0.131767775603392,-0.3994490358126721,,,,-0.2277039848197343,0.0,-1.0816326530612246,-3.766129032258065,1.7249796582587469,-0.248,-0.4380952380952381,-0.8850771869639794,0.1685499058380414,-0.005187455788729,-0.0832395950506186,,-0.3636363636363636,-5.927710843373494,0.3265306122448979,0.0857142857142857,-0.2485549132947976,0.1246882793017456,-0.1174698795180722,-6.938271604938271,-0.1782178217821782,-0.0944206008583691,0.463768115942029,0.6470588235294118,-0.9644128113879004,-1.9834254143646408,0.360655737704918,6.1098901098901095,-0.0318181818181818,-0.6648793565683646,,0.421875,,-0.8658536585365854,,-0.1986097318768619,-0.3703703703703703,0.5217391304347826,0.3089655172413793,-0.3380281690140845,0.7272727272727273,0.3062200956937799,-0.5762331838565022,-0.3125,-7.584415584415584,,,,,,-6.534883720930233,-0.502495840266223,-0.7556818181818182,-0.5843920145190563,0.0,,2.0,2.6459143968871595,,73.5045,-0.108766129964832
2018-10-31,0.1341638715860086,-0.0256410256410256,,-0.6521739130434783,-0.0089779005524861,0.0495118549511854,,-0.5527156549520766,-0.6666666666666666,,-0.3209964922328012,0.4710182767624021,0.7701196863392489,-0.6150927487352446,0.1718082581869957,,-0.996268656716418,0.0214285714285714,-0.1357234314980794,,,-0.3081861958266452,0.1321448263186914,-0.4482269503546099,-0.2788018433179723,-1.4421052631578948,-0.2485207100591716,,-0.352760736196319,-0.0007410151908114,-0.4411764705882353,-0.3172413793103448,1.0731306491372228,1.0,0.0,-0.7127371273712737,5308000000.0,-0.6666666666666666,0.0,-0.5875277572168763,1.610787397514567,,-0.6964285714285714,,0.402591599642538,,-0.2445123645457071,0.161659513590844,0.1867219917012448,,,,-0.6831050228310502,0.1341638715860086,0.1758135016998543,-0.1500326157860404,-0.418732782369146,,,,-0.2277039848197343,0.8,0.8673469387755102,-0.9274193548387096,-0.9113100081366964,-0.284,0.7523809523809524,0.1646655231560892,0.0527306967984934,0.1674133459089837,0.6321709786276716,,-0.303030303030303,-2.0963855421686746,0.1224489795918367,-0.0571428571428571,-0.6416184971098265,0.0698254364089775,-0.0692771084337349,0.3703703703703703,-0.297029702970297,-0.6781115879828327,0.672463768115942,-0.5294117647058824,0.1245551601423487,0.5359116022099447,-0.2950819672131147,0.2637362637362637,0.7045454545454546,-0.6434316353887399,0.0,0.390625,4000000.0,-0.8536585365853658,,-0.1906653426017875,-0.3111111111111111,0.4968944099378882,0.2979310344827586,-0.2816901408450704,0.4545454545454545,0.2998405103668261,-0.5515695067264574,-0.3125,,,,0.0,0.0,0.0,0.5581395348837209,-0.4803105934553522,-0.7386363636363636,-0.5553539019963702,-0.1904761904761904,0.0,0.4511278195488721,0.2412451361867704,,62.4669,0.031487075555214
2018-07-31,0.0421657882127455,0.0303030303030303,,-0.6956521739130435,-0.1395027624309392,0.0474198047419804,,-0.853035143769968,-0.6666666666666666,,-0.3439043596535185,0.404177545691906,0.7635163021048287,-0.6049747048903878,0.0616990982439487,,-1.289179104477612,0.05,-0.0508505578928114,5.051779935275081,1.0534144692359702,-0.3081861958266452,0.1328799852968204,-0.5078014184397163,-0.4178187403993855,-1.4,-0.2323263780753659,,-0.4846625766871165,-0.0007410151908114,-0.4779411764705882,-0.7793103448275862,1.0724263411198498,1.0,0.0,-0.5149051490514905,0.0,-0.6666666666666666,0.0,-0.6023316062176166,1.610787397514567,,-0.6352040816326531,,0.3976764968722073,,-0.2445123645457071,0.0701001430615164,0.1677534084173088,,,,-0.6818873668188736,0.0421657882127455,0.0631374453618261,-0.2048271363339856,-0.4765840220385675,,,,-0.2125237191650854,-0.4,-0.3163265306122449,-6.717741935483871,-1.2530512611879576,-2.116,-0.6952380952380952,-3.2521440823327614,0.8813559322033898,0.0580051874557887,-0.155230596175478,,-0.3939393939393939,-10.313253012048191,0.1632653061224489,-0.4857142857142857,0.1445086705202312,-0.713216957605985,0.3674698795180723,-0.8888888888888888,-0.4158415841584158,0.4892703862660944,-0.4753623188405797,-0.7647058823529411,-3.419928825622776,-0.430939226519337,-0.360655737704918,-0.2637362637362637,-0.0772727272727272,-0.7184986595174263,0.0,0.375,4000000.0,-1.0609756097560976,,-0.381330685203575,-0.4,0.484472049689441,0.2703448275862068,-0.3661971830985915,2.4545454545454546,0.1467304625199362,-0.7017937219730942,-0.3125,,,,0.0,0.0,0.0,-0.4418604651162791,-0.6821963394342762,-0.875,-0.7114337568058077,1.2698412698412698,0.0,0.656641604010025,0.5603112840466926,,63.5376,-0.015334227292186
2018-04-30,0.2505989458552947,-0.4382284382284382,,-0.782608695652174,0.1270718232044199,0.0815899581589958,,-0.7476038338658147,-0.6666666666666666,,-0.3427589662824826,0.4751958224543081,0.4209657449442839,-0.5935919055649241,0.8970099667774086,,-0.6343283582089553,0.0857142857142857,-0.4635083226632522,0.2491909385113268,1.2670723461798512,0.0299625468164794,0.1365557801874655,-0.5163120567375886,0.2411674347158218,0.0526315789473684,0.4715042042977265,,-0.4202453987730061,0.0007410151908114,-0.5490196078431373,-0.7931034482758621,1.083930038736941,1.0,0.0,-0.4471544715447154,0.0,-0.6666666666666666,0.0,-0.6015914137675795,1.610787397514567,,-0.5663265306122449,,0.2086684539767649,,-0.243400944706863,0.167381974248927,0.1885002963841138,,,,-0.6757990867579908,0.2505989458552947,0.917921321029626,-0.2126549249836921,-0.4848484848484848,,,,-0.1973434535104364,0.0,0.2551020408163265,0.1048387096774193,-0.3254678600488201,-0.216,0.5333333333333333,0.1921097770154373,0.7645951035781544,0.8879981136524404,0.3217097862767154,,-0.4848484848484848,0.072289156626506,0.1632653061224489,1.8857142857142857,-0.1791907514450867,0.2693266832917705,-0.0692771084337349,-0.3209876543209876,0.1782178217821782,0.0085836909871244,0.1855072463768116,-0.7647058823529411,0.1530249110320284,0.2209944751381215,-0.4262295081967213,0.2197802197802197,0.3363636363636363,-0.7828418230563002,0.0,0.2578125,4000000.0,-1.0731707317073171,,-0.448857994041708,-0.4888888888888889,0.3975155279503105,0.176551724137931,-0.4507042253521127,2.090909090909091,0.0829346092503987,-0.672645739910314,-0.25,,,,0.0,0.0,0.0,-0.0697674418604651,-0.6755407653910149,-0.9147727272727272,-0.6388384754990926,0.9523809523809524,0.0,0.5012531328320802,0.3190661478599221,,63.0966,-0.0492847475141291
2018-01-31,0.2093914710110206,-0.3752913752913753,,-0.8757763975155279,0.130524861878453,0.0181311018131101,,-0.8849840255591054,-0.6666666666666666,,-0.3762617223852817,0.4939947780678851,0.4271564176640528,0.7213322091062394,0.7793070716658757,,-0.6417910447761194,0.0,-0.3508322663252241,0.3462783171521035,1.2873563218390804,0.0620652755484216,0.1337989340194817,-0.5333333333333333,0.1428571428571428,0.0736842105263157,0.3058237309249455,,-0.4294478527607362,0.0007410151908114,-0.5147058823529411,-0.6482758620689655,1.0625660288766288,1.0,0.0,-0.3360433604336043,0.0,-0.6666666666666666,0.0,-0.6232420429311621,1.610168617542412,,-0.5535714285714286,,0.2274352100089365,,-0.243400944706863,0.1931330472103004,0.1938352104327208,,,,-0.6794520547945205,0.2093914710110206,0.797474502185527,-0.228310502283105,-0.5013774104683195,,,,-0.2201138519924098,0.1142857142857142,-0.8571428571428571,-0.1693548387096774,0.2115541090317331,0.388,-0.3714285714285714,0.483704974271012,0.5677966101694916,0.7710445649610941,-0.0742407199100112,,-0.4545454545454545,-0.1204819277108433,0.1632653061224489,-0.5428571428571428,-0.0520231213872832,0.2643391521197007,0.6746987951807228,0.0,0.6534653465346535,0.1974248927038626,6.620289855072464,1.5294117647058822,0.4555160142348754,2.56353591160221,0.819672131147541,0.0439560439560439,-0.1181818181818181,-0.7613941018766756,0.0,0.3046875,4000000.0,-1.0365853658536586,,-0.3336643495531281,-0.4592592592592592,0.4409937888198758,0.2206896551724138,-0.4225352112676056,0.5454545454545454,0.2360446570972886,-0.7152466367713004,-0.1875,,,,0.0,0.0,0.0,12.27906976744186,-0.6644481419855796,-0.8863636363636364,-0.7259528130671506,-0.0634920634920634,0.0,-2.130325814536341,-3.7665369649805447,,70.3144,-0.1141231383614167
2017-10-31,0.0804983229516051,-0.3286713286713286,,-0.6211180124223602,-0.2651933701657458,0.2301255230125523,,-0.7124600638977636,-0.6666666666666666,,-0.2608633402534183,-0.6778067885117494,0.4164259182831201,0.7175379426644182,0.580920740389179,,-0.8246268656716418,-0.2142857142857142,-0.2959575635631973,-0.0906148867313915,-0.0953346855983772,-0.0813269127875869,0.1306745083624333,-0.6326241134751773,-0.032258064516129,0.031578947368421,0.6982248520710059,,-0.5122699386503068,0.0022230455724342,-0.5955882352941176,-0.5586206896551724,1.1351097546660407,1.0,0.0,-0.5609756097560976,5300000000.0,-0.6666666666666666,0.0,-0.5486676535899334,1.610787397514567,,-0.548469387755102,,0.2091152815013404,,-0.2422895248680188,-1.1917024320457796,-0.0877296976882039,,,,-0.6855403348554033,0.0804983229516051,0.5944633317144244,-0.319634703196347,-0.5977961432506887,,,,-0.2201138519924098,0.1142857142857142,0.2142857142857142,-0.0564516129032258,-0.4556550040683482,-0.184,-0.580952380952381,0.1612349914236706,0.4595103578154426,0.5739212449893893,0.2542182227221597,,-0.4242424242424242,0.0,-0.0408163265306122,0.0,-0.5953757225433526,1.4663341645885286,-0.6566265060240963,0.1728395061728395,0.5742574257425742,-0.6094420600858369,0.7188405797101449,-0.2941176470588235,0.1209964412811387,0.3149171270718232,-0.4262295081967213,-0.4835164835164835,0.2227272727272727,-0.8042895442359249,0.0,0.25,-5000000.0,-1.2317073170731707,,-0.4369414101290963,-0.4296296296296296,0.3975155279503105,0.1875862068965517,-0.3943661971830985,0.4545454545454545,0.1977671451355661,-0.7511210762331838,-0.1875,,,,0.0,0.0,0.0,0.5581395348837209,-0.7132556849694953,-1.0,-0.7114337568058077,0.0,0.0,0.3609022556390977,0.1011673151750972,,64.9996,-0.0416879488489159
2017-07-31,0.0,-0.296037296037296,,-0.639751552795031,-0.2299723756906077,0.0781032078103207,,-0.987220447284345,-0.6666666666666666,,-0.2992340181831198,-0.3477806788511749,0.4184894758563764,0.7381956155143339,0.4717607973421927,,-0.8656716417910447,-0.1428571428571428,-0.1605999634168648,0.1359223300970873,1.2440838404327248,-0.0064205457463884,0.1273662929608527,-0.7489361702127659,-0.1651305683563748,0.0105263157894736,0.3967611336032389,,-0.6533742331288344,0.0022230455724342,-0.6176470588235294,-0.6689655172413793,1.082521422702195,0.0,0.0,-0.7371273712737128,0.0,-0.6666666666666666,0.0,-0.5734641006661733,1.610787397514567,,-0.4770408163265306,,0.211349419124218,,-0.2422895248680188,-0.9599427753934192,-0.0444576170717249,,,,-0.6910197869101978,0.0,0.4827586206896552,-0.4266144814090019,-0.7107438016528925,,,,-0.1973434535104364,0.1142857142857142,-0.3265306122448979,-0.717741935483871,-0.1008950366151342,0.356,-0.8476190476190476,0.3636363636363636,0.295668549905838,0.4654562603159632,-0.0157480314960629,,-0.4545454545454545,-1.3253012048192772,-0.0816326530612244,-0.0571428571428571,0.2254335260115607,0.6583541147132169,0.3765060240963855,1.2839506172839503,-0.0198019801980198,0.6094420600858369,-0.6492753623188405,1.1764705882352942,0.3309608540925267,-0.005524861878453,-0.360655737704918,-1.4505494505494505,0.0181818181818181,-0.8257372654155496,0.0,-0.0078125,18000000.0,-1.4390243902439024,,-0.6395233366434955,-0.4592592592592592,0.186335403726708,-0.0055172413793103,-0.4225352112676056,0.2727272727272727,-0.0063795853269537,-0.8475336322869955,-0.25,,,,0.0,0.0,0.0,-0.1627906976744186,-0.8796450360510261,-1.1079545454545454,-0.7985480943738656,-0.0634920634920634,0.0,0.3508771929824561,0.0856031128404669,,57.0092,0.0926289090181936
2017-04-30,-0.1173933876377575,-0.3006993006993007,,-0.6583850931677019,1.6466544671894112,-0.0864714086471408,,-0.9584664536741214,-0.6666666666666666,,-0.3373183477700622,-0.2558746736292428,0.400330169211721,0.734822934232715,0.3065970574276222,,-0.9664179104477612,-0.1428571428571428,-0.061093835741723,0.0097087378640776,0.0,-0.0470840021401819,0.1194633339459658,-0.8652482269503546,-0.315668202764977,-0.0526315789473684,0.1600747430706945,,-0.656441717791411,0.003705075954057,-0.6617647058823529,-0.8344827586206897,1.0271158586688578,0.0,0.0,-0.8997289972899729,0.0,-0.6666666666666666,0.0,-0.5980754996299038,1.610787397514567,,-0.3724489795918367,,0.1894548704200178,,-0.2411781050291747,-0.8340486409155937,-0.0177830468286899,,,,-0.7041095890410959,-0.1173933876377575,0.3137445361826129,-0.5335942596216569,-0.8236914600550964,,,,-0.2049335863377609,0.1142857142857142,0.2857142857142857,0.2177419354838709,-0.0585842148087876,-0.028,-0.1523809523809524,0.274442538593482,0.1563088512241054,0.3013440226361707,0.1147356580427446,,-0.3636363636363636,0.072289156626506,-0.0408163265306122,0.3428571428571428,-0.1907514450867052,0.084788029925187,-0.0692771084337349,-0.0987654320987654,-0.0198019801980198,-0.0085836909871244,-0.0115942028985507,0.1764705882352941,0.2384341637010676,0.1823204419889502,-0.2295081967213114,-0.1318681318681318,0.15,-0.8579088471849866,0.0,-0.0234375,-12000000.0,-1.451219512195122,,-0.6554121151936445,-0.3703703703703703,0.1801242236024844,0.0055172413793103,-0.3380281690140845,0.1818181818181818,-0.0063795853269537,-0.874439461883408,-0.1875,,,,0.0,0.0,0.0,0.0465116279069767,-0.906267332224071,-1.130681818181818,-0.8275862068965517,-0.0634920634920634,0.0,0.2957393483709273,0.0,,52.7345,0.1941234996750614
2017-01-31,-0.1863919501677048,-0.2121212121212121,,-0.6335403726708074,-0.2838397790055249,-0.1387726638772664,,-1.1118210862619808,-0.6666666666666666,,-0.3544992483356002,-0.1953002610966057,0.3982666116384647,0.7529510961214165,0.1661129568106312,,-1.1511194029850746,-0.1571428571428571,0.0098774464971648,-0.1585760517799352,-0.0344827586206896,-0.1016586409844836,0.118911964712369,-0.9276595744680852,-0.4423963133640553,-0.0736842105263157,0.0255372158206166,,-0.7300613496932515,0.003705075954057,-0.6544117647058824,-0.8137931034482758,1.0095081582345349,0.0,0.0,-0.9322493224932248,0.0,-0.6666666666666666,0.0,-0.609178386380459,1.610787397514567,,-0.3443877551020408,,0.1988382484361036,,-0.2411781050291747,-0.7510729613733905,0.0,,,,-0.7050228310502283,-0.1863919501677048,0.1699854298203011,-0.5909980430528375,-0.8842975206611571,,,,-0.1973434535104364,0.1142857142857142,-0.5408163265306123,-0.717741935483871,0.0618388934092758,0.008,-0.5904761904761905,-0.3979416809605489,0.2015065913370998,0.1617543032303701,-0.5196850393700787,,-0.3333333333333333,-1.6144578313253013,-0.0816326530612244,-0.3142857142857143,-0.3526011560693641,-0.054862842892768,0.2921686746987952,0.345679012345679,-0.4554455445544554,-0.2489270386266094,-0.5449275362318841,-0.1764705882352941,-0.4590747330960854,-0.6574585635359116,0.0983606557377049,-0.3736263736263736,-0.4409090909090909,-0.9115281501340484,0.0,-0.0078125,3000000.0,-1.670731707317073,,-0.7269116186693148,-0.3407407407407407,0.1925465838509316,0.0220689655172413,-0.3098591549295774,-0.0909090909090909,0.0255183413078149,-0.9641255605381166,-0.1875,,,,0.0,0.0,0.0,0.0,-0.9839156960621188,-1.2613636363636365,-0.8892921960072595,-0.1904761904761904,0.0,0.3157894736842105,0.0311284046692607,,46.4733,0.3403373549973856
2016-10-31,-0.2127455678006708,-0.2191142191142191,,-0.639751552795031,-0.2831491712707182,-0.1778242677824267,,-0.8338658146964856,0.3333333333333333,,1.5182189133080393,-0.2934725848563969,0.3792818819645068,0.7293423271500843,0.2116753678215472,,-1.419776119402985,-0.3714285714285714,-0.0837753795500274,-0.7734627831715211,1.1244083840432726,-0.1872659176029962,-1.0913435030325307,-0.9673758865248226,-0.4423963133640553,-0.031578947368421,0.0093428838368109,,-0.8190184049079755,0.1667284179325676,-0.6985294117647058,-0.8896551724137931,0.9968306139218218,0.0,0.0,-0.9701897018970188,9159000000.0,0.3333333333333333,0.0,0.6014063656550703,-0.5565925849533336,,-0.3290816326530612,,0.1742627345844504,,-0.1189219227563212,-0.6995708154506438,0.0859513930053349,,,,0.489193302891933,-0.2127455678006708,0.2166100048567265,-0.6275277234181343,-0.9228650137741048,,,,-0.1821631878557874,-4.342857142857143,0.2244897959183673,-0.3467741935483871,-0.146460537021969,0.016,0.1333333333333333,0.0754716981132075,0.1167608286252354,0.2070266446592784,0.0112485939257592,,-0.303030303030303,-0.5783132530120482,-0.2448979591836734,0.5428571428571428,-0.5144508670520231,0.2693266832917705,0.6506024096385542,-0.4691358024691358,0.3366336633663366,-0.6094420600858369,0.7072463768115942,-0.4705882352941176,0.0320284697508896,0.2099447513812154,-0.4918032786885246,0.945054945054945,0.0045454545454545,-0.8579088471849866,0.0,-0.3359375,12000000.0,-1.2804878048780488,,-0.6713008937437934,-0.3111111111111111,-0.0745341614906832,-0.2096551724137931,-0.2816901408450704,-1.9090909090909087,-0.1212121212121212,-0.8139013452914798,-0.25,,,,0.0,0.0,0.0,0.0465116279069767,-0.8863006100942873,-1.0511363636363635,-0.7803992740471869,-1.3968253968253967,0.0,0.0952380952380952,-0.2957198443579766,,41.2293,0.5108163369254389
2016-07-31,-0.2525155725922376,-0.1398601398601398,,-0.5838509316770186,2.112192337366376,-0.106694560669456,,-0.9712460063897764,0.3333333333333333,,1.4933066074880093,-0.395822454308094,0.3825835740817169,0.7516863406408094,0.1262458471760797,,-1.0335820895522387,-0.3,-0.0362173038229376,-0.0097087378640776,-0.0040567951318458,-0.2140181915462814,-1.0856460209520309,-1.0127659574468084,-0.5230414746543779,0.3894736842105263,0.0915602616007474,,-0.9233128834355828,-0.2185994812893664,-0.6740196078431373,-0.8620689655172413,1.020307547834253,0.0,0.0,-0.5420054200542005,0.0,0.3333333333333333,0.0,0.5849370836417469,-0.5471046253802918,,-0.3903061224489796,,0.1840929401251117,,-0.4078910808557933,-1.0257510729613737,-0.1464137522228808,,,,0.4846270928462709,-0.2525155725922376,0.1291889266634288,-0.6692759295499021,-0.9669421487603306,,,,-0.1821631878557874,,0.0612244897959183,0.5241935483870968,-0.1399511798209926,-0.18,-0.3809523809523809,-0.0274442538593482,0.0602636534839924,0.1221410044800754,-0.1687289088863892,,-0.1818181818181818,0.0481927710843373,-0.2857142857142857,0.4857142857142857,0.2254335260115607,0.0299251870324189,0.0120481927710843,-0.2222222222222222,-0.7722772277227723,,-0.208695652173913,-0.1764705882352941,-0.0747330960854092,0.0220994475138121,-0.4918032786885246,0.0659340659340659,-0.05,-0.8364611260053619,0.0,-0.46875,-12000000.0,-1.4146341463414631,,-0.8540218470705064,-0.1925925925925926,-0.1925465838509316,-0.2924137931034483,-0.1690140845070422,-0.2727272727272727,-0.3572567783094099,-0.8811659192825112,-0.375,,,,0.0,0.0,0.0,-0.3488372093023256,-1.0349417637271214,-1.1022727272727273,-0.8566243194192378,-0.2539682539682539,0.0,0.0952380952380952,-0.3268482490272373,,44.8462,-0.0800310242948922
2016-04-30,-0.2975563009103977,-0.0279720279720279,,-0.6211180124223602,2.5654162036504835,-0.2329149232914923,,-0.8977635782747604,0.3333333333333333,,1.4131290715154987,-0.1806788511749347,0.3953776310359059,0.7352445193929174,0.0692928334124347,,-1.0671641791044777,-0.3,0.0091457837936711,-0.0097087378640776,-0.0040567951318458,-0.2118780096308186,-1.0759051644918214,-1.049645390070922,-0.5552995391705069,0.431578947368421,-0.2323263780753659,,-0.8865030674846626,-0.2156354205261207,-0.6446078431372549,-1.1448275862068966,0.9778142974527528,0.0,0.0,-0.4173441734417344,0.0,0.3333333333333333,0.0,0.5331236121391562,-0.5277161862527716,,-0.6964285714285714,,0.1608579088471849,,-0.405668241178105,-0.7310443490701002,-0.0841730883224659,,,,0.4721461187214611,-0.2975563009103977,0.070908207867897,-0.7031963470319634,-1.002754820936639,,,,-0.1821631878557874,-4.571428571428571,-0.2040816326530612,-0.8306451612903226,0.2766476810414972,0.36,0.0,0.4802744425385934,-0.135593220338983,0.0655505776939401,0.1102362204724409,,-0.0606060606060606,-1.9518072289156627,-0.2857142857142857,1.1428571428571428,0.3988439306358382,0.0299251870324189,0.4186746987951807,0.7160493827160493,-0.7326732673267327,0.8669527896995708,0.2550724637681159,1.8823529411764703,0.4519572953736654,0.4917127071823204,-0.360655737704918,-0.5494505494505495,0.2272727272727272,-0.8900804289544236,0.0,-0.6015625,3000000.0,-1.3170731707317074,,-0.9016881827209532,-0.074074074074074,-0.2919254658385093,-0.3586206896551724,-0.056338028169014,-0.3636363636363636,-0.4529505582137161,-0.9035874439461884,-0.3125,,,,0.0,0.0,0.0,0.0232558139534883,-1.0904048807542983,-1.0852272727272727,-0.9038112522686026,-0.3174603174603174,0.0,-0.0701754385964912,-0.5680933852140078,,39.1455,0.0549938690049279
2016-01-31,-0.4595112601820795,0.0256410256410256,,0.031055900621118,3.1173884953846422,-0.3145048814504881,,-1.0862619808306708,0.3333333333333333,,1.3976662610065145,-0.2516971279373368,0.3631861328931077,0.6370151770657673,-0.1281442809682012,,-1.414179104477612,-0.3142857142857143,0.0471922443753429,-0.511326860841424,,-0.3788121990369181,-1.06193714390737,-1.0950354609929078,-0.6236559139784946,-1.2736842105263158,-0.3095608844596699,,-0.8404907975460123,-0.2171174509077436,-0.6470588235294118,-0.9379310344827586,0.0,0.0,0.0,-0.7940379403794038,0.0,0.3333333333333333,0.0,0.5231310140636566,-0.5083277471252514,,-0.9438775510204082,,0.049597855227882,,-0.4067796610169492,-0.8283261802575107,-0.1049199762892709,,,,0.4666666666666667,-0.4595112601820795,-0.1311316172899465,-0.7449445531637312,-1.046831955922865,,,,-0.1518026565464895,,-0.8571428571428571,0.4596774193548387,0.032546786004882,-0.296,,-0.4802744425385934,-0.0677966101694915,-0.1306295684979957,-0.5646794150731158,,0.0,0.2891566265060241,-0.2448979591836734,0.0571428571428571,-0.1676300578034682,-0.4987531172069825,0.2349397590361445,0.0,-0.2178217821782178,0.0257510729613733,-0.1043478260869565,-0.8235294117647058,-0.5444839857651246,-0.5248618784530387,0.2950819672131147,-0.1758241758241758,-0.5136363636363637,-0.9222520107238604,0.0,-0.40625,0.0,-1.4878048780487805,,-0.8738828202581926,-0.0148148148148148,-0.1366459627329192,-0.2096551724137931,0.0,-0.2727272727272727,-0.2998405103668261,-0.937219730941704,-0.3125,,,,0.0,0.0,0.0,-0.1395348837209302,-1.0704381586245146,-1.181818181818182,-0.896551724137931,-0.1904761904761904,0.0,0.0902255639097744,-0.3190661478599221,,33.8977,0.179985106425801
2015-10-31,-0.3761379971250599,-0.1328671328671328,,0.0124223602484472,2.97350050675868,-0.2377963737796374,,-0.7699680511182109,0.3333333333333333,,1.3733266518720022,-0.402088772845953,0.3169624432521667,0.586424957841484,-0.0598006644518272,,-1.3414179104477613,-0.45,-0.0625571611487104,-0.7378640776699029,0.95605138607167,-0.4622792937399679,-1.0325307847822092,-1.0666666666666669,-0.4032258064516129,-1.063157894736842,0.0666459047025848,1.4563758389261745,-0.8742331288343558,-0.2141533901444979,-0.678921568627451,-0.7379310344827587,0.0,0.0,0.0,-0.6937669376693767,0.0,0.3333333333333333,0.0,0.5074019245003701,-0.4670757489815913,,-0.8239795918367347,,-0.000893655049151,,-0.4045568213392609,-0.759656652360515,-0.0901007705986959,,,,0.4544901065449011,-0.3761379971250599,-0.0611947547353084,-0.7188519243313763,-1.019283746556474,,,,-0.1442125237191651,0.1142857142857142,0.3775510204081632,-3.524193548387097,0.6248982912937348,0.124,-2.304761904761905,-0.4802744425385934,0.0,-0.0627210563546333,0.0247469066366704,,-0.1818181818181818,-5.927710843373494,-0.4489795918367347,0.2571428571428571,-0.2832369942196532,1.8304239401496256,-0.0572289156626506,1.9259259259259256,-0.6534653465346535,-0.1459227467811159,-0.9971014492753624,-0.1764705882352941,-0.5444839857651246,0.1657458563535911,-0.4918032786885246,-1.8021978021978025,0.1318181818181818,-0.8793565683646113,0.0,-0.3984375,3000000.0,-1.5731707317073171,,-0.8818272095332671,-0.1925925925925926,-0.1428571428571428,-0.2482758620689655,-0.1690140845070422,-0.4545454545454545,-0.2934609250398724,-0.9237668161434978,-0.4375,,,,0.0,0.0,0.0,-0.5116279069767442,-1.054908485856905,-1.1988636363636365,-0.8638838475499092,-0.2539682539682539,-37000000.0,0.1904761904761904,-0.1634241245136186,,35.1252,0.0268241209507224
2015-07-31,-0.4839482510781025,-0.0419580419580419,,-0.1118012422360248,-0.5787292817679558,-0.2740585774058577,,-1.0862619808306708,0.3333333333333333,,1.3426873791967928,-0.2872062663185378,0.3169624432521667,0.5851602023608768,0.0085429520645467,,-1.5895522388059702,-0.4,-0.115236875800256,,,-0.4622792937399679,-1.0354714206947253,-1.1148936170212769,-0.5629800307219662,-1.0210526315789474,-0.0616630333229523,,-0.941717791411043,-0.2141533901444979,-0.6691176470588235,-0.9517241379310344,0.0,0.0,0.0,-0.5067750677506775,0.0,0.3333333333333333,0.0,0.4876017764618801,-0.4670757489815913,,-0.9285714285714286,,-0.0084897229669347,,-0.4045568213392609,-0.876967095851216,-0.1138114997036158,,,,0.4496194824961948,-0.4839482510781025,0.0087421078193297,-0.7632093933463796,-1.0661157024793388,,,,-0.1366223908918406,0.0571428571428571,-0.5204081632653061,-0.4919354838709677,,-0.2,,-0.6518010291595198,0.1148775894538606,0.005187455788729,-0.6321709786276716,,-0.1212121212121212,-1.5421686746987953,-0.4489795918367347,1.5142857142857142,-0.1676300578034682,0.0049875311720698,0.0,-0.5679012345679012,-0.9702970297029704,0.0257510729613733,-0.2434782608695652,-0.8235294117647058,-0.7224199288256228,-0.425414364640884,-0.5573770491803278,0.2637362637362637,-0.4954545454545455,-0.9115281501340484,0.0,-0.515625,0.0,-1.6585365853658536,,-0.9692154915590864,-0.1333333333333333,-0.2298136645962732,-0.3144827586206896,-0.1126760563380281,-0.6363636363636364,-0.3700159489633174,-0.9439461883408072,-0.375,,,,0.0,0.0,0.0,-0.0465116279069767,-1.1014975041597337,-1.255681818181818,-0.8602540834845736,-0.4444444444444444,-2000000.0,0.0,-0.4747081712062256,,38.2254,-0.115263672845804
2015-04-30,-0.4068040249161476,0.0326340326340326,,-0.0062111801242236,-0.505524861878453,-0.2357043235704323,,-0.9009584664536742,0.3333333333333333,,1.3206385568043526,-0.2287206266318537,0.3066446553858852,0.5906408094435076,0.1243474133839582,,-1.4458955223880596,-0.3571428571428571,-0.2037680629229925,,,-0.4612092027822365,-1.0226061385774674,-1.097872340425532,-0.4539170506912442,-0.9578947368421052,-0.0018685767673621,,-0.9662576687116564,-0.2126713597628751,-0.6421568627450981,-0.8620689655172413,0.0,0.0,0.0,-0.3387533875338753,0.0,0.3333333333333333,0.0,0.4733530717986676,-0.4466560099004795,,-0.9209183673469388,,0.0,,-0.4034454015004168,-0.7968526466380543,-0.0966212211025489,,,,0.4407914764079148,-0.4068040249161476,0.1272462360369111,-0.7475538160469667,-1.0495867768595042,,,,-0.1138519924098671,0.1142857142857142,0.1224489795918367,0.7983870967741935,,-0.164,,0.0377358490566037,0.0404896421845574,0.1202546569205376,-0.21822272215973,,-0.0909090909090909,0.3855421686746988,-0.4489795918367347,0.0571428571428571,0.3641618497109826,-0.3092269326683292,0.216867469879518,-0.1234567901234567,-0.9306930693069309,0.8154506437768241,-0.2782608695652174,0.3529411764705882,-0.0071174377224199,0.1767955801104972,-0.4918032786885246,-0.0659340659340659,-0.0818181818181818,-0.8900804289544236,0.0,-0.765625,0.0,-1.6341463414634143,,-1.1002979145978151,-0.1037037037037037,-0.4285714285714285,-0.4855172413793103,-0.0845070422535211,-0.1818181818181818,-0.6060606060606061,-0.9753363228699552,-0.375,,,,0.0,0.0,0.0,-0.3953488372093023,-1.2146422628951747,-1.2329545454545454,-0.925589836660617,-0.1269841269841269,-5000000.0,-0.0852130325814536,-0.6303501945525292,,38.521,-0.0910360582539393
2015-01-31,-0.3555342597029228,0.1328671328671328,,0.6024844720496895,-0.1149135456891838,-0.1806136680613668,,-0.9169329073482428,0.3333333333333333,,1.3066074880091632,-0.1702349869451697,0.3111844820470491,0.6142495784148398,0.0493592785951589,,-1.4496268656716418,-0.3071428571428571,-0.1445033839400036,,0.9580797836375928,-0.4590690208667737,-1.000735158978129,-1.049645390070922,-0.4062980030721966,-0.9789473684210528,0.029274369355341,,-0.8466257668711656,-0.2097072989996295,-0.6323529411764706,-0.8896551724137931,0.0,0.0,0.0,-0.3143631436314363,0.0,0.3333333333333333,0.0,0.4642857142857143,-0.4132418914041149,,-0.9846938775510204,,0.0201072386058981,,-0.4012225618227285,-0.7167381974248928,-0.0788381742738589,,,,0.4277016742770167,-0.3555342597029228,0.0505099562894609,-0.7031963470319634,-1.002754820936639,,,,-0.1062618595825427,,-0.9387755102040816,0.4112903225806452,,-3.072,,-3.355060034305317,0.8973634651600754,0.0457439283187927,-1.1316085489313836,,0.0606060606060606,0.072289156626506,-0.4081632653061224,0.2857142857142857,-0.1676300578034682,0.4688279301745636,-2.463855421686747,-0.2222222222222222,-0.4554455445544554,0.0257510729613733,-0.8695652173913043,-1.7058823529411764,-3.526690391459075,-0.9502762430939228,0.2295081967213114,0.0879120879120879,-1.059090909090909,-0.8150134048257373,0.0,-0.6328125,0.0,-1.4146341463414631,,-0.9692154915590864,0.0444444444444444,-0.3291925465838509,-0.3696551724137931,0.056338028169014,0.5454545454545454,-0.5550239234449761,-0.852017937219731,-0.4375,,,,0.0,0.0,0.0,-0.3255813953488372,-1.0748752079866888,-1.0909090909090908,-0.8166969147005445,0.3809523809523809,-30000000.0,-0.0150375939849624,-0.7159533073929961,,35.2961,0.0047120535218153
2014-10-31,1.197412553905127,0.3846153846153846,,0.5217391304347826,1.0290055248618784,0.5495118549511855,,0.3578274760383386,0.3333333333333333,,1.6247404968143746,0.3227154046997389,0.5369376805612877,1.0252951096121417,0.9131466540104414,,-0.1007462686567164,0.8142857142857143,-0.0025608194622279,-0.9352750809061487,0.9614604462474644,0.7223113964686998,-0.9977945230656128,0.3432624113475177,0.9585253456221198,0.4736842105263157,0.5350358143880412,,0.2822085889570552,1.4264542423119675,0.6225490196078431,0.6137931034482759,0.0,0.0,0.0,-0.5284552845528455,0.0,0.3333333333333333,0.0,0.6711695040710585,-0.4120043314598051,,-0.3494897959183674,,0.6742627345844504,,0.8257849402611837,0.3505007153075822,0.7931238885595732,,,,0.4307458143074581,1.197412553905127,0.9344341913550268,0.5779517286366601,0.349862258953168,,,,-0.1062618595825427,-1.2,1.030612244897959,-0.0241935483870967,1.578519121236778,2.484,-0.1714285714285714,1.9519725557461407,0.2975517890772128,0.904032067908512,-0.2947131608548931,,0.7878787878787878,-0.3132530120481928,0.0,-0.3142857142857143,-1.369942196531792,1.4962593516209477,2.2048192771084336,-2.271604938271605,0.0594059405940594,-1.7081545064377683,1.7159420289855072,-1.6470588235294117,1.9786476868327405,0.0,0.0327868852459016,4.307692307692308,-0.2727272727272727,0.2680965147453083,0.0,-0.8515625,3000000.0,0.7560975609756098,0.0,0.5561072492552135,0.7851851851851852,-0.4409937888198758,-0.336551724137931,0.7323943661971831,-6.454545454545454,-0.1786283891547049,0.7623318385650224,0.1875,,,,0.0,0.0,0.0,1.0232558139534884,0.6533555185801442,0.7556818181818182,0.617059891107078,-4.507936507936508,317000000.0,-0.4110275689223057,-1.0972762645914398,,36.6276,-0.0360984612696437
2014-07-31,1.015333013895544,0.5967365967365967,,1.0,0.5227900552486188,0.795676429567643,,0.047923322683706,0.3333333333333333,,1.6327582504116258,0.429242819843342,0.5835740817168799,1.0986509274873524,0.3084954912197437,,-0.2350746268656716,0.9,0.0640204865556978,-0.656957928802589,,0.1380417335473515,-1.0104760154383383,0.4595744680851064,0.478494623655914,0.5789473684210527,0.7032077234506384,,0.0,0.5653945905891071,0.6887254901960784,0.1103448275862069,0.0,0.0,0.0,0.5365853658536586,0.0,0.3333333333333333,0.0,0.6750555144337528,-0.4120043314598051,,-0.3622448979591837,,0.7837354781054513,,0.180050013892748,0.1044349070100143,0.4013040901007706,,,,0.4097412480974124,1.015333013895544,0.3156872268091306,0.684931506849315,0.4628099173553719,,,,-0.1062618595825427,-1.2,-1.3061224489795915,-0.2177419354838709,-1.741253051261188,-1.832,,-2.150943396226415,0.8239171374764596,0.3032303701957085,-0.9156355455568054,,0.9696969696969696,0.4819277108433735,0.0,-0.0571428571428571,0.0404624277456647,0.2493765586034912,0.3132530120481928,0.0,0.8118811881188119,,-1.2869565217391303,0.1764705882352941,-2.277580071174377,-1.1767955801104972,0.0327868852459016,-0.5714285714285714,-0.9863636363636364,0.1394101876675603,0.0,-0.078125,0.0,1.0,,0.6236345580933466,0.9333333333333332,0.186335403726708,0.2537931034482759,0.9014084507042254,-2.272727272727273,0.1722488038277512,0.5515695067264574,0.3125,,,,0.0,0.0,0.0,0.2790697674418604,0.5668330560177482,0.5397727272727273,0.4137931034482758,-1.6507936507936507,0.0,0.2105263157894736,-0.1322957198443579,,37.078,-0.0566427531150547
2014-04-30,1.3248682319118352,0.752913752913753,,0.8198757763975155,0.9689226519337016,0.795676429567643,,0.2811501597444089,0.3333333333333333,,1.6064142028778008,0.439686684073107,0.6062732150226992,1.1433389544688026,0.8391077361177028,,0.0130597014925373,1.0642857142857145,0.0040241448692152,-0.7928802588996764,,0.6484751203852327,-1.0080867487594192,0.451063829787234,0.8955453149001537,-0.0736842105263157,0.5375272500778574,,0.0368098159509202,1.3241941459799926,0.6911764705882353,0.6551724137931034,0.0,0.0,0.0,0.7506775067750677,0.0,0.3333333333333333,0.0,0.6559955588452998,-0.40169133192389,,-0.3239795918367347,,0.8297587131367292,,0.7490969713809391,0.1187410586552217,0.7053941908713693,,,,0.3984779299847793,1.3248682319118352,0.8586692569208354,0.6771037181996086,0.4545454545454545,,,,-0.1138519924098671,,0.9387755102040816,0.0241935483870967,,-0.048,,0.4802744425385934,0.628060263653484,0.8304645130865362,0.420697412823397,,0.9393939393939394,0.0,0.0,-0.2285714285714285,-0.4913294797687861,0.2493765586034912,0.0,0.4444444444444444,0.3762376237623762,-0.4549356223175965,0.1043478260869565,0.7058823529411765,0.4519572953736654,0.3259668508287293,0.2295081967213114,-0.1978021978021978,0.4136363636363636,0.128686327077748,0.0,-0.0625,0.0,1.0609756097560976,,0.564051638530288,0.9037037037037036,0.2111801242236025,0.2703448275862068,0.8732394366197183,-0.1818181818181818,0.0510366826156299,0.515695067264574,0.4375,,,,0.0,0.0,0.0,0.2558139534883721,0.4891846921797005,0.5625,0.3411978221415608,-0.1269841269841269,0.0,0.1704260651629072,-0.1945525291828793,,35.6413,-0.0186160437470013
2014-01-31,1.138955438428366,0.8321678321678322,,0.6335403726708074,0.8342541436464088,0.6610878661087866,,-0.0638977635782747,0.3333333333333333,,1.5760612785453505,0.360313315926893,0.5856376392901362,1.112141652613828,0.6416706217370669,,-0.291044776119403,0.9857142857142858,0.15767331260289,,,0.6506153023006955,-1.0064326410586288,0.4226950354609929,0.6620583717357911,-0.1578947368421052,0.330738087823108,,-0.1288343558282208,1.327158206743238,0.6617647058823529,0.3034482758620689,0.0,0.0,0.0,0.4905149051490515,0.0,0.3333333333333333,0.0,0.6384159881569208,-0.391378332387975,,-0.461734693877551,,0.792225201072386,,0.7513198110586274,0.0100143061516452,0.6864256075874333,,,,0.3859969558599695,1.138955438428366,0.6566294317629917,0.6510110893672537,0.4269972451790633,,,,-0.1062618595825427,,-0.8367346938775511,0.1532258064516129,,-0.032,,-0.0034305317324185,0.5649717514124294,0.6342843668946003,-0.1687289088863892,,0.9090909090909092,0.0,0.0,-0.5142857142857142,0.4682080924855491,0.0,-0.0572289156626506,0.345679012345679,0.0594059405940594,0.9699570815450644,-0.8347826086956521,-0.5882352941176471,-0.0498220640569395,-0.7182320441988951,1.147540983606557,0.1978021978021978,-0.1454545454545454,0.1394101876675603,0.0,-0.0234375,0.0,0.7560975609756098,,0.5004965243296922,0.8740740740740741,0.2360248447204969,0.2868965517241379,0.8450704225352113,-0.5454545454545454,0.1020733652312599,0.3811659192825112,0.375,,,,0.0,0.0,0.0,-0.6744186046511628,0.3738214087631725,0.4261363636363636,0.2105263157894736,-2.095238095238096,0.0,0.4511278195488721,0.2412451361867704,,38.2594,-0.090322901038699
2013-10-31,1.1619549592716818,0.965034965034965,,0.2298136645962732,0.9765193370165746,0.5509065550906556,,0.1629392971246006,0.3333333333333333,,1.5142100365094138,0.2266318537859007,0.598018984729674,1.168212478920742,0.5780730897009967,,-0.1921641791044776,0.8428571428571429,0.209621364550942,,,0.6548956661316212,-1.005881271825032,0.4368794326241135,0.5821812596006144,0.0526315789473684,0.0255372158206166,,0.0245398773006134,1.3330863282697296,0.6078431372549019,0.3172413793103448,0.0,0.0,0.0,0.6395663956639567,0.0,0.3333333333333333,0.0,0.5984455958549223,-0.370752333316145,,-0.3341836734693877,,0.8601429848078642,,0.7557654904140039,0.4363376251788269,0.7771191464137522,,,,0.3564687975646879,1.1619549592716818,0.5915492957746479,0.6640574037834311,0.4407713498622589,,,,-0.1214421252371916,-0.3428571428571428,0.5510204081632653,0.0887096774193548,,0.264,,0.9502572898799314,0.2401129943502825,0.5710917236500825,0.6546681664791901,,0.8787878787878788,-0.1927710843373494,-0.2040816326530612,-0.1142857142857142,-0.1907514450867052,4.987531172069826,-2.3734939759036147,0.7407407407407407,-0.4554455445544554,-0.0085836909871244,-0.1507246376811594,0.8823529411764706,0.9395017793594306,0.3204419889502762,-0.0327868852459016,-0.6153846153846154,0.7454545454545455,0.0965147453083109,0.0,0.46875,0.0,0.2926829268292683,,0.5998013902681232,0.8444444444444444,0.6335403726708074,0.6344827586206897,0.8169014084507042,-0.8181818181818182,0.529505582137161,0.3183856502242152,0.4375,,,,0.0,0.0,0.0,0.4186046511627907,0.4603438713255685,0.1875,0.2613430127041742,-0.5714285714285714,0.0,0.531328320802005,0.3657587548638132,,33.3205,0.0799027625635869
2013-07-31,0.9664590321034978,1.0326340326340326,,0.2049689440993788,1.0393646408839778,0.202928870292887,,0.0,0.3333333333333333,,1.4649581215548717,0.9660574412532638,0.5765579859678085,1.162310286677909,0.2505932605600379,,-0.2891791044776119,1.0142857142857142,0.4635083226632522,,,0.657035848047084,-1.0174600257305642,0.451063829787234,0.2864823348694316,-0.2631578947368421,-0.5674244783556525,,-0.0490797546012269,1.3360503890329751,0.5784313725490197,0.1448275862068965,0.0,0.0,0.0,-0.075880758807588,0.0,0.3333333333333333,0.0,0.5666173205033309,-0.370752333316145,,-0.3086734693877551,,0.8498659517426274,,0.7579883300916921,0.8397711015736766,0.8618850029638412,,,,0.3372907153729071,0.9664590321034978,0.2564351627003399,0.6771037181996086,0.4545454545454545,,,,-0.0683111954459203,,-0.9693877551020408,0.0403225806451612,0.8852725793327909,-1.088,,-0.8816466552315609,0.4180790960451977,0.2456967696298043,-0.0742407199100112,,0.7575757575757576,0.0240963855421686,-0.1224489795918367,-0.3714285714285714,0.3988439306358382,-2.8977556109725686,-0.0813253012048192,0.1975308641975308,0.3762376237623762,0.8669527896995708,0.0115942028985507,-0.9411764705882352,-0.9608540925266904,-0.3370165745856354,-0.0983606557377049,0.0439560439560439,-0.0863636363636363,0.0750670241286863,0.0,0.140625,0.0,0.2804878048780488,,0.3932472691161867,0.725925925925926,0.3540372670807453,0.3641379310344828,0.704225352112676,-0.4545454545454545,0.2169059011164274,0.2802690582959641,0.25,,,,0.0,0.0,0.0,0.4418604651162791,0.3139212423738214,0.1704545454545454,0.2105263157894736,-0.3174603174603174,0.0,0.3157894736842105,0.0311284046692607,,29.2946,0.2283117024980714
2013-04-30,1.114518447532343,1.1491841491841492,,0.3043478260869565,0.8950276243093923,0.5641562064156206,,0.2268370607028754,0.3333333333333333,,1.4285918820244827,1.0245430809399478,0.5810978126289723,1.190556492411467,0.4299952539155197,,0.3787313432835821,0.9857142857142858,0.072800438997622,0.0388349514563106,,0.2878544676297485,-0.9040617533541628,0.4737588652482269,0.4662058371735791,-0.3473684210526316,0.0018685767673621,,0.0766871165644171,0.4542423119673953,0.5490196078431373,0.4275862068965517,0.0,0.0,0.0,0.0,0.0,0.3333333333333333,0.0,0.5431162102146558,-0.2302892796369824,,-0.2831632653061224,,0.8833780160857909,,0.0966935259794387,0.9198855507868384,0.5257854179016005,,,,0.3178082191780822,1.114518447532343,0.4400194269062651,0.6979778212654925,0.4765840220385675,,,,-0.0227703984819734,-1.0285714285714285,0.5102040816326531,-0.2338709677419354,,-0.42,,0.0034305317324185,0.3531073446327684,0.4239566140061306,0.3757030371203599,,0.7878787878787878,0.072289156626506,-0.1224489795918367,-0.1142857142857142,-0.6416184971098265,-0.199501246882793,-0.0180722891566265,0.0,0.297029702970297,-0.6781115879828327,0.5333333333333333,-0.4705882352941176,-0.0427046263345195,0.2265193370165746,-0.0327868852459016,0.1538461538461538,0.3772727272727272,0.1823056300268096,0.0,0.03125,0.0,0.8658536585365854,,0.5322740814299901,0.7555555555555555,0.2546583850931677,0.2813793103448276,0.7323943661971831,0.1818181818181818,0.0701754385964912,0.5112107623318386,0.125,,,,0.0,0.0,0.0,0.1627906976744186,0.4914032168607876,0.5,0.3738656987295826,0.1904761904761904,0.0,0.3057644110275689,0.0155642023346303,,27.0643,0.3295337400191396
2013-01-31,1.1461427886919022,1.3216783216783217,,0.3478260869565217,0.9109116022099448,0.5941422594142259,,-0.0095846645367412,0.3333333333333333,,1.3807717087837357,1.191644908616188,0.6079240610813041,1.2563237774030354,0.3644992880873279,,0.2630597014925373,1.0285714285714285,0.1269434790561551,0.0388349514563106,,0.2932049224184055,-0.8845800404337438,0.5191489361702127,0.3847926267281106,-0.1789473684210526,-0.1177203363438181,,-0.0521472392638036,0.4616524638755094,0.5441176470588235,0.4689655172413793,0.0,0.0,0.0,0.2818428184281842,0.0,0.3333333333333333,0.0,0.5122131754256106,-0.2014128809364203,,-0.2602040816326531,,0.9602323503127792,,0.1022506251736593,-1.1144492131616597,0.5761707172495554,,,,0.3074581430745814,1.1461427886919022,0.3729966002914036,0.7397260273972602,0.5206611570247934,,,,0.0,-0.0571428571428571,-0.979591836734694,-0.25,,0.0,,0.1063464837049742,0.2598870056497175,0.358877623202075,0.0607424071991001,,0.8484848484848485,-0.1686746987951807,-0.3673469387755102,-0.5428571428571428,0.6184971098265896,0.1047381546134663,-0.0602409638554216,0.1975308641975308,0.6138613861386139,1.1931330472103003,0.0579710144927536,-0.5294117647058824,0.0640569395017793,-0.287292817679558,0.819672131147541,0.0439560439560439,0.0227272727272727,0.1608579088471849,0.0,0.0078125,0.0,0.7073170731707317,,0.4885799404170804,0.8148148148148148,0.2360248447204969,0.2758620689655172,0.7887323943661971,-0.4545454545454545,0.0956937799043062,0.3856502242152466,0.125,,,,0.0,0.0,0.0,-0.2093023255813953,0.3760399334442595,0.4147727272727273,0.2250453720508167,-0.3174603174603174,0.0,0.3709273182957393,0.1167315175097276,,29.1623,-0.0925475699790482
2012-10-31,1.0900814566363202,1.3613053613053614,,0.3043478260869565,0.9447513812154696,0.4783821478382148,,0.2619808306709265,0.3333333333333333,,1.3515641778223209,0.7697127937336815,0.5889393314073462,1.2415682967959527,0.2705268153773137,,0.3507462686567164,0.7071428571428572,0.200109749405524,0.0388349514563106,,0.294275013376137,-0.8834773019665503,0.5219858156028369,0.3210445468509985,-0.5789473684210527,-0.2883836810962317,,0.0981595092024539,0.4631344942571322,0.4803921568627451,0.5172413793103449,0.0,0.0,0.0,0.0921409214092141,0.0,0.3333333333333333,0.0,0.4933382679496669,-0.1851183416696746,,-0.2270408163265306,,0.9450402144772118,,0.1033620450125034,1.151645207439199,0.5773562537048014,,,,0.2852359208523592,1.0900814566363202,0.2768334142787761,0.7423352902804957,0.5234159779614325,,,,0.0075901328273244,,0.0204081632653061,-0.5725806451612904,0.2473555736371033,0.348,,1.234991423670669,-0.1431261770244821,0.2655034190049516,1.140607424071991,,0.8484848484848485,-0.6746987951807228,-0.4081632653061224,1.0571428571428572,0.4797687861271676,0.0299251870324189,1.1234939759036144,-4.049382716049383,0.693069306930693,0.9871244635193132,0.336231884057971,0.5294117647058824,1.2348754448398576,-0.2430939226519337,-0.2295081967213114,3.56043956043956,1.1045454545454545,0.1501340482573726,0.0,0.484375,0.0,0.4878048780487805,,0.6554121151936445,0.8148148148148148,0.6086956521739131,0.6068965517241379,0.7887323943661971,-0.3636363636363636,0.4848484848484848,0.4439461883408072,0.1875,,,,0.0,0.0,0.0,-4.511627906976744,0.5690515806988353,0.3068181818181818,0.3883847549909255,-0.2539682539682539,0.0,1.3433583959899749,1.6264591439688716,,23.3806,0.1318529036893834
2012-07-31,0.7168183996166747,1.358974358974359,,0.062111801242236,0.6222375690607734,0.2608089260808926,,-0.0543130990415335,0.3333333333333333,,1.239601975803565,0.6381201044386423,0.5579859678085018,1.0999156829679595,-0.1357380161366872,,0.7182835820895522,0.8142857142857143,0.404975306383757,0.8478964401294499,,0.1359015516318887,-0.8829259327329535,0.451063829787234,0.0,-0.6842105263157895,-0.5823730924945499,,0.1809815950920245,-0.1267135976287514,0.5343137254901961,0.7310344827586207,0.0,0.0,0.0,0.2981029810298103,0.0,0.3333333333333333,0.0,0.4209844559585492,-0.1655236425514361,,-0.8775510204081632,,0.7837354781054513,,-0.3389830508474576,-1.9298998569384835,0.1837581505631298,,,,0.2572298325722983,0.7168183996166747,-0.1389023797960175,0.6771037181996086,0.4545454545454545,,,,0.0075901328273244,,-0.979591836734694,-34.57258064516129,-0.2310821806346623,0.212,,-7.001715265866209,1.7146892655367232,-0.1381749587361471,0.0382452193475815,,0.5454545454545454,-51.78313253012048,-0.3673469387755102,0.1428571428571428,0.4797687861271676,0.6433915211970075,-6.692771084337349,-0.0493827160493827,0.2178217821782178,0.9871244635193132,-0.6492753623188405,-0.2352941176470588,-7.309608540925267,-0.5469613259668509,-0.1639344262295081,-0.0659340659340659,0.0454545454545454,-0.0214477211796246,0.0,0.34375,0.0,0.3902439024390244,,0.5283018867924528,0.5185185185185185,0.0372670807453416,0.0441379310344827,0.5070422535211268,-1.4545454545454546,0.4338118022328548,0.3632286995515695,0.0625,,,,0.0,0.0,0.0,-0.6976744186046512,0.4714364947310039,0.1704545454545454,0.3448275862068966,-1.0158730158730158,0.0,0.6917293233082706,0.6147859922178989,,24.8103,-0.0420470530384558
2012-04-30,0.5519885002395784,-0.2517482517482518,,-0.2111801242236025,0.486878453038674,0.1576011157601115,,0.0766773162939297,0.3333333333333333,,1.1800415205097,0.3185378590078329,-0.0004127115146512,0.2567453625632377,1.7370669197911723,,0.2425373134328358,0.7285714285714285,-1.0656667276385583,0.0420711974110032,,0.0963081861958266,-0.8908288917478405,0.0453900709219858,1.381720430107527,-0.5368421052631579,1.7795079414512611,,0.0552147239263803,0.1874768432752871,0.3161764705882353,0.4896551724137931,0.0,0.0,0.0,0.5772357723577236,0.0,0.3333333333333333,0.0,0.3824944485566247,-0.1655236425514361,,-0.7831632653061225,,-0.1738159070598748,,-0.1033620450125034,-0.0472103004291845,0.2187314759928867,,,,0.2441400304414003,0.5519885002395784,1.7775619232637203,0.3039791258969341,0.0606060606060606,,,,0.0151802656546489,0.2857142857142857,0.979591836734694,-0.0080645161290322,,0.0,,0.5694682675814752,1.4943502824858756,1.7227069087479367,0.5466816647919011,,-0.1515151515151515,-0.4819277108433735,-0.3673469387755102,-0.0857142857142857,-1.1271676300578035,0.2793017456359102,-0.2379518072289156,-0.5185185185185185,-0.2574257425742574,-1.3991416309012876,0.4869565217391304,0.0,0.5444839857651246,0.2430939226519337,-0.1639344262295081,-0.0439560439560439,0.6136363636363636,0.0214477211796246,0.0,0.7734375,0.0,0.3170731707317073,,0.6395233366434955,-0.1629629629629629,0.3664596273291925,0.2096551724137931,-0.1408450704225352,0.9090909090909092,0.6251993620414673,0.3183856502242152,0.125,,,,0.0,0.0,0.0,0.3023255813953488,0.4936217415418746,0.1590909090909091,0.279491833030853,0.6349206349206349,0.0,0.7518796992481203,0.708171206225681,,27.2584,-0.0817913010301412
2012-01-31,0.4015333013895544,-0.2051282051282051,,0.062111801242236,0.4261049723756906,0.0,,-0.2108626198083067,0.3333333333333333,,1.1070226931061635,0.4,0.0,0.2440978077571669,1.5149501661129567,,0.0,0.6571428571428571,-0.8915310042070606,0.0453074433656957,,0.1005885500267522,-0.8889909943025179,0.076595744680851,1.1551459293394777,-0.5578947368421052,1.4718156337589536,,-0.2361963190184049,0.1919229344201556,0.2916666666666667,0.2758620689655172,0.0,0.0,0.0,0.6287262872628726,0.0,0.3333333333333333,0.0,0.3353071798667653,-0.1564482029598308,,-0.9107142857142856,,-0.1823056300268096,,-0.1000277854959711,0.0643776824034334,0.2436277415530527,,,,0.2337899543378995,0.4015333013895544,1.5502671199611462,0.3326810176125244,0.0909090909090909,,,,0.0,0.3428571428571428,-1.663265306122449,0.5403225806451613,,0.272,,0.2298456260720411,1.3672316384180792,1.502004244282009,-0.3667041619797525,,-0.1212121212121212,0.5301204819277109,-1.7959183673469388,-0.8857142857142857,0.4104046242774566,0.3291770573566084,-0.1355421686746988,0.3209876543209876,0.099009900990099,0.8841201716738197,-0.1971014492753623,,0.192170818505338,-0.8784530386740331,0.5573770491803278,-0.2857142857142857,-0.35,-0.0214477211796246,0.0,0.484375,0.0,0.1829268292682926,,0.464746772591857,-0.1333333333333333,0.5714285714285714,0.3972413793103448,-0.1126760563380281,0.2727272727272727,0.4401913875598086,0.163677130044843,0.1875,,,,0.0,0.0,0.0,0.0232558139534883,0.2762063227953411,0.0738636363636363,0.0834845735027223,0.1269841269841269,0.0,0.8872180451127819,0.9182879377431906,,27.3841,-0.0607542332959636
2011-10-31,0.3814087206516531,-0.1701631701631701,,-0.0496894409937888,0.5234806629834254,-0.1311018131101813,,0.1373801916932907,0.3333333333333333,,1.0511847662681653,0.3248041775456919,-0.012794056954189,0.2883642495784148,1.3868058851447556,,0.2462686567164179,0.4857142857142857,-0.7898298884214378,0.0485436893203883,,0.1048689138576779,-0.8930343686822275,0.0737588652482269,1.043010752688172,-0.4105263157894737,1.2575521644347556,,-0.0950920245398773,0.196369025565024,0.196078431372549,0.593103448275862,0.0,5.0,0.0,0.7073170731707317,0.0,0.3333333333333333,0.0,0.2992227979274611,-0.1496416232661269,,-0.6198979591836735,,-0.1358355674709562,,-0.0966935259794387,0.0815450643776824,0.2489626556016597,,,,0.2170471841704718,0.3814087206516531,1.4191355026711996,0.3300717547292889,0.0881542699724518,,,,0.0,0.8,1.0918367346938775,-2.411290322580645,-5.109845402766477,0.12,,1.228130360205832,0.9661016949152542,1.3746757840132044,1.2530933633295838,,-0.0909090909090909,72.3132530120482,-1.7959183673469388,-0.0285714285714285,0.4913294797687861,0.3241895261845386,4.451807228915663,3.728395061728395,0.2574257425742574,0.2489270386266094,-0.4405797101449275,0.9411764705882352,1.6725978647686832,0.7624309392265194,-0.2950819672131147,0.1098901098901098,1.268181818181818,-0.0107238605898123,0.0,0.7734375,0.0,0.2317073170731707,,0.6514399205561072,-0.1037037037037037,0.8385093167701864,0.64,-0.0845070422535211,-0.4545454545454545,0.7081339712918661,0.2780269058295964,0.0,,,,0.0,0.0,0.0,-0.4883720930232558,0.4825291181364393,0.1022727272727272,0.2504537205081669,-0.4444444444444444,0.0,0.9223057644110276,0.9727626459143968,,23.9022,-0.0936064462685443
2011-07-31,0.2357450886439865,-0.0932400932400932,,0.0993788819875776,-0.1249397913748156,-0.2119944211994421,,-0.2204472843450479,0.3333333333333333,,0.968430095210824,0.2203655352480417,-0.0074288072637226,0.3086003372681282,0.982439487422876,,-0.373134328358209,0.7357142857142858,-0.4905798426925187,,,0.0866773675762439,-0.889726153280647,0.0567375886524822,0.7772657450076805,,3.599501712862037,,0.0797546012269938,0.5461281956280104,0.1936274509803921,0.5793103448275863,0.0,5.0,0.0,1.127371273712737,0.0,0.3333333333333333,0.0,0.2457438934122872,-0.1424225235909864,,-0.6275510204081632,,-0.1170688114387846,,,,0.3343212803793716,,,,0.2118721461187214,0.2357450886439865,1.0053423992229238,0.314416177429876,0.071625344352617,,,,0.0379506641366223,,,22.556451612903224,,-0.148,,0.1989708404802744,0.847457627118644,0.9728837538316436,0.0922384701912261,,-0.0909090909090909,37.27710843373494,-1.7959183673469388,-1.0857142857142856,-0.0520231213872832,-0.4588528678304239,-0.1626506024096385,,0.2178217821782178,,,,0.2028469750889679,-0.8453038674033149,-0.2950819672131147,0.2857142857142857,0.1,-0.0214477211796246,0.0,0.6796875,0.0,0.2804878048780488,,0.5362462760675273,-0.1037037037037037,0.6335403726708074,0.4579310344827586,-0.0845070422535211,1.0909090909090908,0.5039872408293461,0.2668161434977578,-0.1875,,,,0.0,0.0,0.0,-1.7209302325581397,0.4004437049362174,0.1193181818181818,0.2214156079854809,0.6984126984126984,0.0,1.1278195488721805,1.2918287937743191,,27.1971,-0.1307090468119923
2011-04-30,0.1859127934834691,-0.0209790209790209,,0.3602484472049689,-0.1037394563327102,-0.3786610878661088,,-0.0095846645367412,0.3333333333333333,,0.873935142100365,0.370757180156658,-0.0177465951300041,0.316610455311973,0.8628381585192216,,-0.210820895522388,0.7714285714285715,-0.4159502469361624,,,0.0609951845906902,-0.8742878147399376,0.0680851063829787,0.6797235023041475,-0.2842105263157894,0.7505450015571473,,0.0828220858895705,0.5105594664690626,0.0857843137254902,0.6896551724137931,0.0,5.0,0.0,1.146341463414634,0.0,0.3333333333333333,0.0,0.1846780162842339,-0.1028206053730727,,-0.5969387755102041,,-0.1067917783735478,,0.1389274798555154,0.0243204577968526,0.3627741553052756,,,,0.1789954337899543,0.1859127934834691,0.8829528897523069,0.324853228962818,0.0826446280991735,,,,0.0227703984819734,,,23.07258064516129,,0.512,,0.9228130360205832,0.5301318267419962,0.8540438575807593,0.6591676040494938,,-0.0606060606060606,37.27710843373494,-1.7959183673469388,-1.1142857142857143,-0.4450867052023121,0.4987531172069825,-0.4457831325301205,,0.297029702970297,,,,0.4234875444839858,0.5911602209944752,-0.1639344262295081,-0.7912087912087912,0.6636363636363637,0.0107238605898123,0.0,0.515625,0.0,0.524390243902439,,0.5680238331678252,-0.074074074074074,0.5403726708074534,0.3806896551724137,-0.056338028169014,0.5454545454545454,0.4082934609250399,0.2690582959641255,-0.1875,,,,0.0,0.0,0.0,0.813953488372093,0.3693843594009983,0.25,0.1415607985480943,0.3174603174603174,0.0,0.4761904761904761,0.2801556420233463,,32.2587,-0.0473683384349737
2011-01-31,-0.1039770004791566,-0.0815850815850815,,0.0,0.4986187845303867,-0.8117154811715481,,-0.4217252396166134,0.3333333333333333,,0.8166654735485719,0.8073107049608355,-0.0619067271976888,0.2807757166947723,0.5429520645467489,,-0.5578358208955224,0.6571428571428571,-0.1730382293762575,-0.7669902912621359,,0.0556447298020331,-0.8889909943025179,0.0056737588652482,0.2972350230414746,-0.0526315789473684,0.1426346932419807,-0.0536912751677852,-0.1134969325153374,0.5016672841793257,-0.0514705882352941,0.4,0.0,4.0,0.0,0.2222222222222222,0.0,0.3333333333333333,0.0,0.1476683937823834,-0.1028206053730727,,-0.5025510204081632,,-0.1546023235031278,,0.1322589608224506,0.6223175965665236,0.4831061055127445,,,,0.1546423135464231,-0.1039770004791566,0.55560951918407,0.2674494455316373,0.0220385674931129,,,,0.0227703984819734,0.4571428571428571,-1.5918367346938775,25.10483870967742,,-6.296,,-0.2710120068610634,0.5404896421845574,0.5361942937986324,-0.5016872890888638,,-0.0909090909090909,-36.89156626506024,59.42857142857143,-2.0,0.1560693641618497,-0.8478802992518704,4.451807228915663,0.1728395061728395,-0.2178217821782178,0.5064377682403434,0.5681159420289855,0.2941176470588235,-0.3274021352313167,-0.8453038674033149,0.6229508196721312,-0.1758241758241758,-0.45,-0.0536193029490616,0.0,0.03125,0.0,0.2439024390243902,,0.2343594836146971,-0.1037037037037037,0.2049689440993788,0.0772413793103448,-0.0845070422535211,0.1818181818181818,0.0574162679425837,0.0381165919282511,0.0,,,,0.0,0.0,0.0,-0.4651162790697674,0.0188574597892401,0.0852272727272727,-0.1270417422867513,0.0,0.0,0.4411027568922305,0.22568093385214,,26.9714,-0.0329905010492594
2010-10-31,0.6875898418782942,-0.0186480186480186,,0.577639751552795,-0.1099662462249067,-0.8842398884239888,,0.1437699680511182,0.3333333333333333,,0.7614002433960914,0.7133159268929504,-0.0586050350804787,0.3157672849915683,0.5533934504034171,,2.57089552238806,0.2642857142857143,0.9544539967075178,4.087378640776699,,1.7164258962011771,-0.8680389634258409,0.0,1.5038402457757296,0.1157894736842105,-0.0305200872002491,10.23489932885906,-0.0674846625766871,0.5787328640237125,-0.25,0.7793103448275862,0.0,5.0,0.0,0.1544715447154471,0.0,0.3333333333333333,0.0,0.1119541080680977,-0.0471304078791316,,-0.4005102040816326,,-0.1184092940125111,,0.1900527924423451,0.6967095851216023,0.5293420272673385,,,,0.1071537290715373,0.6875898418782942,0.5662943176299174,0.2622309197651663,0.0165289256198347,,,,0.0227703984819734,,0.8163265306122449,0.2177419354838709,,0.172,,0.9056603773584906,0.2278719397363465,0.5465692053760905,0.6366704161979753,,0.0303030303030303,-0.1686746987951807,-0.5714285714285714,-0.4,-0.653179190751445,0.2394014962593516,0.9156626506024096,-2.1728395061728394,-0.3762376237623762,-0.6952789699570815,0.8347826086956521,1.2352941176470589,0.8932384341637011,0.4861878453038674,-0.2295081967213114,0.0,0.7181818181818181,-0.0536193029490616,0.0,0.3828125,0.0,0.5609756097560976,,0.3058589870903674,0.0148148148148148,0.1987577639751552,0.0937931034482758,0.028169014084507,5.363636363636363,0.0063795853269537,0.1838565022421524,0.25,,,,0.0,0.0,0.0,-1.7209302325581397,0.1453133666112035,0.2329545454545454,0.014519056261343,3.1746031746031744,0.0,0.93734335839599,0.9961089494163424,,22.516,0.1694106675275297
2010-07-31,0.4020124580737901,0.0256410256410256,,0.6024844720496895,6.521151048122002,-1.1813110181311015,,-0.1725239616613418,0.3333333333333333,,0.6777865273104732,0.8804177545691906,-0.0821295914156005,0.2571669477234401,0.2382534409112482,,2.2611940298507465,0.0714285714285714,1.1878543991220047,4.087378640776699,,1.7025147137506689,-0.8674875941922441,-0.0652482269503546,1.1705069124423964,-0.0105263157894736,-0.513858611024603,10.241610738255034,-0.3098159509202454,0.5594664690626158,-0.3186274509803921,0.503448275862069,,5.0,,-0.2168021680216802,,0.3333333333333333,,0.057920059215396,-0.03640488836178,,-0.6428571428571429,,-0.1907953529937444,,0.1756043345373714,0.7224606580829757,0.5269709543568465,,,,0.0922374429223744,0.4020124580737901,0.2438076736279747,0.2022178734507501,-0.046831955922865,,,,0.0,1.8857142857142857,-0.6224489795918368,-16.798387096774192,2.187144019528072,2.936,,-1.3619210977701544,0.5376647834274952,0.2334355104928083,-0.6366704161979753,,-0.1818181818181818,-26.33734939759036,28.693877551020407,0.2857142857142857,-0.1791907514450867,0.0299251870324189,4.418674698795181,-5.185185185185185,-0.4158415841584158,0.0085836909871244,0.9391304347826088,0.4117647058823529,-1.4590747330960854,-0.8011049723756906,-0.360655737704918,-2.857142857142857,-0.5636363636363636,-0.1072386058981233,0.0,0.2578125,0.0,0.3658536585365853,,-0.1271102284011916,-0.1925925925925926,-0.3975155279503105,-0.4744827586206896,-0.1690140845070422,11.636363636363637,-0.5550239234449761,-0.0493273542600896,0.0625,,,,0.0,0.0,0.0,-0.0697674418604651,-0.2806433721575152,0.1136363636363636,-0.2867513611615245,8.063492063492063,0.0,0.5012531328320802,0.3190661478599221,,18.557,0.401106634434596
2010-04-30,-0.236703402012458,-0.8764568764568764,,-0.0248447204968944,0.7955801104972375,-1.3054393305439331,,-0.463258785942492,0.3333333333333333,,0.6190851170448851,0.5399477806788512,-0.3937267849773008,-0.2419898819561551,0.550545799715235,,1.873134328358209,-0.0714285714285714,0.3735138101335284,4.087378640776699,,0.8635634028892456,-0.8599522146664216,-0.4226950354609929,1.15284178187404,0.4526315789473684,0.6870133914668327,-0.0939597315436241,-0.6809815950920245,-0.6024453501296777,-0.6666666666666666,-0.1655172413793103,0.0,5.0,0.0,-0.2547425474254742,,0.3333333333333333,,0.0199851961509992,-0.0170164492342597,,-0.8061224489795918,,-0.7761394101876675,,-0.6957488191164213,0.2560801144492131,-0.0343805572021339,,,,0.076103500761035,-0.236703402012458,0.5740650801359883,-0.126549249836921,-0.3939393939393939,,,,0.0151802656546489,0.4,1.0918367346938775,0.8790322580645161,,0.004,,0.3327615780445969,0.3822975517890772,0.5437396840367837,-0.0337457817772778,,-0.9090909090909092,0.6024096385542169,-1.7959183673469388,-0.0285714285714285,-0.5838150289017341,-0.3241895261845386,-0.072289156626506,-1.1111111111111112,-0.5742574257425742,-0.592274678111588,0.5797101449275363,0.1764705882352941,0.298932384341637,0.6187845303867403,-0.360655737704918,0.0219780219780219,0.0636363636363636,-0.1501340482573726,0.0,-0.4296875,0.0,-0.2317073170731707,,-0.182720953326713,-0.9037037037037036,-0.15527950310559,-0.3917241379310345,-0.8450704225352113,-0.0909090909090909,-0.3062200956937799,-0.3901345291479821,-0.0625,,,,0.0,0.0,0.0,0.1395348837209302,-0.5313366611203549,-0.1875,-0.6460980036297641,-0.1269841269841269,0.0,0.0150375939849624,-0.4357976653696498,,23.38,-0.1210692899914457
2010-01-31,-0.3172017249640632,-0.8251748251748252,,0.031055900621118,6.544772932444633,-1.3291492329149233,,-0.7891373801916933,0.3333333333333333,,0.5881594960269168,0.5065274151436031,-0.3883615352868345,-0.2445193929173693,0.3939250118652112,,1.5746268656716418,-0.15,0.5066764221693799,4.087378640776699,,0.8817549491706795,-0.8533357838632605,-0.4056737588652482,1.0046082949308757,0.3684210526315789,0.6010588601681719,-0.087248322147651,-0.8067484662576687,-0.5772508336420896,-0.6617647058823529,-0.4896551724137931,0.0,5.0,0.0,-0.1517615176151761,,0.3333333333333333,,0.0,0.0170164492342597,,-0.8367346938775511,,-0.7649687220732797,,-0.6768546818560711,0.2103004291845493,-0.0189685832839359,,,,0.0368340943683409,-0.3172017249640632,0.4147644487615347,-0.1108936725375081,-0.3774104683195592,,,,0.0151802656546489,0.4,-0.7346938775510204,0.4112903225806452,,0.252,,-0.2264150943396226,0.3804143126177024,0.3881160103749115,-0.906636670416198,,-0.7878787878787878,-0.1927710843373494,-1.7959183673469388,0.4,-0.4797687861271676,0.0,-0.1596385542168674,2.54320987654321,-0.7326732673267327,-0.4377682403433476,-1.298550724637681,,-0.2811387900355871,-1.138121546961326,0.4262295081967213,0.3296703296703296,-0.8,-0.1608579088471849,0.0,-0.8671875,0.0,-0.1097560975609756,,-0.3853028798411122,-0.8148148148148148,-0.5279503105590062,-0.7006896551724138,-0.7323943661971831,0.3636363636363636,-0.6889952153110048,-0.3856502242152466,0.0,,,,0.0,0.0,0.0,-0.4883720930232558,-0.6600110926234054,-0.1363636363636363,-0.6715063520871143,0.1904761904761904,0.0,-0.1303258145363408,-0.6614785992217899,,18.4989,0.1408998107228686
2009-10-31,-0.3109726880689986,-0.7808857808857809,,0.1801242236024844,7.548940340561068,-1.387726638772664,,-0.476038338658147,0.3333333333333333,,0.5655379769489584,0.6631853785900783,-0.389186958316137,0.4249578414839797,0.3920265780730897,,-1.085820895522388,-0.2571428571428571,0.5030181086519114,,,0.8742643124665597,-0.8571953684984378,-0.3829787234042553,-0.1920122887864823,0.5578947368421052,0.475241357832451,-0.0738255033557047,-0.9079754601226994,1.6369025565024082,-0.6519607843137255,-0.5448275862068965,0.0,-3.0,0.0,-0.1084010840108401,,0.3333333333333333,,-0.0146188008882309,0.0376424483060898,,3.084183673469388,,-0.0630026809651474,,0.9836065573770492,0.3876967095851216,0.8885595732068761,,,,0.0,-0.3109726880689986,0.4147644487615347,-0.0900195694716242,-0.3553719008264462,,,,0.0151802656546489,,,0.9112903225806452,,3.284,,3.1972555746140654,-0.5612052730696798,0.3862296628153737,-0.0832395950506186,,-0.7878787878787878,1.2289156626506024,-1.7959183673469388,0.7142857142857143,-0.5722543352601156,0.4987531172069825,3.1506024096385543,,-0.5346534653465347,,,,,0.8950276243093923,-0.2295081967213114,-0.7912087912087912,0.009090909090909,-0.1501340482573726,0.0,-0.8984375,0.0,-0.1585365853658536,,-0.4885799404170804,-0.7851851851851852,-0.6645962732919255,-0.8220689655172414,-0.7323943661971831,,-0.835725677830941,-0.437219730941704,-0.125,,,,0.0,0.0,0.0,0.6744186046511628,-0.762063227953411,-0.1534090909090909,-0.7441016333938294,1.2063492063492065,0.0,-0.5263157894736842,-1.0817120622568093,,16.326,0.0893890442665638
2009-07-31,-0.8088164829899377,-0.7552447552447552,,-0.0559006211180124,0.0697513812154696,-1.399581589958159,,-1.2875399361022364,0.3333333333333333,,0.5583792683799843,0.3456919060052219,-0.3945522080066034,0.4380269814502529,-0.5571903179876602,,-1.332089552238806,-0.25,0.6852021218218401,-0.1941747572815534,,0.0706260032102728,-0.863811799301599,-0.4,-1.0092165898617511,0.3473684210526316,0.456555590158829,-0.0335570469798657,-1.0644171779141105,0.5238977399036681,-0.6053921568627451,-0.9379310344827586,,,,0.010840108401084,,0.3333333333333333,,-0.0192450037009622,0.0376424483060898,,3.193877551020408,,-0.0518319928507596,,0.1489302584051125,-0.0100143061516452,0.3609958506224066,,,,-0.010958904109589,-0.8088164829899377,-0.5507527926177757,-0.1056751467710371,-0.371900826446281,,,,-0.0531309297912713,,,,,0.344,,0.0377358490566037,-0.635593220338983,-0.5569441169535487,-0.8571428571428571,,-0.7575757575757576,0.3614457831325301,,1.1142857142857143,0.4682080924855491,,0.9126506024096386,,-0.5346534653465347,,,,,0.1160220994475138,-0.0983606557377049,0.1758241758241758,-0.7727272727272727,-0.1179624664879356,0.0,-1.8359375,0.0,-0.4756097560975609,,-0.8659384309831182,-0.7555555555555555,-1.105590062111801,-1.2082758620689655,-0.704225352112676,-2.4545454545454546,-1.2950558213716108,-0.5224215246636771,-0.125,,,,0.0,0.0,0.0,-1.0930232558139534,-1.0061009428729897,-0.2840909090909091,-0.7985480943738656,-1.9047619047619049,0.0,-0.6215538847117794,-1.424124513618677,,14.9719,0.1072408979488241
2009-04-30,-0.8073790129372305,-0.7296037296037297,,0.0124223602484472,0.1201657458563535,-1.4483960948396095,,-0.3993610223642173,0.3333333333333333,,0.5638198868924046,0.2704960835509138,-0.3920759389186958,0.4527824620573356,-0.6321784527764595,,-1.1305970149253732,-0.2071428571428571,0.7437351381013353,,,0.0716960941680042,-0.8715309685719537,-0.451063829787234,-1.019969278033794,,,-0.087248322147651,-0.9877300613496932,0.5253797702852908,-0.5147058823529411,-0.9241379310344828,,,,-0.1165311653116531,,0.3333333333333333,,,0.0376424483060898,,3.204081632653061,,-0.0442359249329758,,,,0.3402489626556016,,,,,-0.8073790129372305,-0.6352598348712968,-0.1526418786692759,-0.4214876033057851,,,,-0.0607210626185958,,,,,-0.084,,-0.1029159519725557,-0.6713747645951036,-0.6314548455552935,-0.4251968503937008,,-0.7878787878787878,0.2891566265060241,,1.4285714285714286,2.352601156069364,0.3391521197007481,0.7620481927710844,,-0.3762376237623762,,,,,0.7458563535911602,1.3442622950819672,0.0439560439560439,-0.3545454545454545,0.064343163538874,0.0,-1.96875,0.0,-0.2317073170731707,,-0.9016881827209532,-0.7851851851851852,-1.3850931677018634,-1.4620689655172414,-0.7323943661971831,,-1.588516746411483,-0.3430493273542601,0.0,,,,0.0,0.0,0.0,0.4186046511627907,-0.9306711037160288,-0.0738636363636363,-0.6424682395644283,0.0,0.0,-0.5263157894736842,-1.7743190661478598,,11.7738,0.4079991166828043
2009-01-31,-0.5265931959750838,-0.6899766899766899,,0.3167701863354037,-0.1534862415338807,-1.3423988842398884,,-0.4984025559105431,0.3333333333333333,,0.5927410695110602,1.112271540469974,-0.3846471316549731,0.6429173693086003,-0.668248694826768,,-1.0727611940298507,-0.1571428571428571,0.8081214560087799,-0.6084142394822006,,0.1252006420545746,-0.8684065429149054,-0.4226950354609929,-0.923963133640553,,,-0.046979865771812,-0.8006134969325154,0.5253797702852908,-0.3995098039215686,-0.8896551724137931,,,,-0.024390243902439,,0.3333333333333333,,,0.0442427680090754,,4.691326530612245,,0.161751563896336,,,,0.5791345583876705,,,,,-0.5265931959750838,-0.6663428848955804,-0.126549249836921,-0.3939393939393939,,,,0.0,,,,,0.044,,-0.3807890222984562,-0.6308851224105462,-0.6672954491865126,-0.9651293588301464,,-0.7575757575757576,0.144578313253012,,-0.2,1.6242774566473988,-0.1246882793017456,0.7620481927710844,,-0.3762376237623762,,,,,-0.8011049723756906,0.1639344262295081,0.8351648351648352,-0.9,0.0536193029490616,0.0,-1.3046875,0.0,-0.3658536585365853,,-0.6673286991062563,-0.7555555555555555,-1.0559006211180124,-1.1641379310344828,-0.704225352112676,,-1.1355661881977672,-0.3340807174887892,0.0,,,,0.0,0.0,0.0,-1.441860465116279,-0.764281752634498,-0.1420454545454545,-0.5843920145190563,0.3809523809523809,0.0,-0.5263157894736842,-0.7782101167315175,,12.2252,-0.1417126269956457
2008-10-31,-0.3948251078102539,-0.6386946386946387,,0.4409937888198758,0.6180939226519337,-1.3507670850767086,,-0.4568690095846645,0.3333333333333333,,0.5744147755744864,0.5127937336814622,-0.3929013619479983,0.677487352445194,-0.6274323682961557,,-0.7089552238805971,-0.2928571428571428,0.7188586061825498,-0.1229773462783171,,0.0406634563937934,-0.8544385223304539,-0.4425531914893617,-0.7703533026113671,,,-0.0067114093959731,-0.3711656441717791,0.482400889218229,-0.4215686274509804,-0.5379310344827586,,,,-0.089430894308943,,0.3333333333333333,,,0.070025266848863,,4.895408163265306,,0.1952636282394995,,,,0.6336692353289863,,,,,-0.3948251078102539,-0.6187469645458961,-0.1448140900195694,-0.4132231404958678,,,,0.0,,,,,-1.488,,-1.039451114922813,-0.4096045197740113,-0.626738976656449,0.1192350956130483,,-0.6666666666666666,,,1.1142857142857143,-0.5028901734104047,-0.7531172069825436,0.8855421686746988,0.345679012345679,0.0198019801980198,,,,,0.3812154696132597,4.163934426229508,-1.4285714285714286,0.15,0.064343163538874,0.0,0.4921875,0.0,-0.2195121951219512,,0.2899702085402185,-0.6666666666666666,0.3478260869565217,0.0993103448275862,-0.6197183098591549,,0.3189792663476874,-0.1390134529147982,6.25,,,,0.0,0.0,0.0,0.0232558139534883,-0.0654464780920687,-0.0681818181818181,-0.3157894736842105,0.5079365079365079,0.0,-0.5263157894736842,0.5214007782101168,,14.3078,-0.0342470540544318
2008-07-31,-0.3449928126497364,-0.6083916083916084,,0.6708074534161491,0.2575966850828729,-0.9142259414225942,,-0.3194888178913738,0.3333333333333333,,0.5082683083971652,0.1744125326370757,-0.3945522080066034,-0.061973018549747,-0.4043663977218794,,2.218283582089552,-0.0785714285714285,0.6859337845253338,4.766990291262136,,0.2439807383627608,-0.8132696195552288,-0.4652482269503546,0.662826420890937,,,0.0268456375838926,-0.3987730061349693,-1.7717673212300853,-0.3529411764705882,-0.6413793103448275,,,,1.6260162601626016,,0.3333333333333333,,,0.1217965245191564,,0.3979591836734694,,-0.5920464700625558,,,,-0.6058091286307054,,,,,-0.3449928126497364,-0.3856240893637688,-0.1656881930854533,-0.4352617079889807,,,,0.1518026565464895,,,,,-0.464,,-0.4734133790737564,-0.3436911487758945,-0.4050931384107522,-0.281214848143982,,-0.2727272727272727,,,0.3714285714285714,0.1907514450867052,-0.7481296758104738,0.6566265060240963,,-0.1782178217821782,,,,,-0.2762430939226519,3.180327868852459,-1.1428571428571428,-0.2318181818181818,0.064343163538874,0.0,0.1640625,0.0,-0.1341463414634146,,0.182720953326713,-0.2814814814814815,0.1925465838509316,0.033103448275862,-0.2535211267605634,,0.1020733652312599,-0.1457399103139013,4.1875,,,,0.0,0.0,0.0,0.4883720930232558,-0.1475318912922906,-0.0284090909090909,-0.352087114337568,-0.0634920634920634,0.0,-0.5263157894736842,0.0389105058365758,,23.251,-0.1075996731323385
2008-04-30,-0.2812649736463823,-0.6177156177156177,,0.7204968944099379,0.369475138121547,-0.9344490934449092,,-0.0670926517571885,0.3333333333333333,,0.4598754384708998,0.1618798955613577,-0.3995047461824185,-0.0497470489038785,-0.3379212149976269,,2.498134328358209,0.0,0.6778854947869032,4.899676375404531,,0.3071161048689138,-0.7915824297004227,-0.4851063829787234,0.7480798771121352,,,0.0335570469798657,-0.3067484662576687,-1.7450907743608743,-0.3529411764705882,-0.5103448275862069,,,,1.6856368563685638,,0.3333333333333333,,,0.1733615221987315,,0.5127551020408163,,-0.5822162645218946,,,,-0.5986959098992294,,,,,-0.2812649736463823,-0.3166585721223895,-0.1839530332681017,-0.4545454545454545,,,,0.1366223908918406,,0.0,,,0.248,,0.8816466552315609,-0.6497175141242938,-0.3390709738269276,0.420697412823397,,-0.4545454545454545,,,0.2857142857142857,-0.2832369942196532,-0.8129675810473815,0.6867469879518072,,-0.2574257425742574,,,,,0.3370165745856354,2.0,-1.1868131868131868,0.4863636363636364,0.2037533512064343,0.0,0.015625,0.0,0.0853658536585365,,0.1986097318768619,-0.4592592592592592,0.0124223602484472,-0.16,-0.4225352112676056,,-0.0701754385964912,-0.0582959641255605,2.25,,,,0.0,0.0,0.0,-0.0465116279069767,-0.1209095951192457,0.1477272727272727,-0.323049001814882,0.0634920634920634,0.0,-0.5263157894736842,0.0700389105058365,,19.479,0.1191642281431285
2008-01-31,-0.3842836607570675,-0.62004662004662,,1.4285714285714286,0.2092541436464088,-0.9225941422594144,,-0.2747603833865815,0.3333333333333333,,0.4103371751735987,0.44177545691906,-0.4098225340486999,-0.0885328836424957,-0.6464167062173707,,1.8078358208955223,-0.3142857142857143,0.7342235229559173,4.084142394822006,,0.0417335473515248,-0.7496783679470685,-0.5078014184397163,0.6597542242703534,,,0.9865771812080536,-0.5061349693251533,-1.739162652834383,-0.3529411764705882,-0.5724137931034483,,,,1.5826558265582655,,0.3333333333333333,,,0.2276078997576445,,0.3443877551020408,,-0.6268990169794459,,,,-0.5168938944872555,,,,,-0.3842836607570675,-0.4944147644487615,-0.2048271363339856,-0.4765840220385675,,,,0.2277039848197343,,,,,-0.432,,-1.7461406518010292,-0.2344632768361582,-0.6456024522518274,-1.0236220472440944,,-0.5151515151515151,,,-0.4571428571428571,0.3526011560693641,-0.683291770573566,-0.9548192771084336,,-0.3762376237623762,,,,,-1.0552486187845305,0.7540983606557377,-0.0659340659340659,-0.9590909090909092,0.1823056300268096,0.0,-0.3671875,0.0,0.1829268292682926,,-0.0039721946375372,-0.5185185185185185,-0.3229813664596273,-0.4689655172413793,-0.4788732394366197,,-0.4338118022328548,-0.0717488789237668,0.4375,,,,0.0,0.0,0.0,0.0465116279069767,-0.2606766500277315,0.1818181818181818,-0.3666061705989111,-0.1269841269841269,0.0,-0.5263157894736842,-0.3424124513618677,,21.8325,-0.0948036184587198
2007-10-31,-0.3387637757546717,0.5454545454545454,,1.0869565217391304,0.2327348066298342,-0.8800557880055788,,0.8753993610223643,0.3333333333333333,,0.3971651514066862,-0.8595300261096606,-0.355757325629385,0.5413153456998314,-0.2278120550545799,,-0.0783582089552238,-0.5142857142857142,0.3830254252789464,-0.3268608414239482,,0.0,-0.7243153832016174,-0.5078014184397163,-0.4147465437788018,,,,-0.4785276073619632,0.4260837347165617,-0.4289215686274509,-0.4344827586206896,,,,1.4986449864498643,,0.3333333333333333,,,0.2764915175578817,,4.423469387755102,,0.0406613047363717,,,,0.1025489033787789,,,,,-0.3387637757546717,-0.2331228751821272,-0.2048271363339856,-0.4765840220385675,,,,0.2277039848197343,,,,,0.212,,0.9331046312178388,-0.5546139359698682,-0.2296628153737326,0.749156355455568,,-0.5454545454545454,,,1.1428571428571428,0.2601156069364161,-2.6483790523690773,1.7319277108433735,2.493827160493827,-0.1782178217821782,,,,,1.3701657458563536,7.901639344262295,-2.3076923076923075,0.8090909090909091,0.1072386058981233,0.0,0.0546875,0.0,0.0,,0.1310824230387288,-0.5481481481481482,0.062111801242236,-0.1324137931034482,-0.5070422535211268,,-0.0765550239234449,-0.0784753363228699,4.25,,,,0.0,0.0,0.0,-0.0930232558139534,-0.1430948419301164,0.0568181818181818,-0.2976406533575317,-0.5079365079365079,0.0,-0.5263157894736842,0.1245136186770428,,23.7604,-0.0865684079392603
2007-07-31,-0.5927168183996167,0.5361305361305362,,0.5652173913043478,-0.1705801104972375,-0.8423988842398884,,0.2460063897763578,0.0,,0.3456224497100723,-0.1013054830287206,-0.3574081716879901,0.4881956155143339,-0.550545799715235,,-0.3638059701492537,-0.5,0.2023047375160051,-0.2653721682847896,,-0.628143392188336,-0.6202903877963609,-0.5475177304964539,-0.7142857142857143,,,,-0.4693251533742331,-0.4438680992960355,-0.3529411764705882,-0.2758620689655172,,,,0.6016260162601627,,0.0,,,0.4066415717011293,,4.112244897959184,,-0.0218945487042001,,,,-0.1529342027267338,,,,,-0.5927168183996167,-0.5633802816901409,-0.2413568166992824,-0.5151515151515151,,,,0.4174573055028463,,,,,-1.696,,-2.168096054888508,-0.0235404896421845,-0.5503419004951662,-0.249718785151856,,-0.4848484848484848,,,-0.0285714285714285,-0.0982658959537572,-2.877805486284289,-0.0783132530120482,-0.4938271604938271,-0.297029702970297,,,,,-0.2762430939226519,5.540983606557377,-1.8461538461538465,-0.1863636363636363,0.064343163538874,0.0,-0.03125,0.0,-0.073170731707317,,0.0039721946375372,-0.4888888888888889,-0.1055900621118012,-0.2703448275862068,-0.4507042253521127,,-0.2169059011164274,-0.1905829596412556,2.8125,,,,0.0,0.0,0.0,-0.4651162790697674,-0.302828618968386,0.0,-0.4428312159709618,-0.1904761904761904,0.0,-0.5263157894736842,0.1634241245136186,,24.5986,-0.1509842023529795
2007-04-30,-0.4686152371825587,0.0349650349650349,,0.5031055900621118,-0.1761049723756906,-0.6562064156206415,,0.5015974440894568,0.0,,0.2926480062996635,-0.2099216710182767,-0.4461411473380107,0.3865935919055649,-0.0151874703369719,,-0.2817164179104477,-0.5214285714285715,-0.2103530272544357,-0.3268608414239482,,-0.628143392188336,-0.5366660540341849,-0.5758865248226951,-0.3225806451612903,,,,-0.5306748466257669,-0.4438680992960355,-0.4117647058823529,-0.3724137931034483,,,,0.5934959349593496,,0.0,,,0.5462795854174186,,4.045918367346939,,-0.1340482573726541,,,,-0.1837581505631298,,,,,-0.4686152371825587,-0.0155415250121418,-0.2674494455316373,-0.5426997245179064,,,,0.4629981024667932,,,,,-1.04,,-0.3704974271012007,0.0141242937853107,-0.0183918887054939,0.3172103487064117,,-0.5757575757575758,,,0.1428571428571428,-0.0404624277456647,-1.4064837905236909,-0.1746987951807229,-0.3950617283950617,-0.0594059405940594,,,,,0.6353591160220995,3.7704918032786887,-0.989010989010989,0.359090909090909,0.0965147453083109,0.0,-0.296875,0.0,0.0,,-0.1072492552135054,-0.5777777777777777,-0.3354037267080745,-0.4910344827586207,-0.5352112676056338,,-0.4529505582137161,-0.2286995515695067,1.375,,,,0.0,0.0,0.0,0.1860465116279069,-0.4226289517470882,0.0511363636363636,-0.5372050816696915,-0.1904761904761904,0.0,-0.5263157894736842,-0.3190661478599221,,22.1613,0.0442257448795873
2007-01-31,-0.5117393387637758,0.0349650349650349,,0.2981366459627329,-0.3087016574585635,-0.5850767085076709,,0.0191693290734824,0.0,,0.2574271601403107,-0.2308093994778068,-0.4461411473380107,0.3672006745362563,0.0227812055054579,,-0.621268656716418,-0.6142857142857143,-0.2396195353941833,-0.3203883495145631,,-0.628143392188336,-0.4855725050542179,-0.5815602836879432,-0.3548387096774194,,,,-0.6748466257668712,-0.4438680992960355,-0.4166666666666667,-0.5103448275862069,,,,0.4498644986449864,,0.0,,,0.6250709018718095,,3.928571428571429,,-0.1554959785522788,,,,-0.1896858328393598,,,,,-0.5117393387637758,0.0233122875182127,-0.2726679712981082,-0.5482093663911846,,,,0.5009487666034156,,,,,-0.436,,-0.823327615780446,0.1760828625235405,0.0193350624852629,-0.6231721034870641,,-0.6060606060606061,,,-0.1428571428571428,0.3063583815028902,-0.7680798004987531,-0.3463855421686747,,-0.2574257425742574,,,,,-0.6906077348066298,1.147540983606557,-0.1318681318681318,-0.5681818181818182,0.0428954423592493,0.0,-0.5546875,0.0,0.024390243902439,,-0.2621648460774577,-0.6074074074074074,-0.546583850931677,-0.6841379310344827,-0.5633802816901409,,-0.682615629984051,-0.2376681614349775,0.0,,,,0.0,0.0,0.0,-1.2093023255813953,-0.5113699389905713,0.034090909090909,-0.5408348457350273,-0.3174603174603174,0.0,-0.5263157894736842,-0.1089494163424124,,20.6332,0.1215613671170735
2006-10-31,-0.4274077623382846,-0.9766899766899768,,0.5279503105590062,-0.1885359116022099,-0.5913528591352859,,0.3961661341853035,0.0,,0.2144749087264657,-0.5942558746736293,-0.5006190672719769,0.3532883642495784,0.1860465116279069,,-0.3115671641791044,-0.6857142857142857,-0.3654655203950979,-0.3462783171521035,,-0.628143392188336,-0.461128469031428,-0.5815602836879432,-0.1943164362519201,,,,-0.6104294478527608,-0.4438680992960355,-0.4681372549019608,-0.0551724137931034,,,,0.4715447154471545,,0.0,,,0.6774609395142577,,3.9693877551020407,,-0.1702412868632707,,,,-0.1849436870183758,,,,,-0.4274077623382846,0.1903836813987372,-0.2726679712981082,-0.5482093663911846,,,,0.5009487666034156,,,29.87903225806452,,-1.048,,-0.1886792452830188,0.1638418079096045,0.1815609526055175,0.7626546681664792,,-0.9090909090909092,21.349397590361445,32.48979591836735,-0.3714285714285714,0.0982658959537572,0.2194513715710723,4.033132530120482,,-0.9306930693069309,,,,,0.43646408839779,4.950819672131147,1.3186813186813189,0.9090909090909092,-0.868632707774799,0.0,-0.546875,5000000.0,-1.8658536585365848,,-1.195630585898709,-0.9037037037037036,0.0,-0.2537931034482759,-0.8450704225352113,,-0.6507177033492823,-1.4304932735426008,-1.25,,,,0.0,0.0,0.0,0.1162790697674418,-1.680532445923461,-1.3295454545454546,-1.600725952813067,-5.587301587301587,0.0,-0.5263157894736842,-0.2957198443579766,,20.3014,0.0039553922389587
2006-07-31,-0.2549113560134164,-0.9696969696969696,,0.7453416149068323,-0.0317679558011049,-0.4909344490934449,,0.3929712460063898,0.0,,0.2605769919106593,-0.0344647519582245,-0.4964919521254643,0.3752107925801012,0.1737066919791172,,-0.0485074626865671,-0.2071428571428571,-0.3559539052496799,-0.255663430420712,,-0.628143392188336,-0.4622312074986215,-0.4482269503546099,0.0061443932411674,,,,-0.1165644171779141,-0.4438680992960355,-0.2769607843137255,0.2689655172413793,,,,0.4417344173441734,,0.0,,,0.6890114989944826,,4.0688775510204085,,-0.1260053619302949,,,,-0.1339656194427978,,,,,-0.2549113560134164,0.177756192326372,-0.1500326157860404,-0.418732782369146,,,,0.5313092979127134,,,30.943548387096776,,-1.82,,-1.632933104631218,0.5480225988700564,0.1692996934685215,-0.749156355455568,,-0.6363636363636364,18.98795180722892,,0.3714285714285714,-1.0346820809248556,-2.997506234413965,2.042168674698796,,0.6534653465346535,,,,,-0.8397790055248618,4.163934426229508,-43.0989010989011,-0.8,0.2359249329758713,0.0,0.4453125,0.0,0.4512195121951219,,0.1350546176762661,-0.6370370370370371,-0.5217391304347826,-0.6675862068965517,-0.5915492957746479,,0.0318979266347687,-0.100896860986547,7.75,,,,0.0,0.0,0.0,-0.1627906976744186,-0.1275651691625069,-0.034090909090909,-0.2758620689655172,6.53968253968254,0.0,-0.5263157894736842,0.4046692607003891,,16.2183,0.2567100127633598
2006-04-30,-0.097747963584092,-0.0489510489510489,,0.4285714285714285,-0.1064104351110372,-0.2942817294281729,,0.6996805111821086,0.0,,0.1955759181043739,-0.1577023498694517,-0.460998761865456,0.3499156829679595,0.5609871855719032,,0.1473880597014925,-0.2,-0.6544722882751052,-0.2200647249190938,,-0.628143392188336,-0.3613306377504135,-0.3602836879432624,0.2803379416282642,,,,-0.1411042944785276,-0.4438680992960355,-0.2573529411764705,0.2482758620689655,,,,0.3333333333333333,,0.0,,,0.8335997524880111,,3.915816326530612,,-0.1389633601429848,,,,-0.1689389448725548,,,,,-0.097747963584092,0.5740650801359883,-0.0691454664057403,-0.3333333333333333,,,,0.683111954459203,,0.336734693877551,30.298387096774192,,-0.924,,-0.5077186963979416,0.623352165725047,0.5541145956142419,0.2902137232845894,,-0.5454545454545454,19.49397590361446,26.77551020408164,0.7428571428571429,-0.9421965317919077,-1.9301745635910224,4.099397590361446,,0.4554455445544554,,,,,0.856353591160221,2.78688524590164,-1.362637362637363,0.2727272727272727,0.353887399463807,0.0,-0.2734375,0.0,0.6463414634146342,,-0.0993048659384309,-0.5481481481481482,-1.0745341614906831,-1.1420689655172414,-0.5070422535211268,,-0.5741626794258373,0.0627802690582959,6.9375,,,,0.0,0.0,0.0,0.0697674418604651,-0.1763727121464226,0.1704545454545454,-0.1415607985480943,6.158730158730159,0.0,-0.5263157894736842,-0.3346303501945525,,22.2403,-0.1018064475307666
2006-01-31,-0.1126018207954001,-0.296037296037296,,0.5279503105590062,-0.0959944751381215,-0.2189679218967921,,0.3801916932907348,0.0,,0.1626458586870928,-0.1409921671018277,-0.5047461824184895,0.3064924114671163,0.6369245372567631,,-0.126865671641791,-0.4214285714285714,-0.7130053045546003,-0.1553398058252427,,-0.628143392188336,-0.3150156221282852,-0.2978723404255319,0.3187403993855607,,,0.0,-0.3650306748466257,-0.4438680992960355,-0.1911764705882352,0.0,,,,0.2547425474254742,,0.0,,,0.9340483679678234,,3.923469387755102,,-0.1751563896336014,,,,-0.1641967990515708,,,,,-0.1126018207954001,0.6517727051966974,-0.0117416829745596,-0.2727272727272727,,,,0.9943074003795066,,,31.81451612903226,,-4.88,,1.5197255574614066,0.1421845574387947,0.6295684979957558,-1.6175478065241844,,-0.7575757575757576,23.686746987951807,88.0,-0.6,-0.1445086705202312,-14.418952618453863,13.114457831325302,,0.2574257425742574,,,,,-1.6519337016574585,1.147540983606557,-19.53846153846154,-1.6318181818181818,0.2680965147453083,0.0,-0.7890625,0.0,0.2317073170731707,,-0.3098311817279047,-0.7555555555555555,-1.1490683229813663,-1.246896551724138,-0.704225352112676,,-1.0015948963317385,0.0,175.6875,,,,0.0,0.0,0.0,-0.2325581395348837,-0.3871325568496949,0.25,-0.294010889292196,59.87301587301587,0.0,-0.5263157894736842,6.303501945525292,,19.3377,0.0277178775138717
2005-10-31,-0.7235265931959751,-0.3263403263403263,,2.664596273291925,-0.9067679558011048,-0.2894002789400279,,1.5527156549520766,0.0,,-0.6437110745221563,-0.429242819843342,-0.5101114321089558,-0.1547217537942664,0.1518747033697199,,0.4309701492537313,-0.5285714285714286,-1.4366197183098592,-0.1909385113268608,,,0.1836059547877228,-0.3035460992907801,0.1812596006144393,,,0.0,-0.4233128834355828,,-0.2352941176470588,-0.2896551724137931,,,,0.2601626016260163,,0.0,,,1.55097200020626,,1.1658163265306123,,-0.6648793565683646,,,,-1.037344398340249,,,,,-0.7235265931959751,0.1796988829528897,-0.0169602087410306,-0.2782369146005509,,,,0.9943074003795066,,0.1938775510204081,,,-3.328,,-2.1406518010291595,0.6657250470809792,0.1476066965338363,0.843644544431946,,,,,0.3714285714285714,0.3410404624277456,-0.9476309226932668,-2.1174698795180724,2.246913580246914,-1.683168316831683,,,,,2.104972375690608,-0.6229508196721312,5.274725274725275,1.0863636363636364,-1.6085790884718498,0.0,-2.4453125,10000000.0,-1.695121951219512,,-2.1489572989076464,,-1.6583850931677018,-1.7379310344827583,-0.9014084507042254,,-1.830940988835725,-2.468609865470852,10.6875,,,,0.0,0.0,0.0,1.372093023255814,-3.1181364392678868,-1.6420454545454546,-3.0816696914700543,0.1269841269841269,0.0,-0.5263157894736842,-0.5992217898832685,,18.2542,0.0887193084331276
2005-07-31,-0.4355534259702923,-0.0955710955710955,,-0.3105590062111801,-0.1132586417458716,-0.3821478382147838,,0.5271565495207667,0.0,,-0.6568830982890687,-0.6088772845953002,-0.4692529921584812,-0.2192242833052276,0.6796392975794969,,0.1231343283582089,0.0142857142857142,-1.0020120724346075,-0.1100323624595469,,-1.0026752273943285,0.1326961955522881,0.4765957446808511,0.5491551459293394,,,,0.2300613496932515,-0.9625787328640236,0.2892156862745098,0.0896551724137931,,,,0.7750677506775068,,0.0,,,,,0.5229591836734694,,-0.610366398570152,,,,-0.5044457617071725,,,,,-0.4355534259702923,0.6954832442933463,0.700587084148728,0.4793388429752066,,,,1.1157495256166985,,,,,0.452,,0.0994854202401372,0.5743879472693032,0.6720113180853572,-0.420697412823397,,-0.0606060606060606,,,3.2857142857142856,0.815028901734104,,-0.0572289156626506,,0.4158415841584158,,,,,-0.2762430939226519,-6.19672131147541,1.8461538461538465,-0.4409090909090909,0.8579088471849866,0.0,-0.5078125,0.0,0.073170731707317,,0.0317775571002979,-0.074074074074074,-0.8260869565217391,-0.833103448275862,-0.056338028169014,,-0.7208931419457735,0.6905829596412556,3.5625,,,,0.0,0.0,0.0,0.0,0.3937881308929561,0.4886363636363636,0.6715063520871143,2.1587301587301586,0.0,-0.5263157894736842,-0.8560311284046692,,15.0664,0.1526469611424777
2005-04-30,-0.4758025874460949,-0.1025641025641025,,-0.5341614906832298,-0.1372132785978013,-0.4372384937238494,,0.6293929712460063,0.0,,-0.6863769775932422,-0.6067885117493472,-0.470491126702435,-0.2225969645868465,0.5875652586616041,,0.1119402985074626,-0.05,-0.9310407901957196,-0.1715210355987055,,-1.0026752273943285,0.1231391288366109,0.5815602836879432,0.4623655913978494,,,,0.2239263803680981,-0.9625787328640236,0.3431372549019608,0.0206896551724137,,,,0.981029810298103,,0.0,,,,,0.5102040816326531,,-0.597408400357462,,,,-0.5038529934795495,,,,,-0.4758025874460949,0.6012627489072365,0.7971298108284409,0.581267217630854,,,,1.092979127134725,,,,,0.152,,0.4596912521440823,0.384180790960452,0.5805234614477718,-0.1192350956130483,,-0.2121212121212121,,,2.685714285714285,1.023121387283237,,-0.1355421686746988,-0.1728395061728395,-0.0594059405940594,,,,,0.2486187845303867,-2.5245901639344264,0.6373626373626373,-0.0818181818181818,0.900804289544236,0.0,-0.578125,0.0,0.4146341463414634,,0.1310824230387288,-0.2222222222222222,-0.8571428571428571,-0.8882758620689655,-0.1971830985915492,,-0.7655502392344498,0.7062780269058296,3.3125,,,,0.0,0.0,0.0,0.0,0.3937881308929561,0.6704545454545454,0.5807622504537205,2.031746031746032,0.0,-0.5263157894736842,-0.8638132295719845,,12.1067,0.4259618387102077
2005-01-31,-0.5323430761859128,-0.1002331002331002,,-0.6770186335403726,-0.4150552486187845,-0.5076708507670851,,0.4089456869009584,0.0,,-0.713580070155344,-0.6548302872062663,-0.4700784151877837,-0.224283305227656,0.3958234456573327,,0.1231343283582089,-0.1857142857142857,-0.7832449240899945,0.0711974110032362,,-1.0026752273943285,0.1224039698584819,0.723404255319149,0.336405529953917,,,,0.1687116564417178,-0.9625787328640236,0.5367647058823529,0.1517241379310344,,,,0.975609756097561,,0.0,,,,,0.4974489795918367,,-0.5768543342269884,,,,-0.5174866627148785,,,,,-0.5323430761859128,0.4050509956289461,0.9275929549902152,0.71900826446281,,,,1.092979127134725,,,,,0.564,,0.3430531732418524,0.2259887005649717,0.3900023579344494,-0.4251968503937008,,-0.0909090909090909,,,-0.4857142857142857,1.184971098265896,,0.072289156626506,-0.5679012345679012,0.0198019801980198,,,,,-0.2154696132596685,-6.983606557377049,2.131868131868132,-0.4,0.7292225201072386,0.0,-0.546875,0.0,-0.024390243902439,,-0.0238331678252234,-0.1037037037037037,-0.7204968944099379,-0.7448275862068966,-0.0845070422535211,,-0.682615629984051,0.6098654708520179,2.1875,,,,0.0,0.0,0.0,-0.0930232558139534,0.3272323904603438,0.375,0.6134301270417423,1.4603174603174602,0.0,-0.5263157894736842,-0.8793774319066148,,12.6085,0.0072411468453821
2004-10-31,-0.5773838045040728,-0.1375291375291375,,-0.6211180124223602,-0.1044362422751121,-0.6464435146443515,,0.6549520766773163,0.0,,-0.7430739494595175,-0.7028720626631854,-0.4766817994222039,-0.2432546374367622,0.2363550071191267,,0.3097014925373134,-0.2642857142857143,-0.6603255899030547,0.0744336569579288,,-1.0026752273943285,0.1113765851865465,0.7886524822695036,0.2811059907834101,,,,0.4693251533742331,-0.9625787328640236,0.5098039215686274,0.3793103448275862,,,,0.8780487804878049,,0.0,,,,,0.423469387755102,,-0.5866845397676497,,,,-0.5145228215767634,,,,,-0.5773838045040728,0.241864983001457,0.9876060013046314,0.7823691460055097,,,,1.092979127134725,,0.5408163265306123,,,0.272,,1.0634648370497428,-0.1299435028248587,0.2315491629332704,0.7986501687289089,,0.0,,,0.1714285714285714,0.930635838150289,,-0.0602409638554216,,-0.6138613861386139,,,,,1.5193370165745856,0.6885245901639344,0.4175824175824176,0.9090909090909092,0.7292225201072386,0.0,-0.765625,0.0,0.4024390243902439,,0.0913604766633565,-0.0148148148148148,-0.6211180124223602,-0.64,0.0,,-0.7208931419457735,0.9910313901345292,-0.5625,,,,0.0,0.0,0.0,-0.0697674418604651,0.6910704381586246,0.5738636363636364,1.103448275862069,0.0634920634920634,0.0,-0.5263157894736842,-0.7003891050583657,,14.1426,-0.0960744671889479
2004-07-31,-0.7283181600383325,-0.2657342657342657,,-0.2608695652173913,-0.137218724294072,-0.8138075313807531,,0.6134185303514377,0.0,,-0.764263726823681,-0.6819843342036553,-0.4993809327280231,-0.3111298482293423,-0.1224489795918367,,0.2033582089552238,-0.1857142857142857,-0.38375708798244,0.0453074433656957,,-1.0026752273943285,0.1062304723396434,0.8595744680851064,0.1436251920122888,,,,0.7944785276073619,-0.9625787328640236,0.5955882352941176,0.0620689655172413,,,,0.5040650406504065,,0.0,,,,,0.1530612244897959,,-0.6474530831099196,,,,-0.5251926496739775,,,,,-0.7283181600383325,-0.1253035454103934,1.0528375733855186,0.8512396694214877,,,,1.0550284629981024,,,,,0.452,,0.0926243567753001,-0.2193973634651601,-0.1249705258193822,-0.8526434195725534,,0.1212121212121212,,,0.1714285714285714,-0.5722543352601156,,-0.1686746987951807,,-0.693069306930693,,,,,-0.8287292817679558,-2.8524590163934427,0.5054945054945055,-0.75,0.7613941018766756,0.0,-0.4765625,0.0,0.3414634146341463,,0.1549155908639523,0.1037037037037037,-0.6273291925465838,-0.623448275862069,0.1126760563380281,,-0.6060606060606061,1.0919282511210762,1.8125,,,,0.0,0.0,0.0,0.1860465116279069,0.8308374930671104,0.5625,1.2740471869328494,1.2698412698412698,0.0,-0.5263157894736842,-0.4980544747081712,,13.0077,-0.1535456232181376
2004-04-30,-0.7599425011978918,-0.2540792540792541,,-0.2298136645962732,-0.3418508287292817,-0.912831241283124,,0.6741214057507987,0.0,,-0.7928985610995777,-0.7154046997389034,-0.4973173751547668,-0.3123946037099494,-0.2126245847176079,,0.375,-0.1,-0.3142491311505396,0.1359223300970873,,-1.0026752273943285,0.0878514978864179,1.0865248226950357,0.0337941628264208,,,,0.6226993865030674,-0.9625787328640236,0.5686274509803921,0.2896551724137931,,,,0.6612466124661247,,0.0,,,,,0.0586734693877551,,-0.613047363717605,,,,-0.5346769413159455,,,,,-0.7599425011978918,-0.2175813501699854,1.2615786040443575,1.0716253443526171,,,,1.0853889943074004,,0.0612244897959183,,,0.316,,0.3293310463121784,-0.3738229755178908,-0.2145720348974298,-0.2677165354330709,,0.2727272727272727,,,0.5142857142857142,0.3179190751445087,,-0.0572289156626506,,-0.3366336633663366,,,,,0.0607734806629834,-1.278688524590164,0.0,-0.2,0.7828418230563002,0.0,-0.515625,0.0,0.4146341463414634,,0.2025819265143992,0.2518518518518518,-0.546583850931677,-0.5241379310344828,0.2535211267605634,,-0.580542264752791,0.9618834080717488,0.6875,,,,0.0,0.0,0.0,-0.0232558139534883,0.7110371602884082,0.6079545454545454,1.0344827586206895,0.6984126984126984,0.0,-0.5263157894736842,-0.4669260700389105,,15.4028,-0.1003324070948138
2004-01-31,-0.8993770963104936,-0.2144522144522144,,-0.7080745341614907,-0.1221159943417395,-0.995118549511855,,0.2012779552715655,0.0,,-0.8226787887465101,-0.7404699738903394,-0.4903012794056954,-0.3452782462057335,-0.368296155671571,,0.0746268656716417,-0.2642857142857143,-0.1942564477775745,0.2071197411003236,,-1.0026752273943285,0.0847270722293696,1.2453900709219858,-0.1728110599078341,,,,0.5306748466257669,-0.9625787328640236,0.5833333333333334,0.2068965517241379,,,,0.6693766937669376,,0.0,,,,,-0.1683673469387755,,-0.6228775692582663,,,,-0.5417901600474214,,,,,-0.8993770963104936,-0.376881981544439,1.4076973255055447,1.2258953168044078,,,,1.047438330170778,,,,,0.5,,0.0102915951972555,-0.4406779661016949,-0.3692525347795331,-0.8616422947131609,,0.4545454545454545,,,-1.4,0.5953757225433526,,-0.1686746987951807,,-0.5742574257425742,,,,,-0.5524861878453039,-7.245901639344262,2.065934065934066,-0.7727272727272727,0.6970509383378016,0.0,-0.8671875,0.0,0.0609756097560975,,-0.0714995034756703,0.4296296296296296,-0.6645962732919255,-0.5958620689655172,0.4225352112676056,,-0.784688995215311,0.6121076233183856,-0.9375,,,,0.0,0.0,0.0,-0.3023255813953488,0.2939545202440377,0.3977272727272727,0.6025408348457351,-0.1269841269841269,0.0,-0.5263157894736842,-0.7237354085603113,,20.501,-0.0659266995361038
2003-10-31,-0.9410637278390034,-0.2331002331002331,,-0.6273291925465838,-0.3522099447513812,-1.1659693165969316,,0.6773162939297125,0.0,,-0.8430095210823967,-0.7467362924281984,-0.4936029715229055,-0.3528667790893761,-0.4356905552918842,,0.375,-0.4214285714285714,-0.1423083958295226,0.2362459546925566,,-1.0026752273943285,0.0725969490902407,1.324822695035461,-0.2473118279569892,,,,0.598159509202454,-0.9625787328640236,0.4338235294117647,0.3793103448275862,,,,0.3766937669376693,,0.0,,,,,-0.2040816326530612,,-0.6184092940125112,,,,-0.5435684647302904,,,,,-0.9410637278390034,-0.4458474987858183,1.4807566862361383,1.303030303030303,,,,1.047438330170778,,0.3469387755102041,,,0.26,,0.3739279588336192,-0.6073446327683616,-0.4362178731431266,-0.0112485939257592,,0.696969696969697,,,2.057142857142857,0.6416184971098265,,-0.0692771084337349,,0.5346534653465347,,,,,0.861878453038674,-2.5901639344262297,0.2857142857142857,-0.0409090909090909,0.6112600536193029,0.0,-0.9140625,0.0,0.0975609756097561,,-0.182720953326713,0.6666666666666666,-0.9130434782608696,-0.7724137931034483,0.647887323943662,,-0.9314194577352471,0.7354260089686099,1.1875,,,,0.0,0.0,0.0,0.9069767441860463,0.3649473100388242,0.3693181818181818,0.8203266787658802,0.9523809523809524,0.0,-0.5263157894736842,-1.1750972762645917,,14.211,0.3531278587010061
2003-07-31,-1.0881648298993771,-0.2587412587412587,,-0.0186335403726708,-0.4924033149171271,-1.2384937238493725,,0.5271565495207667,0.0,,-0.8467320495382633,-0.9242819843342036,-0.4981427981840693,-0.4245362563237774,-0.6037019458946369,,0.1548507462686567,-0.4428571428571428,-0.0128040973111395,0.3818770226537217,,-1.0026752273943285,0.0711266311339827,1.3304964539007091,-0.3540706605222734,,,,0.2331288343558282,-0.9625787328640236,0.571078431372549,-0.4,,,,0.1517615176151761,,0.0,,,,,-0.576530612244898,,-0.6934763181411975,,,,-0.5939537640782454,,,,,-1.0881648298993771,-0.6177756192326372,1.4859752120026093,1.3085399449035813,,,,0.9335863377609108,,,,,0.452,,-0.5866209262435678,-0.5103578154425612,-0.6031596321622259,-1.4510686164229472,,0.7575757575757576,,,2.3714285714285714,1.959537572254336,,-0.2620481927710843,,0.7326732673267327,,,,,-0.4419889502762431,-13.21311475409836,5.318681318681318,-1.518181818181818,0.9973190348525468,0.0,-3.0078125,0.0,0.6707317073170732,,-0.8301886792452831,0.725925925925926,-2.3043478260869565,-1.9972413793103447,0.704225352112676,,-2.500797448165869,0.899103139013453,-0.625,,,,0.0,0.0,0.0,30.906976744186046,-0.0188574597892401,0.8409090909090909,0.7840290381125227,-0.4444444444444444,0.0,-0.5263157894736842,-1.2762645914396886,,12.3918,0.061669813909198
2003-04-30,-0.3085769046478198,-0.2051282051282051,,-0.1055900621118012,-0.3915745856353591,-0.205718270571827,,1.060702875399361,0.0,,-0.4011740282053118,-1.0746736292428198,-0.4886504333470904,0.0,-0.5059326056003797,,0.5615671641791045,-0.4571428571428571,-0.0881653557709895,0.6634304207119741,,-1.0026752273943285,0.0613857746737732,1.50354609929078,0.075268817204301,,,,0.1165644171779141,-0.9625787328640236,0.7671568627450981,-0.6344827586206897,,,,0.0921409214092141,,0.0,,,,,-0.4948979591836734,,-0.2162645218945487,,,,-0.6366330764671013,,,,,-0.3085769046478198,-0.5177270519669742,1.645140247879974,1.4765840220385675,,,,0.9032258064516128,,,,,0.256,,-0.9914236706689536,-0.3022598870056497,-0.5060127328460269,-1.9010123734533184,,1.0303030303030305,,,0.8285714285714286,2.23699421965318,,-0.0542168674698795,,-0.2178217821782178,,,,,0.0994475138121546,-4.885245901639344,1.4945054945054943,-1.8636363636363635,1.415549597855228,0.0,-4.046875,0.0,1.451219512195122,,-0.997020854021847,0.9925925925925926,-3.279503105590062,-2.813793103448276,0.9577464788732394,,-3.425837320574163,1.1457399103139014,-0.0625,,,,0.0,0.0,0.0,-4.72093023255814,-0.0965058236272878,1.4261363636363635,0.809437386569873,0.3174603174603174,0.0,-0.5263157894736842,-1.2762645914396886,,9.1356,0.4400805639476334
2003-01-31,-0.2352659319597508,-0.1864801864801865,,-0.2111801242236025,-0.3881215469613259,-0.102510460251046,,1.0670926517571886,0.0,,-0.3593671701625027,-1.099738903394256,-0.4853487412298803,-0.066610455311973,-0.2961556715709539,,0.5932835820895522,-0.4642857142857143,-0.2498628132430949,0.7281553398058253,,-1.0026752273943285,0.0612019849292409,1.676595744680851,0.2672811059907834,,,,0.1196319018404908,-0.9625787328640236,0.8529411764705882,-0.6620689655172414,,,,0.1002710027100271,,0.0,,,,,-0.4846938775510204,,-0.2596067917783735,,,,-0.6437462951985774,,,,,-0.2352659319597508,-0.3030597377367654,1.8043052837573383,1.6446280991735538,,,,0.9032258064516128,,,,,0.432,,-0.5420240137221269,-0.2175141242937853,-0.297571327517095,-1.4510686164229472,,0.4848484848484848,,,1.2857142857142858,2.1560693641618496,,-0.2078313253012048,0.0493827160493827,0.1782178217821782,,,,,0.4696132596685083,-8.163934426229508,8.197802197802197,-1.4545454545454546,1.2117962466487937,0.0,-3.484375,0.0,1.0,,-0.9056603773584906,0.4592592592592592,-2.7453416149068324,-2.4386206896551723,0.4507042253521127,,-2.9218500797448166,0.8452914798206278,14.125,,,,0.0,0.0,0.0,-3.8372093023255816,-0.2185246810870771,1.1079545454545454,0.5263157894736842,-0.1269841269841269,0.0,-0.5263157894736842,-1.2762645914396886,,9.398,-0.2560757608001702
2002-10-31,-0.0277910876856732,0.4265734265734265,,-0.1304347826086956,-0.2810773480662983,0.0913528591352859,,1.207667731629393,0.0,,-0.2537046316844441,-1.1060052219321148,-0.3768056128765992,-0.0227655986509274,-0.2107261509254864,,0.8880597014925373,-0.55,-0.315712456557527,1.087378640776699,,-1.0026752273943285,0.0520124977026281,1.699290780141844,0.5138248847926268,,,-0.1610738255033557,0.6993865030674846,-0.9625787328640236,0.8970588235294118,-0.5586206896551724,,,,-0.010840108401084,,0.0,,,,,-0.4795918367346938,,-0.209562109025916,,,,-0.6455245998814464,,,,,-0.0277910876856732,-0.2156386595434677,1.8251793868232224,1.6666666666666667,,,,0.9032258064516128,,,,,0.192,,-1.1286449399656946,0.0282485875706214,-0.212685687337892,-1.68503937007874,,3.6666666666666665,0.7951807228915663,,3.171428571428572,-1.6011560693641618,,-0.0692771084337349,2.617283950617284,1.7623762376237624,,,,,2.287292817679558,4.622950819672131,1.6703296703296704,-1.8727272727272728,1.447721179624665,0.0,-4.4375,0.0,3.4390243902439024,,-0.5441906653426017,3.5703703703703704,-3.6149068322981366,-2.6317241379310343,3.408450704225352,,-3.757575757575758,1.8654708520179373,0.125,,,,0.0,0.0,0.0,-3.813953488372093,0.5002773155851359,2.3693181818181817,1.3720508166969148,0.4444444444444444,0.0,-0.5263157894736842,-1.2762645914396886,,7.8411,-0.0152657152695412
2002-07-31,0.0843315764254911,0.6480186480186481,,2.5341614906832297,-0.3777624309392265,0.3521617852161785,,-0.5814696485623003,0.0,,-0.186126422793328,-0.9326370757180156,-0.3375980189847297,-0.0223440134907251,0.0370194589463692,,0.4720149253731343,-0.3071428571428571,-0.5066764221693799,1.847896440129449,,-1.0026752273943285,0.0501746002573056,2.079432624113476,0.5898617511520737,,,-0.1610738255033557,-0.0552147239263803,-0.9625787328640236,1.1838235294117647,-0.0896551724137931,,,,0.3902439024390244,,0.0,,,,,0.9005102040816326,,-0.1492403932082216,,,,-0.5963248369887374,,,,,0.0843315764254911,0.0378824672170956,2.1748206131767778,2.0358126721763083,,,,0.8652751423149905,,,1.4758064516129032,,0.464,,-0.6792452830188679,0.1506591337099811,0.0334826691817967,-1.56355455568054,,3.4545454545454546,6.385542168674699,,1.0,1.2080924855491328,,-0.0753012048192771,,0.5742574257425742,,,,,-0.5966850828729282,-1.278688524590164,1.4285714285714286,-1.6136363636363635,1.2761394101876675,0.0,-4.8203125,0.0,3.231707317073171,,-0.8421052631578947,3.362962962962963,-3.8322981366459614,-2.863448275862069,3.211267605633803,,-4.025518341307815,1.1860986547085202,-1.0,,,,0.0,0.0,0.0,-5.232558139534884,-0.2651136993899057,2.1818181818181817,0.3920145190562613,0.0,0.0,-0.5263157894736842,-1.2762645914396886,,10.7666,-0.1080471086508275
2002-04-30,-0.0110206037374221,0.8414918414918415,,3.254658385093168,-0.6029005524861878,0.4407252440725244,,0.9552715654952076,0.0,,-0.1208390006442837,-0.8845953002610966,-0.3033429632686752,-0.2310286677908937,0.1604176554342667,,-0.1791044776119403,-0.2714285714285714,-0.6017925736235595,,,-1.0026752273943285,0.0393310053299025,2.121985815602837,0.8056835637480799,,,-0.0805369127516778,0.0337423312883435,-0.9625787328640236,1.1985294117647058,-0.2689655172413793,,,,0.2764227642276423,,0.0,,,,,-0.5739795918367347,,-0.3637176050044682,,,,-0.5826911677534085,,,,,-0.0110206037374221,0.1641573579407479,2.21395955642531,2.077134986225895,,,,0.8500948766603416,,,2.6048387096774195,,0.176,,-0.072041166380789,0.1064030131826742,0.1560952605517566,-1.469066366704162,,3.121212121212121,6.385542168674699,,2.4571428571428573,0.7687861271676301,,-0.144578313253012,,1.683168316831683,,,,,0.0,0.2950819672131147,-0.1978021978021978,-1.6454545454545455,1.3404825737265416,0.0,-4.0703125,0.0,2.8902439024390243,,-0.6117179741807348,3.037037037037037,-3.4347826086956523,-2.5710344827586207,2.901408450704225,,-3.515151515151515,1.154708520179372,0.9375,,,,0.0,0.0,0.0,-2.441860465116279,-0.1186910704381586,2.0568181818181817,0.4210526315789473,1.0158730158730158,0.0,-0.5263157894736842,-1.2762645914396886,,17.1364,-0.0738719917835717
2002-01-31,0.1423095352180163,1.048951048951049,,3.360248447204969,-0.5662983425414365,0.6269177126917713,,1.2460063897763578,0.0,,-0.0483928699262653,-0.8804177545691906,-0.2666116384647131,-0.2082630691399662,0.1158044613194114,,-0.083955223880597,-0.3714285714285714,-0.5674044265593562,-0.7508090614886731,,-1.0026752273943285,0.0349200514611284,2.2893617021276595,0.9646697388632872,,,1.4899328859060403,0.5306748466257669,-0.9625787328640236,1.3823529411764706,-0.4482758620689655,,,,0.3794037940379404,,0.0,,,,,-0.6632653061224489,,-0.3132260947274352,,,,-0.5815056312981625,,,,,0.1423095352180163,0.1185041282175813,2.367906066536204,2.239669421487603,,,,0.8425047438330171,,,,,5.1,,3.2590051457975986,-0.852165725047081,0.1117660929026173,-1.689538807649044,,4.03030303030303,0.5060240963855421,,3.0285714285714285,1.8786127167630056,,3.406626506024097,,1.00990099009901,,,,,-0.43646408839779,-3.9672131147540974,1.164835164835165,-1.790909090909091,1.4369973190348526,0.0,-4.8203125,0.0,3.2439024390243905,,-0.8301886792452831,3.925925925925926,-3.993788819875777,-2.9020689655172416,3.746478873239437,,-4.108452950558214,1.2937219730941705,1.0625,,,,0.0,0.0,0.0,-3.046511627906977,-0.187465335551858,2.272727272727273,0.5081669691470054,0.8253968253968254,0.0,-0.5263157894736842,-1.2762645914396886,,17.3075,-0.1051047233858154
2001-10-31,-0.1317680881648299,1.324009324009324,,5.39751552795031,-1.143646408839779,0.8110181311018131,,2.0798722044728435,0.0,,0.041806858042809,-0.9389033942558748,-0.2179116797358646,-0.1935075885328836,-0.8504983388704319,,0.5541044776119403,-0.3,-0.659593927199561,-0.7508090614886731,,-2.226859283039058,0.443117074067267,2.4624113475177305,0.4516129032258064,,,1.422818791946309,0.263803680981595,,1.6495098039215683,0.0,,,,-5.777777777777778,,0.0,,,,,-0.875,,-0.2703306523681859,,,,-1.2797866034380556,,,,,-0.1317680881648299,-0.8703254006799417,2.527071102413568,2.4077134986225897,,,,0.8425047438330171,,,,,-2.84,,0.353344768439108,-1.0131826741996233,-0.8483848149021457,4.686164229471316,,5.0606060606060606,,,-0.0285714285714285,10.791907514450868,,-2.0993975903614457,,4.891089108910891,,,,,-0.6906077348066298,-10.721311475409836,42.1978021978022,4.204545454545454,1.876675603217158,0.0,-6.7421875,0.0,2.6341463414634148,,-1.7239324726911618,4.933333333333334,-5.149068322981367,-3.740689655172414,4.704225352112676,,-5.486443381180223,2.302690582959641,34.25,,,,0.0,0.0,0.0,-5.534883720930233,0.331669439822518,2.221590909090909,2.174228675136116,-1.0793650793650793,0.0,-0.5263157894736842,-1.2762645914396886,,12.6998,0.2959101718137293
2001-07-31,0.1729755630091039,1.5757575757575757,,3.0559006211180124,-0.585635359116022,0.6910739191073919,,1.2779552715654952,0.0,,0.0008590450282768,-0.9263707571801568,-0.1733388361535286,0.1521922428330522,-1.01281442809682,,2.050373134328358,0.4642857142857143,0.0420706054508871,1.7993527508090614,,-1.3836276083467094,0.0213196103657415,2.346099290780142,0.3417818740399385,,,,0.852760736196319,,2.17156862745098,1.089655172413793,,,,0.3631436314363143,,0.0,,,,,0.9413265306122448,,0.0777479892761394,,,,-1.2762299940723176,,,,,0.1729755630091039,-1.0364254492472074,2.420091324200913,2.2947658402203857,,,,0.8121442125237192,,,,,0.572,,0.41852487135506,-1.192090395480226,-1.0096675312426315,0.2677165354330709,,3.939393939393939,,,0.1142857142857142,9.023121387283236,,-0.0301204819277108,,8.534653465346535,,,,,1.5027624309392265,,2.065934065934066,-0.6772727272727272,1.6621983914209115,0.0,-3.9140625,0.0,3.1341463414634148,,-0.3853028798411122,3.837037037037037,-3.472049689440994,-2.4551724137931035,3.661971830985916,,-3.470494417862839,1.9215246636771304,2.625,,,,0.0,0.0,0.0,-2.744186046511628,0.6555740432612313,2.340909090909091,1.4809437386569873,1.8412698412698407,0.0,-0.5263157894736842,-1.96887159533074,,16.3153,-0.0265640227271334
2001-04-30,0.3924293243890752,1.7156177156177157,,3.31055900621118,-0.3584254143646408,0.7810320781032078,,1.964856230031949,0.0,,0.0635693320924905,-0.8532637075718016,-0.1485761452744531,0.1838111298482293,-1.1931656383483626,,2.5988805970149254,0.4,0.1657216023413206,1.7313915857605178,,-1.406099518459069,0.0,2.4624113475177305,0.6044546850998463,,,,2.0920245398773005,,2.3848039215686274,1.8413793103448275,,,,0.4336043360433604,,0.0,,,,,0.979591836734694,,0.129579982126899,,,,-1.2554831061055127,,,,,0.3924293243890752,-1.2209810587663914,2.527071102413568,2.4077134986225897,,,,0.8273244781783681,,,,,1.12,,1.0566037735849056,-1.5461393596986817,-1.1888705493987266,-0.4341957255343082,,3.0303030303030303,,,-1.6,4.445086705202312,,0.5873493975903614,,9.445544554455443,,,,,-0.4198895027624309,,-1.7142857142857142,-1.490909090909091,1.9839142091152813,0.0,0.03125,0.0,3.207317073170732,,0.8699106256206555,2.948148148148148,-3.130434782608696,-2.317241379310345,2.816901408450704,,-1.6842105263157894,2.585201793721973,31.875,,,,0.0,0.0,0.0,2.0930232558139537,1.933444259567388,2.5454545454545454,2.424682395644284,16.126984126984127,0.0,-0.5263157894736842,-0.5836575875486382,,22.246,-0.1573945877910635
2001-01-31,0.4537613799712506,1.6573426573426573,,2.9627329192546585,-0.218232044198895,0.7287308228730823,,2.293929712460064,0.0,,0.0360798911876297,-0.370757180156658,-0.1588939331407346,0.0539629005059021,-1.5500711912672045,,2.546641791044776,0.6,0.2820559721968173,1.029126213592233,,-1.6383092562867845,0.0005513692335967,2.3858156028368795,0.9600614439324116,,,,3.8006134969325154,,3.213235294117647,2.2413793103448274,,,,0.4823848238482385,,0.0,,,,,0.2576530612244898,,-0.0201072386058981,,,,-1.1185536455246,,,,,0.4537613799712506,-1.5862068965517242,2.4566210045662102,2.333333333333333,,,,0.8652751423149905,,,,,2.256,,-2.1646655231560894,-1.0160075329566856,-1.5435038905918417,-1.9280089988751403,,2.212121212121212,0.6265060240963856,,-7.428571428571429,1.092485549132948,,1.2771084337349397,,5.128712871287129,,,,,-2.723756906077348,,-0.0219780219780219,-2.5045454545454544,2.2305630026809653,0.0,0.8125,0.0,3.841463414634146,,2.522343594836147,2.1481481481481484,0.484472049689441,0.7448275862068966,2.056338028169014,,0.4912280701754385,2.849775784753364,-0.625,,,,0.0,0.0,0.0,2.186046511627907,2.951747088186356,2.971590909090909,2.5807622504537204,0.8253968253968254,0.0,-0.5263157894736842,0.0778210116731517,,31.1079,-0.1316225138951841
2000-10-31,0.0785816962146622,0.1282051282051282,,1.944099378881988,-0.5683701657458563,0.5362622036262203,,2.3610223642172525,0.0,,-0.008017753597251,-0.7780678851174935,-0.4296326867519603,-0.3241989881956155,-1.0156620787850024,,1.9645522388059704,0.3642857142857142,-0.4561916956283153,-0.4142394822006472,,-2.115569823434992,-0.0148869693071126,2.15886524822695,1.109062980030722,,,,4.0184049079754605,,2.536764705882353,3.2482758620689656,,,,0.3794037940379404,,0.0,,,,,-0.3571428571428571,,-0.4566577301161751,,,,-1.2341434499110848,,,,,0.0785816962146622,-1.039339485186984,2.247879973907372,2.112947658402204,,,,0.8652751423149905,,3.438775510204082,,,0.324,,0.7718696397941681,-1.2919020715630884,-1.012497052581938,0.8616422947131609,,2.5454545454545454,6.024096385542169,82.61224489795919,-2.171428571428572,,,-0.1234939759036144,,13.168316831683168,,,,,0.7734806629834254,,-2.747252747252748,-0.6090909090909091,2.037533512064343,0.0,2.140625,0.0,4.902439024390244,,3.5074478649453824,2.474074074074074,1.6521739130434785,1.8427586206896551,2.3661971830985915,,1.6331738437001595,3.6390134529147984,-0.1875,,,,0.0,0.0,0.0,3.209302325581396,4.129783693843594,3.363636363636364,3.607985480943739,0.2539682539682539,0.0,-0.5263157894736842,1.066147859922179,,26.4104,-0.1484490958107412
2000-07-31,-0.2079540009583133,,,2.608695652173913,-0.7306629834254144,0.2831241283124128,,1.779552715654952,0.0,,-0.0953539981387357,-0.7509138381201045,,-0.3777403035413153,-1.293782629330802,,1.501865671641791,0.2857142857142857,-0.2279129321382842,-0.3527508090614886,,-2.095238095238096,-0.0253629847454512,1.7049645390070922,0.8701996927803379,,,,3.914110429447853,,2.313725490196078,2.7379310344827585,,,,0.3766937669376693,,0.0,,,,,0.7397959183673469,,-0.5848972296693477,,,,-1.226437462951986,,,,,-0.2079540009583133,-1.323943661971831,1.8303979125896928,1.6721763085399448,,,,0.8273244781783681,,2.683673469387755,,,0.532,,-1.176672384219554,-1.0329566854990584,-1.2888469700542324,-0.7311586051743532,,2.4242424242424243,0.2891566265060241,82.61224489795919,-3.4571428571428573,,,0.0271084337349397,5.111111111111111,7.227722772277228,,,,,-1.3867403314917126,,-0.3076923076923077,-1.5363636363636364,1.6514745308310992,0.0,0.34375,0.0,4.2317073170731705,,2.1608738828202583,2.355555555555556,0.0,0.353103448275862,2.2535211267605635,,0.0510366826156299,2.6210762331838566,2.0625,,,,0.0,0.0,0.0,1.3488372093023255,2.572379367720466,2.846590909090909,2.2903811252268604,1.3968253968253967,0.0,-0.5263157894736842,-0.1634241245136186,,23.2383,0.3803677549562575
2000-04-30,-0.4504072831816004,,,1.7142857142857142,-0.116390829251326,0.101813110181311,,1.8210862619808303,0.0,,-0.1397379912663755,-0.5879895561357702,,-0.4161045531197301,-1.032747982914096,,0.8973880597014925,0.0571428571428571,-0.4518017194073532,-0.4530744336569579,,-2.128410914927769,-0.0450284874104025,1.3418439716312056,0.6497695852534562,,,,3.061349693251534,,1.9705882352941173,0.8482758620689655,,,,0.3821138211382114,,0.0,,,,,0.5076530612244898,,-0.6827524575513851,,,,-1.1802015411973918,,,,,-0.4504072831816004,-1.0568237008256436,1.4964122635355512,1.3195592286501376,,,,0.7969639468690702,,-0.0816326530612244,,,0.196,,-1.5711835334476845,-0.6657250470809792,-1.0294741806177787,-1.2125984251968505,,1.121212121212121,0.2650602409638554,82.61224489795919,-1.0571428571428572,,,-0.1054216867469879,3.975308641975309,3.4653465346534653,,,,,-1.138121546961326,,-2.065934065934066,-1.5909090909090908,1.415549597855228,0.0,0.484375,0.0,3.5121951219512195,,1.8550148957298909,1.0814814814814817,-0.062111801242236,0.0606896551724137,1.0422535211267605,,0.0765550239234449,2.197309417040359,3.8125,,,,0.0,0.0,0.0,1.5116279069767442,2.1619523017193565,2.386363636363636,1.8983666061705988,2.2857142857142856,0.0,-0.5263157894736842,-0.1867704280155642,,51.7515,-0.0176855686828393
2000-01-31,-0.5529468136080499,,,1.6645962732919255,-0.9406077348066298,-0.00697350069735,,1.1501597444089458,0.0,,-0.1872718161643639,-0.4605744125326371,,-0.4557335581787521,-0.6625533934504034,,0.6753731343283582,-0.2857142857142857,-0.0793854033290653,0.6634304207119741,,-1.166399143927234,-0.0536666054034184,1.2141843971631203,0.5921658986175116,,,0.1140939597315436,1.6993865030674846,,1.83578431372549,-0.5724137931034483,,,,0.5365853658536586,,0.0,,,,,0.2678571428571428,,-0.7448614834673816,,,,-1.1440426793123888,,,,,-0.5529468136080499,-0.6372025254978144,1.3789954337899544,1.1955922865013775,,,,0.6679316888045541,,,,,5.008,,4.459691252144082,,-0.6616364065078991,0.6861642294713161,,0.9090909090909092,0.6265060240963856,82.61224489795919,-1.457142857142857,6.040462427745664,-9.815461346633416,3.5240963855421685,2.0246913580246915,1.881188118811881,,,,,0.9613259668508288,,,0.509090909090909,1.351206434316354,0.0,0.0625,0.0,2.426829268292683,,1.3068520357497515,0.8740740740740741,-0.2608695652173913,-0.1544827586206896,0.8450704225352113,,-0.1977671451355661,1.757847533632287,2.4375,,,,0.0,0.0,0.0,1.069767441860465,1.6317249029395453,1.8465909090909087,1.5317604355716878,1.5873015873015872,0.0,-0.5263157894736842,-0.5914396887159533,,37.7444,1.145417598372209
