,totalAssets,intangibleAssets,earningAssets,otherCurrentAssets,totalLiab,totalStockholderEquity,deferredLongTermLiab,otherCurrentLiab,commonStock,capitalStock,retainedEarnings,otherLiab,goodWill,otherAssets,cash,cashAndEquivalents,totalCurrentLiabilities,currentDeferredRevenue,netDebt,shortTermDebt,shortLongTermDebt,shortLongTermDebtTotal,otherStockholderEquity,propertyPlantEquipment,totalCurrentAssets,longTermInvestments,netTangibleAssets,shortTermInvestments,netReceivables,longTermDebt,inventory,accountsPayable,totalPermanentEquity,noncontrollingInterestInConsolidatedEntity,temporaryEquityRedeemableNoncontrollingInterests,accumulatedOtherComprehensiveIncome,additionalPaidInCapital,commonStockTotalEquity,preferredStockTotalEquity,retainedEarningsTotalEquity,treasuryStock,accumulatedAmortization,nonCurrrentAssetsOther,deferredLongTermAssetCharges,nonCurrentAssetsTotal,capitalLeaseObligations,longTermDebtTotal,nonCurrentLiabilitiesOther,nonCurrentLiabilitiesTotal,negativeGoodwill,warrants,preferredStockRedeemable,capitalSurpluse,liabilitiesAndStockholdersEquity,cashAndShortTermInvestments,propertyPlantAndEquipmentGross,propertyPlantAndEquipmentNet,accumulatedDepreciation,netWorkingCapital,netInvestedCapital,commonStockSharesOutstanding,investments,changeToLiabilities,totalCashflowsFromInvestingActivities,netBorrowings,totalCashFromFinancingActivities,changeToOperatingActivities,changeInCash,beginPeriodCashFlow,endPeriodCashFlow,totalCashFromOperatingActivities,issuanceOfCapitalStock,depreciation,otherCashflowsFromInvestingActivities,dividendsPaid,changeToInventory,changeToAccountReceivables,salePurchaseOfStock,otherCashflowsFromFinancingActivities,changeToNetincome,capitalExpenditures,changeReceivables,cashFlowsOtherOperating,exchangeRateChanges,cashAndCashEquivalentsChanges,changeInWorkingCapital,stockBasedCompensation,otherNonCashItems,freeCashFlow,researchDevelopment,effectOfAccountingCharges,incomeBeforeTax,minorityInterest,sellingGeneralAdministrative,sellingAndMarketingExpenses,grossProfit,reconciledDepreciation,ebit,ebitda,depreciationAndAmortization,nonOperatingIncomeNetOther,operatingIncome,otherOperatingExpenses,interestExpense,taxProvision,interestIncome,netInterestIncome,extraordinaryItems,nonRecurring,otherItems,incomeTaxExpense,totalRevenue,totalOperatingExpenses,costOfRevenue,totalOtherIncomeExpenseNet,discontinuedOperations,netIncomeFromContinuingOps,netIncomeApplicableToCommonShares,preferredStockAndOtherAdjustments,adjusted_close,10%DDret
2023-06-30,0.691724557287475,,,,0.8292297669557172,0.7433381697349524,,-0.009598592275349,0.0,0.0,-4.2462036393972085,,,-0.0012845797640366,-0.3259412559010284,,-0.2758858025812428,,0.8974230091291274,,,-1.206896551724138,6.919307216416167,,0.1174501496041109,-0.2159240682981086,,,0.3511942389508419,,,-0.431342974737132,,,,,,,,,,,-1.7103823484119345,,1.7103823484119345,,,,10.029443368851569,,,,,1.6463705268199234,-0.2911810312116396,,,,,-0.420213107071106,0.981867317212524,,,,,,,,,,,,,,,,,,,,,,,,,,,,,,,,,,,,,,,,,,,,,,,,,,,,,,,,,,,5.0867,-0.0563626712800048
2022-12-31,0.7406764166943326,,,,1.41059906740447,0.6846034736023713,,-1.042298675631013,0.0,0.0,-4.685847852159398,,,-0.0012546193269983,-0.1184260163518863,,0.1304321505310489,,1.4029203274150095,,,0.5172413793103449,6.919307216416167,,-0.4296811133086177,-0.1837086357585069,,,-0.2088894309399143,,,0.5804741518683679,,,,,,,,,,,-1.8374015880654475,,1.8374015880654475,,,,1.0553935920436632,,,,,1.7611859961685823,-0.0930964534484078,,,,,-0.3635487474915357,0.981867317212524,,,,,,,,,,,,,,,,,,,,,,,,,,,,,,,,,,,,,,,,,,,,,,,,,,,,,,,,,,,4.7234,0.0042231838229174
2022-06-30,0.8095690018359212,,,,1.29876173638733,0.7931671467257366,,-0.0051318427846137,0.0,0.0,-4.481704126374422,0.5469969526067401,,-0.0009921262671957,0.122253091098834,,-0.27764325427452,,1.3959365098754075,0.0,,0.5172413793103449,7.248097911230301,,-0.0589606399083322,-0.1446273583615006,-0.3016442575207391,,-0.1057686511275979,0.6593406593406593,,-0.4357193989360113,,,,,,,,,,,-1.991491530317613,,1.991491530317613,,0.6593406593406593,,-0.3107035758072075,,,,-1.237055600256321,1.9227719827586207,0.1366448391881625,,,,,-0.2195237695266691,0.981867317212524,,-37348337.0,,,-0.184042835075929,0.0,0.0,,,0.2404358500640184,,,,0.2782307977226232,,0.0,,,0.0,0.0,,,,,78.36925795053004,,,,,,-2.7428622944651644,,-0.4689015448623947,,0.9326574903698835,,0.5380833660254494,,,,1.3241890427135017,,,,0.9084142169563552,,,,,,1.2570952811775125,,1.6895394736842104,,,,-1.0896807067638152,,5.0094,-0.0797101449275362
2022-03-31,,,,,,,,,0.0,,-4.481704126374422,0.5469969526067401,,9.233673154786096e-05,,,4.691550701456186,,,,,,,,0.556150749056501,,-0.3016442575207391,,-0.0810966431149444,,,,,,,,,,,,,,,,,,,,,,,,,,,,,,,,,,-37348337.0,,,-0.184042835075929,0.0,0.0,,,0.2404358500640184,,,,0.2782307977226232,,0.0,,,0.0,0.0,,,,,,,,,,,,,,,,,0.5380833660254494,,,,,,,,,,,,,,,,,,,,-1.0896807067638152,,6.0206,-0.0782812344284623
2021-12-31,1.3653040678461064,,,,1.5226535909092165,1.4373887008291475,,-1.7119577754482416,0.0,0.0,0.3404588649672101,1.3852003155369903,,-0.0013659317199629,,,0.3939108885559458,,1.4117919307190732,0.0,,0.5172413793103449,7.248097911230301,,-0.1846118783367031,0.1883644987981416,0.0615912840655787,,0.0673201991436806,0.6593406593406593,,1.2365916027168118,,,,,,,,,,,-3.3044142252165543,,3.3044142252165543,,0.6593406593406593,,1.937430474360128,,,,-1.237055600256321,3.226235900383142,,,,,,0.6351267085278237,0.981867317212524,,0.0,,,-0.184042835075929,0.0,0.0,,,0.2404358500640184,,,,0.2782307977226232,,0.0,,,0.0,0.0,,,,,,,,,,,-1.6798994725339995,,-0.1986972683558981,,0.5159012822208475,,0.1270482144080744,,,,0.5641635162485202,,,,0.1146576362167682,,,,,,0.9391214627347296,,2.1316184210526314,,,,-0.4854317350275643,,6.8722,-0.0663351857268206
2021-09-30,,,,,,,,1.7160186405816522,0.0,,0.3404588649672101,1.3852003155369903,,,,,5.41506287931673,,,,,,,,-0.0212427478151674,,0.0615912840655787,,0.0942745747624511,,,,,,,,,,,,,,,,,,,,,,,,,,,,,,,,,,0.0,,,-0.184042835075929,0.0,0.0,,,0.2404358500640184,,,,0.2782307977226232,,0.0,,,0.0,0.0,,,,,,,,,,,,,,,,,0.1270482144080744,,,,,,,,,,,,,,,,,,,,-0.4854317350275643,,7.1115,-0.0805315334317654
2021-06-30,1.6040963823183985,,,,1.2327016199539995,1.7936002863899658,,-0.357856355571768,0.0,0.0,2.413276424152065,0.8119188298537977,,-0.0010889287049112,,,-0.1388630756359096,,1.283912226849592,0.0,,0.0862068965517241,7.568801853356058,,0.3689134232924795,0.3280055755528893,0.2624363308920238,,0.6911807127753826,0.1098901098901098,,-0.0901275772989555,,,,,,0.0004426737494466,,,,,-3.854992069297401,,3.854992069297401,,0.1098901098901098,,0.1538850927560792,,,,0.0,3.786317825670498,,,,,,1.0740454168624922,0.981867317212524,,0.0,,,-0.298598203297814,,0.8512107296046943,,,1.390837592375164,,,,0.4241747009888116,,,,,,0.0,,,,,,,,,,,1.3084861410659998,,-0.279916788868806,,1.2055305037104609,,0.6907391078779591,,,,1.6687889763270678,,,,-0.2387499430050957,,,,,,1.6154951708479732,,2.173947368421053,,,,0.5260025707906757,,7.5935,-0.1073681438072035
2021-03-31,,,,,,,,,0.0,,2.413276424152065,0.8119188298537977,,,,,4.430071212762744,,,,,,,,2.1191482001789934,,0.2624363308920238,,0.7193524188032876,,,-0.0959457170226692,,,,,,,,,,,,,,,,,,,,,,,,,,,,,,,0.0,,,,,,,,,,,,,,,,,,0.0,,,,,,,,,,,,,,,,,0.6907391078779591,,,,,,,,,,,,,,,,,,,,0.5260025707906757,,7.1295,-0.0492741426467494
2020-12-31,1.445846664913721,,,,1.1236367495609771,1.6194696045742047,,-1.532605406954661,0.0,,1.109863764080992,0.3087457781839082,,-0.001209667902053,,,0.3233443335350965,,1.051171165807136,0.0,,-0.6982758620689655,7.568801853356058,,-0.3193722347561676,0.2371850641468157,0.1642551196095623,,-0.0845638519116034,-0.8901098901098901,,1.0608660449639844,,,,,,0.0004426737494466,,,,,-3.4969043022136668,,3.4969043022136668,,-0.8901098901098901,,1.701197734470043,,,,0.0,3.415146724137931,,,,,,0.7818007744539714,0.981867317212524,,0.0,,,-0.5562475342941653,,0.9479899246914842,,,1.6046485759216265,,,,0.752420767700384,,,0.0,,,0.0,,,,,,,,,,,3.682984673548346,,-0.44221941820414,,1.837929620361908,,1.1366099994954997,,,,2.5302704512808765,,,,1.3875903059907673,,,,,,2.1336404853222763,,1.68675,,,,1.3296635638498802,,6.6772,0.0151261007607979
2020-09-30,,,,,,,,1.5373843751818,0.0,,1.109863764080992,0.3087457781839082,,,,,4.086514947486343,,,,,,,,1.7631377091991551,,0.1642551196095623,,-0.0556052976209135,,,,,,,,,,,,,,,,,,,,,,,,,,,,,,,,,,0.0,,,,,,,,,,,,,,,,,,0.0,,,,,,,,,,,,,,,,,1.1366099994954997,,,,,,,,,,,,,,,,,,,,1.3296635638498802,,5.2153,0.2996759534446724
2020-06-30,0.937930357185606,,,,0.9215377089971964,1.0301609657204691,,0.0,0.0,,-3.3124208842376266,,,-0.0009085342785936,,,-0.2796623882801675,,1.051171165807136,0.0,,-0.6982758620689655,7.574831487091127,,0.2574357274345068,-0.0696441142421283,-0.1680185232576736,,0.5655377974619574,-0.8901098901098901,,-0.4407474671081824,,,,,,-0.0004426737494466,,,,,-2.287136005774784,,2.287136005774784,,-0.8901098901098901,,-0.3174629472717547,,,,0.0232580269968003,2.22384061302682,,,,,,0.0,0.9818673655663448,,0.0,,,0.3304585574958438,,-2.000204607124124,,-2.032270720133785,-2.553081186546032,,,,-1.6044409784030544,,,0.0,0.0,,0.0,,,,,0.5464347195795959,,-0.1221363636363636,-2.488389570801937,,,-2.236054822181361,,0.6950175630051495,-1.9901333333333333,0.8066885230258517,,1.0268650130605317,-2.5312736956197943,-2.563769098574152,,1.0375707558947334,1.6332586666666666,-4.024149005090236,,0.5343058778831655,,,,,2.973578031328563,1.1387004482776013,0.5404026845637584,1.7083552631578949,-2.614626097242946,,,-0.6736652892919248,,4.8378,0.4010914051841747
2020-03-31,,,,,,,,,0.0,,-3.3124208842376266,,,,,,3.436500148869928,,,,,,,,0.4785214618729092,,-0.1680185232576736,,0.592341910444738,,,,,,,,,,,,,,,,,,,,,,,,,,,,,,,,,,0.0,,,,,,6.635410714285714,,,,,,,,,,,,0.0,,,,,,,,,,,,,0.6950175630051495,,0.8066885230258517,,0.3949687021618964,,,,,-1.3045856,,,,,,,,,1.1387004482776013,0.5404026845637584,1.7083552631578949,,,,-0.6736652892919248,,4.1136,0.6477537922987164
2019-12-31,1.2668424480345557,,,,0.9832831106542932,1.425993904677176,,-0.5250218609269931,0.0,,-0.3495101637983888,-0.453894679863393,,-0.0003075521786265,-0.1654720646460088,,-0.0730914667616181,,1.051171165807136,,,-0.6982758620689655,7.574831487091127,,-0.2300944107111408,0.1293969294640496,0.0551664835832547,,0.0160583039333402,-0.8901098901098901,,0.0736575564704466,,,,,,-0.0004426737494466,,,,,-3.07191646775746,,3.07191646775746,,-0.8901098901098901,,0.374065989595414,,,,0.0232580269968003,2.995296417624521,,,,,,,0.9818673655663448,,0.0,,,0.3617006451562251,,0.4695500546473324,-0.2535464285714285,0.5147970000341209,0.6680238488633405,,,,-1.5619266119566968,,,-0.0017920266696665,-0.3448504983388704,,0.0,,,,,0.2135544079006976,,-0.0803863636363636,0.8030641299863195,,,0.658867559575678,,0.2145755891279882,-2.4390666666666667,0.9077526020408804,,1.2501891875814637,0.7388378996016642,0.6724040707822024,,1.255371866839389,1.8703893333333328,0.437427117075428,,-0.6734924360785695,,,,,-0.7554747631019145,1.3469678850376416,-0.022738255033557,2.276881578947368,0.6255057735478754,,0.3074746877622537,0.306135831574749,,5.9836,-0.0551173206765157
2019-09-30,1.2668424480345557,,,,0.9832831106542932,1.425993904677176,,0.5190445567583339,0.0,,-0.3495101637983888,-0.453894679863393,,,-0.1654720646460088,,3.655186669809329,,,,,,,,0.0253140154932476,0.1286804849245968,0.0551664835832547,,0.0950599000931146,,,,,,,,,,,,,,,,,,,,,,,,,,,,,,,,0.982112035899424,,0.0,,,,,,,-0.531137607988823,,,,,,,,,,,0.0,,,,,,,,,,,0.3025758432317761,,0.0275005968011458,,2.0469271834496894,,37.5230545304496,,,,0.5790696205692196,-1.3045856,-0.4511366496992133,,,,,,,,2.5618799949176903,0.2795704697986577,2.849815789473684,0.2861724872632442,,0.3074746877622537,0.306135831574749,,5.4338,0.0404873201074755
2019-06-30,1.1805452115393946,,,,0.9378330663079488,1.328152604144697,,-0.0198580101064531,0.0,,-0.9767763771477151,-0.3087457781839082,,0.000858686371966,-0.3447734251878281,,-0.2718492137202131,,1.0488675152456903,,,-0.6982758620689655,7.518040745500976,,1.1313813708988365,0.0700386045989047,0.0,,1.5048097369172833,-0.8901098901098901,,-0.4212910198299706,,,,,,-0.0004426737494466,,,,,-2.8378780365736285,,2.8378780365736285,,-0.8901098901098901,,-0.2913071056979072,,,,-0.1958010912438355,2.7928882183908046,-0.3091573606110909,,,,,,0.9818673655663448,,0.0,,,-6.587507286712765,,-0.5471958572069135,-0.2307357142857143,-0.531137607988823,1.688858067652356,,,,-1.5432762530495,,,-11.259469934038842,2.658471760797342,,0.0,,,,,-0.4273806287940563,,0.0,1.8461932829905967,,,1.576327808635889,,0.0275005968011458,-0.0233333333333333,2.0469271834496894,,2.8348469594826087,1.7072217613302365,1.5630477833570526,,2.800839230269864,2.454965333333333,1.6653202221193892,,-0.1146576362167682,,,,,-1.781766389479791,2.5618799949176903,0.2795704697986577,2.849815789473684,1.5172389805218374,,0.9640605039820116,1.1683514384622635,,5.6558,-0.0690582161296065
2019-03-31,1.1805452115393946,,,,0.9378330663079488,1.328152604144697,,,0.0,,-0.9767763771477151,-0.3087457781839082,,,-0.2023325588692589,,3.4787648029247618,,,,,,,,1.4005485108727034,0.0696441142421283,0.0,,1.5804735735107278,,,-0.4465948768921622,,,,,,,,,,,,,,,,,,,,,,,,,,,,,0.981937962144664,,0.0,,,,,,,0.0121302809006904,,,,,,,,,,,0.0,,,,,,,,,,,0.761306027446185,,2.4793179415475906,,1.2594983001451576,,1.3852039875094782,,,,1.3870475955479966,-1.4393717333333331,-0.4466950023137436,,,,,,,,1.0006465259922477,2.596813422818792,,0.7288134989447648,,0.9640605039820116,0.6166549396293249,,5.5241,-0.0560339380810543
2018-12-31,1.3459451090465469,,,,1.4243958476664589,1.4335465746774436,,-2.6029354850520225,0.2182965375945075,,-2.8829091842550767,-0.454116291318159,,0.0042183548672329,-0.2884822854564108,,0.7444678847929701,,1.254399228056725,,,0.0,12.164926450098838,,-0.1969117099279206,0.1749609220668587,0.0594249536088161,,-0.0246872373338687,0.0,,2.1095522236470288,,,,-3.2258950696274,,3.9969012837538735,,,,,-3.251566506256016,,3.251566506256016,,0.0,,3.110975642949449,,,,5.420686388771888,3.18082990421456,-0.2554244074567355,,,,,,1.2175257552999776,,0.0,,,-0.8132678036228457,,-1.0384069877532625,-0.2857142857142857,-1.0412821482577397,-0.907591299335377,,,,-2.442450602398341,,,-0.7845812821150668,,,0.0,,,,,0.0,,-0.0536022727272727,-0.8069623216651104,0.0,0.0,-0.757194166885907,0.0,0.3264604576612215,-3.1605333333333334,0.9149936825065632,,1.2654634963973417,-0.8663403472508812,-0.9216824199135362,,1.2702684244384324,2.368181333333333,-1.7602730217491902,,-0.4960221505627937,,0.0,0.0,0.0,1.0813962483078707,1.4765157063165577,-0.0579060402684563,2.908171052631579,-0.9705307093600032,0.0,-0.7059381153067907,-0.4112332224112895,,4.8726,0.0731642244386979
2018-09-30,1.3459451090465469,,,,1.4243958476664589,1.4335465746774436,,2.6139341200496764,0.2182965375945075,,-2.8829091842550767,-0.454116291318159,,,-0.2884822854564108,,5.23543922638189,,,,,,,,0.2102348759769984,0.1749609220668587,0.0594249536088161,,0.3375447059897047,,,,,,,,,,,,,,,,,,,,,,,,,,,,,,,,1.199902480014278,,0.0,,,,,,93.926725,,,,,,,,,,,,0.0,,,,,,,,,0.0,0.0,-0.4054550498411681,0.0,2.363526242198956,,0.699376343163423,,0.601174506625142,,,,0.6224080650704548,-1.2250976,-0.4466134197130958,,,,0.0,0.0,0.0,0.0,0.4579638709067772,2.482875167785235,-1.263157894736842,-0.5151306273608367,0.0,-0.7059381153067907,-0.1731374514088161,,5.1066,-0.08824575266693
2018-06-30,1.503882441587322,,,,1.3883395017578677,1.6371277508188171,,-2.014670462108438,0.2356297178221112,,0.2053015021496706,-0.3643985441541963,,0.0050327359775255,0.2014150128509327,,0.5130138122481993,,1.2583362860756957,,,0.0,8.688844058453403,,0.5972494283154662,0.263052525693105,0.1742114246628741,,0.9485308591101228,0.0,,1.5331829226364249,,,,-1.2954202484004516,,4.315626383355467,,,,,-3.6057257844080848,,3.6057257844080848,,0.0,,2.336146409755128,,,,4.603044474942522,3.5512683141762453,,,,,,,1.2175257552999776,,0.0,,,33.904118636516195,,6.67343751387753,-0.2758107142857143,6.9053450341188665,-2.5631753813214897,,,,9.947544068302548,,,67.2902576176978,,,0.0,,,,,-4.513907764791157,,0.5125340909090909,-2.498704221949578,0.0,0.0,-2.2451268363069645,0.0,1.8951403335265835,0.3852,1.4567092716078012,,1.7225858723373495,-2.572794550132133,-2.6359979592384737,,1.7160856384994316,2.045173333333333,3.190826469227209,,0.5796259091411192,,0.0,0.0,0.0,3.056807580738736,1.70926506352568,2.199570469798658,1.4032631578947368,-2.686943313035179,0.0,-1.7707856460281488,-1.4184299172290409,,5.1364,-0.0920749690800113
2018-03-31,1.503882441587322,,,,1.3883395017578677,1.6371277508188171,,0.0123791359717089,0.2356297178221112,,-0.9667893956060728,-0.3643985441541963,,,0.2014150128509327,,5.097863882246672,,,,,,,,1.3751646816290295,0.263052525693105,0.1742114246628741,,1.3192800541453134,,,1.5289143355016837,,,,,,,,,,,,,,,,,,,,,,,,,,,,,1.2175201946105896,,0.0,,,,,,5.712307142857143,6.9053450341188665,,,,,,,,,,,0.0,,,,,,,,,0.0,0.0,-1.1494213248673937,0.0,1.8951403335265835,,1.4567092716078012,,-57.788681424678494,,,,0.6914745572524241,-1.2250976,-0.4660019435446552,,,,0.0,0.0,0.0,0.0,1.70926506352568,2.199570469798658,1.4032631578947368,-1.3592564624752994,0.0,-1.7707856460281488,-0.6767357584167821,,5.7626,-0.0469216871655896
2017-12-31,-0.3216821575140592,,,,-0.0423098810839059,-0.3361755029653774,,-0.480955443241666,-1.0006829321358854,,0.0737257720673272,,,-0.002201219801896,-0.39972482433533,,-0.090429488635997,,0.0044060696208822,,,,-0.4884970234912542,,0.5806535738109254,-0.8250390779331412,-0.9384087159344212,,0.915751268126541,,,0.0304822368972327,,,,-0.3647905156191193,,-18.32270916334661,,,,,0.6866476708373436,,-0.6866476708373436,,,,0.3160242103070725,,,,-31.071074085204383,-0.7305518007662836,-0.361611458542795,,,,,,-0.0189138387619603,,0.0,,,0.599308326578199,,0.4062464425944173,-0.2857142857142857,0.4472171066401352,0.5047973988853884,,,,-0.7197610723612546,,,,,,0.0,,,,,-0.420222886653982,,-0.0008977272727272,0.6362728279516189,0.0,0.0,0.512170106949497,0.0,-0.2639293387443304,0.0,-0.4223471552432164,,-0.6243416083918717,0.6567965525467302,0.6745237104266802,,-0.5727996275309828,-0.4632213333333333,0.4403493752892179,,-0.6721624672259556,,0.0,0.0,0.0,-0.7579172307097273,-0.4833506468133087,-0.2025503355704698,-0.5136184210526316,0.6276280060760038,0.0,0.5333052207861853,0.4480123116115688,,5.8017,-0.0372008777735204
2017-09-30,-0.3216821575140592,,,,-0.0423098810839059,-0.3361755029653774,,0.5902407610769704,-1.0006829321358854,,1.380279940138176,,,,0.0208973088842428,,-0.0163645566022553,,,,,,,,0.8000119809403957,-0.8250390779331412,-0.9384087159344212,,0.915751268126541,,,,,,,,,,,,,,,,,,,,,,,,,,,,,,,,-0.1113177484778338,,0.0,,,,,,2.4803571428571427,,,,,,,,,,,,0.0,,,,,,,,,0.0,0.0,0.1136633246639893,0.0,-0.3189578146847184,,-0.0242854293157396,,5.097078642548042,,,,-0.6266611295681063,-1.4185354666666667,-0.4660019435446552,,,,0.0,0.0,0.0,0.0,-0.1172021501490534,-0.33648322147651,-0.6141842105263158,0.1837862443037464,0.0,0.0370820158468911,0.1782590343099876,,5.2596,-0.0288174077578051
2017-06-30,-0.4003460021847378,,,,-0.1031894731606924,-0.4213631926605348,,-0.0304662593747044,-1.0006829321358854,,0.1043003550612901,,,-0.0022712064638296,0.7639518116465764,,-0.2676753764190919,,,,,,-0.5045187119710854,,-0.6188232284310418,-0.867660477021364,-0.986440633534528,,-0.4220654081578651,,,-0.4108972874521837,,,,-0.6179902145276628,,,,,,,0.8463149085659287,,-0.8463149085659287,,,,-0.2773345230600275,,,,,-0.9150560536398468,,,,,,,-0.0189138387619603,,0.0,,,,,0.176606856153046,,0.2106078644976976,0.1323202834874911,,,,,,,,,,0.0,,,,,-0.886971097218447,,0.0576420454545454,0.255660843412738,,,0.1774115920286599,,-0.3189578146847184,0.3962666666666666,-0.0242854293157396,,-0.037016762207964,0.2511187502525419,0.2456405574501221,,0.0,-0.5979626666666666,-0.1509338269319759,,,,,,,-0.2637137884355057,-0.1172021501490534,-0.33648322147651,-0.6141842105263158,0.1982202148109314,,,,,4.4919,0.1426567822079742
2017-03-31,-0.4003460021847378,,,,-0.1031894731606924,-0.4213631926605348,,0.0643581647558056,-1.0006829321358854,,0.7426283093454216,,,,0.7639518116465764,,-0.2344581607454083,,,,,,,,-0.0116566442647103,-0.867660477021364,-0.986440633534528,,-0.4220654081578651,,,,,,,,,,,,,,,,,,,,,,,,,,,,,,,,-0.0188966731555882,,0.0,,,,,,-0.175,,,,,,,,,,,,0.0,,,,,,,,,0.0,0.0,0.0618478893004187,0.0,-0.5016239811751867,,-0.1230891419313058,,-0.2114601365764916,,,,-0.1701291891748989,-1.3669461333333333,-0.4664507172605275,,,,0.0,0.0,0.0,0.0,-0.3388942911486722,-0.0988617449664429,-1.263157894736842,0.0836512145286392,0.0,-0.0370820158468911,0.1431846412871923,,4.4285,0.1590154679914192
2016-12-31,-0.4324859912787723,,,,-0.10627435151119,-0.460648694414022,,-0.0262569218781551,-1.0006829321358854,,0.0691160805449527,,,-0.0022002577365801,-0.4205657230897238,,-0.2693315488384831,,0.0050108127404809,,,,-0.4864303236608018,,-0.5860076128516755,-0.8850465252732764,-1.008591228178599,,-0.3871516816279941,,,-0.4150215049663645,,,,-0.7339104252916824,,,,,,,0.9228576227141482,,-0.9228576227141482,,,,-0.2828788230226316,,,,,-0.990439664750958,-0.3815052294241028,,,,,,-0.0195832974104739,,0.0,,,0.6658632472928758,,-0.0120641060028832,2.0428571428571427,0.0162106612028023,-0.0650809926312378,,,,-0.8270572110418076,,,-0.0285203183501312,0.0,,0.0,,,,,,,0.0008238636363636,0.0539483398840416,0.0,0.0,0.0,0.0,-0.0547829348975207,0.4365333333333333,-0.4019893596711489,,-0.6118006365738562,0.0760795819477691,0.0975067801616497,,-0.5605688083635156,-0.4906666666666666,-0.3549282739472466,,,,0.0,0.0,0.0,-0.0930187584606459,-0.4814147720271201,-0.0846442953020134,-0.6052631578947368,0.0497371993923996,0.0,0.2653742939338726,0.2862252937327927,,3.7631,0.3550967605670987
2016-06-30,-0.4291401494009311,,,,-0.0784622910028036,-0.4622114200392995,,-0.0255347756640993,-0.9999818690583392,,-0.0442399966162943,,,0.4903732495728636,,,-0.2696156787386082,,,,,,-0.4438096583345348,,-0.6063707074114728,,,,-0.4080305733699835,,,-0.4157290481524952,,,,-0.7248776815957847,,,,,,,0.9144415014436958,,-0.9144415014436958,,,,-0.2838299929468457,,,,,-0.9825920689655172,,,,,,,-0.0181326827874759,,,,,0.5539864452421936,,0.1455211898933266,,0.1785787355082898,0.178972729735904,,,,-0.6620208514688393,,,,,,0.0,,,,,,,4.608778409090909,0.3033321751970641,,,0.219339815207847,,-0.6277120349213927,0.3032,-0.0250419601106617,,0.0056473904914509,0.2967103695962997,0.2889959990333235,,0.0416090191551298,-0.7466666666666667,-0.0911614993058769,,,,,,,-0.3136724037903693,-0.1264192637418697,-0.6215570469798658,-0.6578947368421053,0.2416286916428062,,,,,3.8755,0.3243968520190942
2015-12-31,-0.4548054738659042,,,-1.0,-0.0726430174539475,-0.4952857917306317,,-0.3102005455067793,-0.9999818690583392,,0.0162136340862483,,,-0.0021976874426765,-0.4240428787499515,,-0.157613351259588,,0.005111709826834,,,,-0.4399675829893475,,-0.6188579101006084,-0.8990030441734511,-1.0281208833455808,,,,,-0.136819705616919,,,,-0.849830636055702,,,,,,,0.9747608662175168,,-0.9747608662175168,,,,0.0911155699564029,,,,,-1.0427895019157087,-0.3848243635381549,,,,,,-0.0181326827874759,,0.0,,,0.5265079324578156,,-0.3076951361463366,,-0.2883928920434022,-0.4047639286606066,,,,-0.6270131388321489,,,,,,0.0,,,,,0.0190722116517169,,-0.0559943181818181,-0.2931532431434713,0.0,0.0,-0.3052852121872483,0.0,-0.8459707396923917,0.4365333333333333,-0.4178053344778827,,-0.5252073157049412,-0.273886495011969,-0.2537525845170645,,-0.4761170398700471,-0.7893333333333333,-0.0934752429430819,,,,0.0,0.0,0.0,0.3117385418681106,-0.494184394627309,-0.8631677852348993,-0.5921052631578947,-0.3017838179349652,0.0,-0.652286903030613,-0.1477641853855527,,3.2997,-0.1021608024971967
2015-06-30,-0.4133350549152196,,,,-0.1019754500453331,-0.4377459882995074,,-0.0304720994373998,-0.9999818690583392,,-0.0997652326366008,,,-0.0021209735031237,-0.4235633926462344,,-0.2676730786345185,,0.005097796515053,,,,-0.3394724906500538,,-0.618612886357177,,,,,,,-0.4108915654855152,,,,-0.7068121942039894,,,,,,,0.8771329355149182,,-0.8771329355149182,,,,-0.2773268308615735,,,,,-0.94552158045977,-0.3843666679847849,,,,,,-0.0181326827874759,,,,,0.4715509068890594,,-0.161275304049536,,-0.137529157946355,-0.1945788861321702,,,,-0.5569977135587684,,,,,,0.0,,,,,,,-1.6980397727272727,-0.0783777768126642,,,-0.1163843917429392,,-0.1366299491866452,0.5698666666666666,-0.0171339727072948,,-0.0508265144230588,-0.0811515540776204,-0.0835772401385569,,-0.0134682211666975,-0.512,-0.3280888477556686,,,,,,,0.1156449429510732,-0.1034339430615297,-0.1920268456375839,-0.5789473684210527,-0.1314003038001908,,,,,3.995,-0.1095619524405506
2014-12-31,-0.3835971658799197,,,1.0,-0.0597352363381879,-0.4094947996356741,,-0.4187327198721834,-0.9999818690583392,,-0.0018017891116056,,,-0.001544624582998,-0.4238974463839344,,-0.1149111459961943,,0.0051074897966063,,,,-0.3396886245702005,,-0.6128282541202499,-0.858238612640253,-0.9797488019112528,,-0.4154614668349168,,,-0.0304822368972327,,,,-0.6616484757245014,,,,,,,0.8079439749759384,,-0.8079439749759384,,,,0.2340679777328606,,,,,-0.8757720402298851,-0.3846855404383276,,,,,,-0.0181326827874759,,0.0,,,0.3881339930793402,,-0.3962575649189248,-0.0714285714285714,-0.3639554902306581,-0.4738294718611038,,,,-0.4507243001973872,,,,,,0.0,,,,,-1.339992751653529,,0.1144602272727272,-0.3637271720483811,0.0,0.0,-0.3673568877834825,0.0,-0.3003239777648944,0.7032,-0.3861733848644152,,-0.5477968776707451,-0.3432034474532698,-0.3215542010150103,,-0.498147935998778,-0.48,0.0,,,,0.0,0.0,0.0,0.3898665635273641,-0.4354441306664402,-0.3799463087248322,-0.4473684210526316,-0.3696683738624296,0.0,-0.6426035578781213,-0.1431846412871923,,3.9663,-0.0550134886418072
2014-06-30,-0.3295130477292855,,,,-0.0989316961697152,-0.3342598774682219,,-0.0422470135379391,-1.0000060436472202,,-0.2363554687624582,,,-0.0022710269740319,0.0704165888089353,,-0.2630402146767101,,-0.0092360860360325,,,,-0.2820396456491046,,-0.3661825796225824,,,,,,,-0.3993547602278641,,,,-0.3876552502822732,,,,,,,0.6847771318575553,,-0.6847771318575553,,,,-0.2618175836556167,,,,,-0.7489189750957854,0.0871640796491225,,,,,,-0.0181326827874759,,,,,0.2684061873759786,,-0.15518505106804,-0.1071428571428571,-0.118180949413978,-0.1178762876739256,,,,-0.2981906951375225,,,,,,0.0,,,,,0.4720938660867989,,-0.1128125,0.0,,,-0.0474490212490444,,0.8455342222828497,0.5698666666666666,0.0250419601106617,,-0.1185952003204705,0.0,0.0,,-0.0795609095528903,0.0106666666666666,-0.4433132808884775,,,,,,,0.0193386192225875,-0.0293701319804343,0.7744161073825503,-0.4078947368421052,-0.047720826444059,,,,,5.1063,-0.0978203395805182
2013-12-31,-0.2946118301262438,,,,-0.0195248744112317,-0.3072373837674438,,-0.7107915598515456,-0.9999818690583392,,-0.0529160200088176,,,5.040073520457072e-05,-0.0208973088842428,,0.0,,-0.0065864185718568,,,,-0.2821224268895215,,-0.4128451895848694,,,,,,,0.2556706752894503,,,,-0.3801279638690252,,,,,,,0.6046380750721848,,-0.6046380750721848,,,,0.6187512721712828,,,,,-0.6670589655172414,0.0,,,,,,-0.0181326827874759,,,,,0.1673245153477307,,-0.5830253230181365,0.5714285714285714,-0.5093285165009497,-0.6431728710546308,,,,-0.1694123236525547,,,,,,0.0,,,,,,,-8.607130681818182,-0.536769016959458,,,-0.5195518616011723,,-0.3276063158612693,0.4365333333333333,-0.3940813722677821,,-0.5590916586536471,-0.5151433026552281,-0.4917295453935179,,-0.5091633840631434,-0.288,0.2346136048125867,,,,,,,0.5859601624444015,-0.3996891873859114,-0.3531006711409395,-0.2236842105263158,-0.5400518879972039,,,,,5.0417,0.0928853362952972
2013-06-30,-0.2018168961672211,,,,-0.006173087117377,-0.1947258053262016,,-0.7951265575278745,-0.9999818690583392,,-0.1665777393474399,,,-5.040073520457072e-05,1.6553446835215433,,0.0331817767654563,,-0.0552261544890149,,,,-0.2723796185610723,,0.4583732134999074,,,,-0.4056771355981957,,,0.3383002754961894,,,,-0.0082800150545728,,,,,,,0.4044238306063523,,-0.4044238306063523,,,,0.7298325349225809,,,,,-0.4494105651340996,1.6000641110315563,,,,,,-0.0181326827874759,,,,,0.1025537352131253,,-0.5652620851554397,0.3928571428571428,-0.5040992709516586,-0.5986787230312336,,,,-0.0868941438660705,,,,,,0.0,,,,,,,-8.6753125,-0.4913031204534103,,,-0.4795633782843675,,-0.0275005968011458,1.3698666666666666,0.0039539937016834,,-0.0056473904914509,-0.4945172826604996,-0.4959251899787868,,0.0305935710907643,-0.064,0.2401665895418787,,,,,,,0.5907948172500483,0.0293701319804343,-0.2457181208053691,0.0,-0.5444206960519418,,,,,5.9091,0.0246820730206481
2012-12-31,-0.1145138312948907,,,,-0.0090494814023628,-0.0856987662965806,,-0.7951263329100785,-0.9999818690583392,,-0.0064096581713075,,,7.066154357313176e-05,1.2577211365230911,,0.0331816883891266,,-0.0436882593592725,,,,-0.2297928863628472,,0.2824074303450195,,,,-0.3749925915697839,,,0.3383000554205483,,,,0.2205494919081671,,,,,,,0.1950732338787295,,-0.1950732338787295,,,,0.7298322390687942,,,,,-0.2446432183908046,1.2205108185262372,,,,,,-0.0181326827874759,,,,,0.1310136234540883,,-0.0415003287467807,-0.1428571428571428,-0.0036604718845037,0.0773666902197878,,,,-0.0993968983791741,,,,6.312292358803987,,0.0,,,,,,,0.0008238636363636,0.199507068250418,,,0.1280228309172331,,-0.4640180063431436,1.5032,-0.3888093806655375,,-0.506382680733438,0.2162350784693261,0.2319352326736661,,-0.4577579597627713,-0.2453333333333333,-0.1698287829708468,,,,,,,-0.2479210984335718,-0.3511646215051937,-0.7020939597315436,0.0,0.184498124773158,,,,,6.4593,-0.0327589676899973
2012-06-30,-0.1095189323735469,,,,0.0,-0.0813554749508908,,-0.9582794905758234,-0.9999818690583392,,0.0018017891116056,,,-0.0018029821978608,-0.0684722021457003,,0.0973746308852117,,-0.005205931592645,,,,-0.3705314170963572,,-0.4371565895397382,,,,,,,0.498153978013013,,,,0.3334587881068874,,,,,,,0.1654136669874879,,-0.1654136669874879,,,,0.9447282997164538,,,,,-0.2329277969348659,-0.0454128220380408,,,,,,-0.0181326827874759,,,,,0.2144305372638074,,0.1752111731781198,0.0357142857142857,0.2327014269434524,0.3327099725331647,,,,-0.0081267904335173,,,0.2804497971096242,,,0.0,,,,,,,6.966732954545455,0.4604270265575123,,,0.3575089777129261,,0.1361934317771033,1.5032,0.1542057543656538,,0.1863638862178823,0.4451500872632805,0.4282913992642517,,0.2178561881849773,0.0426666666666666,0.1008792225821379,,,,,,,-0.4741829433378456,0.1877134522227762,-0.111489932885906,0.0657894736842105,0.3810944872363592,,,,,6.1515,0.0196830474449575
2011-12-31,-0.1379090656984577,,,,0.0182534447853475,-0.1203708223747354,,-1.1398115501615338,-1.0025443754797143,,0.0770527915799794,,,-0.0021480190258467,0.3986213011701576,,0.168798789809891,,-0.0187596456463636,,,,-0.3166486461035809,,-0.19846562888902,,,,,,,0.6760151497870576,,,,0.148287542340986,,,,,,,0.2369604619826756,,-0.2369604619826756,,,,1.1838320047525952,,,,,-0.2995162068965517,0.400453320522345,,,,,,0.0041100747651612,,,,,0.890598226850825,,-0.9172279553777316,0.3928571428571428,-0.866747449794994,-1.3251951101595414,,,,0.998344947871328,,,2.709430243262471,-12.956810631229237,,0.0,,,,,,,0.0008238636363636,-1.233686564895442,,,-1.1325096581139855,,-0.7368413873068922,1.2365333333333333,-0.3413614562453363,,-0.506382680733438,-1.2120322732967936,-1.1858569855804086,,-0.4577579597627713,-0.0106666666666666,1.1915779731605738,,,,,,,1.3858054534906208,-0.2949782820643627,-0.2188724832214765,0.0526315789473684,-1.2350284308585715,,,,,6.0022,0.1357720657397432
2011-06-30,0.0052110114363823,,,,0.0104744802280827,0.0589923014233288,,-1.054042817093504,-1.0273716782603963,,0.5998405990617051,,,-0.0009684264343025,1.2170080067128055,,0.1350529069316825,,-0.0425068810789855,,,,-1.082038189027526,,0.2700341817130312,,,,-0.3654894951315033,,,0.5919808067631885,,,,1.0350018818216034,,,,,,,-0.0887473628488931,,0.0887473628488931,,,,1.0708623072808434,,,,,0.0361686685823754,1.181647922743683,,,,,,-0.0456943606244393,,,,,1.2576326476135893,,0.0227010880998233,2.571428571428572,0.2612008151870886,-0.220146418951585,,,,0.0668897366451046,,,2.059800769731703,,,0.0,,,,,,,-2.578721590909091,-0.1045037024168856,,,-0.1393628485742374,,-0.0820652729938955,0.4365333333333333,0.1937456913824882,,0.2428377911323921,-0.1203748052151369,-0.1356032329958916,,0.2729334285068046,0.128,-0.2563627950023137,,,,,,,0.1755946625410945,0.246453716183645,-0.111489932885906,0.1710526315789473,-0.1834899382989877,,,,,7.583,-0.1563497296584465
2010-12-31,0.0489168486811933,,,,0.3158768941928195,0.050483515381642,,-3.794045247458056,-1.0425533200776005,,0.8050465548089702,,,-0.0020942941395881,6.663577918254671,,1.213112449069826,,-0.2005507216174961,,,,-1.3196431625901008,,3.220379039119572,,,,-0.1771840147460441,,,3.2765757154562807,,,,1.1027474595408355,,,,,,,-0.1302164003849855,,0.1302164003849855,,,,4.679837682778469,,,,,0.1386797126436781,6.380695007332384,,,,,,-0.060684045062086,,,,,-1.4696097462359343,,0.6647152565658637,-0.2857142857142857,0.7135305552007658,1.5430172079457252,,,,1.916047129133137,,,,,,0.0,,,,,,,0.0008238636363636,1.6971672710690322,,,1.4452554082334734,,0.190758107969853,1.1032,-0.5179731749205296,,-0.7925171323002875,1.7215964066091851,1.7390107677022637,,-0.7368159773933631,0.4053333333333333,1.907913003239241,,,,,,,-1.98452910462193,-0.3894734893057603,0.022738255033557,0.4473684210526316,1.6934172144479842,,,,,7.5658,-0.1151365354622115
2010-06-30,-0.112177570839464,,,,0.0083005077626825,-0.0863643370882451,,-0.0988763045520818,-1.0425533200776005,,-0.0636230261780057,,,-0.0019140648438843,-0.4238357478044119,,-0.2407593046797829,,0.0051056994807521,,,,-3.1476022239328976,,1.3691584470359108,,,,1.8183362804185068,,,-0.3438706100480265,,,,2.382386149793,,,,,,,0.2101288835418671,,-0.2101288835418671,,,,-0.1872287020776036,,,,,-0.2391635727969348,-0.384626645789916,,,,,,-0.060684045062086,,,,,-4.042776193401624,,-1.2806130499403283,0.3214285714285714,-1.246390676673525,-0.1318222146663337,,,,-0.4694784319670427,,,-7.177613451449703,,,0.0,,,,,,,-0.9423579545454546,-0.0142505048750298,,,-0.0599827249752071,,0.981945912764724,0.8365333333333334,0.2306496325982002,,0.1637743242520784,-0.02671238655055,-0.0391034075347063,,0.1958252920562463,0.5653333333333334,-0.3896344285053216,,,,,,,0.0643976020112164,0.2949782820643627,0.8549530201342281,0.2368421052631578,-0.0870400989366993,,,,,5.0445,0.4175240360788976
2009-12-31,0.0886192402792595,,,,-0.0029922187658256,0.1658664397167402,,0.8596033204799544,,,0.0392972120725394,,,1.400620664951187,1.0742313238399783,,0.0537850388948646,,-0.0383639111608443,,,,0.0102578984407532,,0.146780032186391,,,,,,,,,,,0.7730523146405721,,,,,,,-0.2897016361886429,,0.2897016361886429,,,,-0.1183415146767146,,,,,0.2318007662835249,1.0453598168544704,,,,,,0.000725307311499,,,,,-0.2536855555272047,,0.5073837212105494,-0.1785714285714285,0.5592678114966794,0.9257439155912808,,,,0.3694563958622134,,,0.0031689242611256,,,0.0,,,,,,,0.0008238636363636,1.066412781481401,,,0.8904898075921299,,-0.0275005968011458,0.8365333333333334,-0.2912775360240128,,-0.4461438488246274,1.077455946118073,1.08415456083349,,-0.3990089034194888,0.0853333333333333,1.005090236001851,,,,,,,-1.2299361825565656,-0.2311301690634184,-0.1383355704697986,0.131578947368421,1.0377599440792569,,,,,5.0776,-0.0184339057822594
2009-06-30,-0.0102095898939239,,,,-0.0893363471874707,0.0603611814259697,,0.0509792549742172,,,0.1342171429343805,,,1.226874540741698,-0.1597402666083762,,-0.2643697481813697,,-0.0025575940773896,,,,0.0082063187526026,,-0.4837957781147855,,,,,,,,,,,0.4237862250658638,,,,,,,-0.0702598652550529,,0.0702598652550529,,,,-0.0591707573383573,,,,,0.0,-0.1325331513769148,,,,,,0.000725307311499,,,,,,,1.444521398738252,0.4285714285714285,1.5692965893422486,1.791387526762898,,,,,,,,,,0.0,,,,,,,32.06332386363636,1.9509619769386115,,,1.6684747031660851,,0.6272755175118507,-0.4968,0.1779297165757544,,0.092240711360366,1.934619236062939,1.9110321956982887,,0.1260607876485984,0.2346666666666666,2.144840351689033,,,,,,,-2.182749951653452,0.1723899051025496,0.7744161073825503,-0.131578947368421,1.8658171015310991,,,,,4.0541,-0.0165264793665672
2008-12-31,-0.2172600729427008,,,,0.0858188847535807,-0.2323144629671775,,1.668227385985691,,,0.0848587788862232,,,0.8628692309309096,1.3386538075074832,,0.371939825971099,,-0.0460366933930132,,,,0.0102578984407532,,0.2819034201080717,,,,,,,,,,,-0.4267971396311629,,,,,,,0.4340712223291627,,-0.4340712223291627,,,,-0.1479268933458933,,,,,-0.4856321839080459,1.297765452904053,,,,,,0.000725307311499,,,,,-0.1025537352131253,,-1.9162832048839769,-0.2821428571428571,-1.9455408066137403,-2.296761357297306,,,,0.1781642518117272,,,0.0047533863916885,,,0.0,,,,,,,-0.0048579545454545,-2.226471737855856,,,-2.00539259618603,,-0.0820652729938955,-0.4968,-0.2174696535925888,,-0.3708453089386144,-2.2071532051736145,-2.1797212749389114,,-0.3255725829903857,-0.0533333333333333,2.5617769551133733,,,,,,,2.531038483852253,-0.213252697423154,0.0764295302013422,-0.1447368421052631,-2.2301084808646205,,,,,2.6038,0.0865273830555341
2008-06-30,0.0669749097041408,,,,-0.0424638203300062,0.1465914406059264,,0.2082117121558883,,,,,,-0.002989553352741,,,-0.2025063173609909,,,,,,0.0082063187526026,,0.3269445494152986,,,,0.6438789487250329,,,,,,,0.7053067369213398,,,,,,,-0.2358036573628489,,0.2358036573628489,,,,0.266268408022608,,,,,0.1810344827586207,,,,,,,0.000483538207666,,,,,0.8523245840440127,,-0.1054479850524891,0.8571428571428571,0.0036604718845037,-0.250030548221031,,,,,,,0.0649629473530767,,,0.0,,,,,,,-3.249176136363636,-0.1350404985776639,,,-0.1662207851303004,,0.6545578556082257,,0.35717743105207,,0.3482557469728105,-0.1555404786487725,-0.1752101178808302,,0.375744277107549,0.6506666666666666,-0.2017584451642758,,,,,,,0.221233803906401,0.4431059042265535,0.801261744966443,0.3684210526315789,-0.2231452729496847,,,,,4.0032,-0.0654726219024779
2007-12-31,0.1682540414518661,,,,0.4854688505909096,0.1633302556232121,,5.262112121566745,,,,,,1.5406227071861056,2.3963437421775016,,1.7859611018654742,,-0.0767278223216887,,,,-0.0041031593763013,,1.1827260062526097,,,,-0.0160583039333402,,,,,,,0.7640195709446744,,,,,,,-0.4552454282964389,,0.4552454282964389,,,,-0.0887561360075359,,,,,0.4185823754789272,2.307387997102383,,,,,,0.0,,,,,-1.6855123466846194,,-0.8507426936630664,-0.2142857142857142,-0.842692920268255,-0.3669106982526418,,,,2.191107728421418,,,,,,0.0,,,,,,,0.0008238636363636,-0.2544733013398189,,,-0.2712651592162353,,-0.2457593015721447,-0.3634666666666666,-0.35717743105207,,-0.5440319506764444,-0.2344941781367907,-0.2138100480653043,,-0.4944761199773229,0.4373333333333333,-0.1485423415085608,,,,,,,0.2657126281183523,-0.213252697423154,-0.111489932885906,0.5526315789473685,-0.2617924211262115,,,,,5.3376,-0.1222834232613909
2007-06-30,0.2078672502402908,,,,-0.0819354218941869,0.329703932158658,,0.0285174753768356,,,0.1304203456999069,,,1.6102647487080908,-0.2478810944975444,,-0.2732073811557096,,0.0,,,,-0.0020515796881506,,-0.5288369074220124,,,,,,,,,,,1.2322167858487016,,,,,,,-0.5851780558229066,,0.5851780558229066,,,,0.0,,,,,0.5114942528735632,-0.2166683633934423,,,,,,0.0,,,,,,,1.1856856470246704,1.9642857142857144,1.415033845638162,1.452700728375844,,,,,,,,,,0.0,,,,,,,26.10309659090909,1.6048782871164575,,,1.3640847555307056,,0.3271697984517273,-0.3634666666666666,0.2253776409959556,,0.2051885211893856,1.5848222248408623,1.5587658763191106,,0.236215268292253,0.5866666666666667,1.6594169366034244,,,,,,,-1.77683233417134,0.3281793008248537,0.5059597315436242,0.4342105263157895,1.5129518355715073,,,,,4.8092,-0.063626185597499
2006-12-31,0.0485976478950778,,,,0.1277574614155227,0.0887664432734848,,1.960230520751652,,,,,,1.3302606642382535,5.128709406741716,,0.4868290546375169,,-0.1560132387207671,,,,0.0,,3.074453437156139,,,,0.5423501406237448,,,,,,,0.5397064358298833,,,,,,,-0.1328200192492781,,0.1328200192492781,,,,-0.0295853786691786,,,,,0.1379310344827586,4.915579569614737,,,,,,0.0,,,,,-0.3027543283564513,,0.7471874323569558,-0.2821428571428571,0.7987672576542101,1.2561295669590442,,,,0.429469617525111,,,,,,0.0,,,,,,,-0.0048579545454545,1.4040140279255608,,,1.1877176388125592,,0.4362991508372267,-0.4968,-0.3650854184554369,,-0.6532148335111634,1.423533511111592,1.4369243575629012,,-0.6009587845995223,0.4053333333333333,1.4914391485423415,,,,,,,-1.636433958615355,-0.2949782820643627,0.586496644295302,0.1710526315789473,1.3909612721969056,,,,,3.6623,-0.0409294741133305
2006-06-30,-0.1110803380458921,,,,-0.0893363471874707,-0.0649263127943203,,0.0285174753768356,,,,,,-0.0015536349708444,,,-0.2732073811557096,,,,,,-0.0020515796881506,,-0.5288369074220124,,,,-0.3206447282372048,,,,,,,0.0850583364697026,,,,,,,0.1674687199230028,,-0.1674687199230028,,,,-0.0887561360075359,,,,,-0.2365900383141762,,,,,,,0.0,,,,,,,0.0267612567541539,0.1785714285714285,0.0902044857252708,-0.0637528091081513,,,,,,,,,,0.0,,,,,,,0.0065056818181818,0.0553055308245206,,,0.0008952645518687,,0.1089110936807284,,-0.0039539937016834,,-0.0884757843660653,0.0535938388387618,0.0518581670739239,,-0.050186381381249,0.2133333333333333,-0.4178621008792226,,,,,,,-0.0404177141752078,0.0395858300605854,0.2643489932885906,0.0921052631578947,0.004032745896681,,,,,2.9649,0.1902256399878579
2005-12-31,0.0081676719151391,,,,0.6754259331185288,-0.0740565755310216,,7.036592709759891,,,,,,-0.002989553352741,0.7216680122833058,,2.484134106838322,,-0.0281335348512858,,,,0.0,,1.272808264867063,,,,1.0499941811301856,,,,,,,0.0564546480993601,,,,,,,-0.0769971126082771,,0.0769971126082771,,,,-0.1183415146767146,,,,,0.043103448275862,0.7088189687883604,,,,,,0.0,,,,,-3.5069451941062515,,-0.7532986459591299,-0.1428571428571428,-0.7370621601725755,0.3768720746757904,,,,4.511618966053459,,,,,,0.0,,,,,,,8.961051136363636,0.5055536253284402,,,0.3971990395124413,,-1.0642294444633904,-0.3634666666666666,-0.4968852085115514,,-0.6381551255339608,0.5269779042915478,0.546272925002014,,-0.5862715205137018,0.1493333333333333,0.2633040259139287,,,,,,,-0.6101334364726358,-0.3460567724651182,-0.8631677852348993,0.5657894736842105,0.4993883668723367,,,,,3.433,-0.0794885425701575
2005-06-30,0.0,,,,-0.0868693720897094,0.0725348650749047,,0.0959028141689804,,,,,,1.2448235205154057,-0.071599438719208,,-0.2466944822326901,,-0.0051151881547792,,,,-0.0020515796881506,,-0.0784256143497434,,,,-0.0160583039333402,,,,,,,0.4930372600677455,,,,,,,-0.0856592877767083,,0.0856592877767083,,,,-0.1479268933458933,,,,,0.0239463601532567,-0.0483979393603872,,,,,,0.0,,,,,,,0.3231535685202943,0.1428571428571428,0.3929778030292235,0.3240767796331026,,,,,,,,,,0.0,,,,,,,6.642869318181818,0.4516052854443986,,,0.3497500182633968,,0.7091225318009754,-0.3634666666666666,0.3308174730408472,,0.3030766230412026,0.4311176310373586,0.4091592599554254,,0.3316824848500871,0.2346666666666666,0.0745025451180009,,,,,,,-0.4521369174240959,0.3154096782246649,0.8281073825503356,-0.1578947368421052,0.3619389442271242,,,,,2.3049,0.2068202525055317
2004-12-31,0.0220527141708756,,,,0.3793889213871741,0.004057894549645,,4.363640937671482,,,,,,1.2835933168266138,0.6335271843941376,,1.4324557828918802,,-0.0255759407738962,,,,0.0,,3.614946988842862,,,,3.740507595814323,,,,,,,0.2882950696273993,,,,,,,-0.0587102983638113,,0.0587102983638113,,,,-0.1479268933458933,,,,,0.0756704980842911,0.6246837567718329,,,,,,0.0,,,,,-1.4068017170144989,,0.4530789654588764,-0.2142857142857142,0.5007002613446194,1.2451720528935806,,,,1.8360295002492737,,,,,,0.0,,,,,,,0.0065056818181818,1.3928172026666088,,,1.1772728857074235,,-0.1366299491866452,-0.4968,-0.1410257753600424,,-0.2541325721152941,1.3937779412831313,1.3895974866410676,,-0.2117462863252759,0.0426666666666666,1.4261915779731609,,,,,,,-1.5818990524076582,-0.1110957166216431,0.022738255033557,0.0,1.3435765079109032,,,,,2.1862,-0.0293202817674502
2004-06-30,-0.1331330522167678,,,,-0.0967372724807546,-0.0907953905483073,,0.0509792549742172,,,,,,1.0107688242662596,-0.2478810944975444,,-0.2643697481813697,,0.0,,,,-0.0020515796881506,,-0.4837957781147855,,,,-0.3714091322878489,,,,,,,0.0082800150545728,,,,,,,0.21944177093359,,-0.21944177093359,,,,-0.2070976506842506,,,,,-0.2883141762452107,-0.2166683633934423,,,,,,0.0,,,,,,,-0.1848750343528332,13.717857142857143,-0.1618451497505584,-0.3406790736716836,,,,,,,,,,0.0,,,,,,,-4.430994318181818,-0.2276687802653579,,,-0.2476898593503578,,-0.2457593015721447,-0.3634666666666666,0.0962138467409635,,0.1035354923432679,-0.2368610984640546,-0.2450256437797051,,0.1370762357129638,-0.064,-0.1055067098565478,,,,,,,0.3016824598723651,0.1059878675815675,-0.111489932885906,-0.0657894736842105,-0.2930462018254896,,,,,1.6115,0.316847657461992
2003-12-31,-0.0910695418538013,,,,-0.0029922187658256,-0.0578249973324415,,0.882065100077336,,,,,,1.0854365801248829,,,0.0626226718692044,,,,,,-0.0020515796881506,,-0.4837957781147855,,,,-0.2698803241865607,,,,,,,0.1061347384267971,,,,,,,0.1203079884504331,,-0.1203079884504331,,,,-0.1479268933458933,,,,,-0.1896551724137931,,,,,,,0.0,,,,,0.3645809821213019,,0.9750643980812658,7.767857142857143,1.0332989205399143,1.3285155689672576,,,,-0.4207176893659384,,,,,,0.0,,,,,,,0.0008238636363636,1.477980934181668,,,1.2524751080644,,-0.6549943730177676,-0.4968,-0.3255454814386026,,-0.4461438488246274,1.4877784914230416,1.4914677371713971,,-0.3990089034194888,-0.2773333333333333,1.5668671911152243,,,,,,,-1.6992844710887642,-0.3179636027447027,-0.4873288590604027,-0.1447368421052631,1.4454033418020995,,,,,1.8779,0.014218009478673
2003-06-30,-0.2593235833056674,,,,-0.0523317207210514,-0.2566618302650477,,0.1857499325585067,,,,,,0.7889194342632346,,,-0.2113439503353307,,,,,,-0.0020515796881506,,-0.0784256143497434,,,,0.1869993122692361,,,,,,,-0.4840045163718479,,,,,,,0.5255052935514918,,-0.5255052935514918,,,,0.1479268933458933,,,,,-0.5842911877394636,,,,,,,0.0,,,,,,,0.5522993369490827,,0.5977027662839687,0.6239142099698768,,,,,,,,,,0.0,,,,,,,12.307642045454546,0.7579911402575406,,,0.6192246483758946,,-0.6822767111141425,,-0.0514019181218846,,-0.0508265144230588,0.7523425325946063,0.7438038720764748,,-0.0134682211666975,-0.5866666666666667,0.5358630263766775,,,,,,,-0.8377489847224908,-0.1238653392218319,-0.5141744966442953,-0.5131578947368421,0.6969929158097081,,,,,1.1192,0.4624731951393853
2002-12-31,-0.3581524134788508,,,,-0.0942702973829933,-0.3707901144738139,,0.0509792549742172,,,,,,0.6151733100537459,,,-0.2643697481813697,,,,,,0.0,,-0.5738780367292393,,,,-0.3714091322878489,,,,,,,-0.8242378622506586,,,,,,,0.7478344562078922,,-0.7478344562078922,,,,-0.1775122720150719,,,,,-0.8160919540229885,,,,,,,0.0,,,,,0.7227830237748019,,-0.146810953218483,-0.25,-0.1200111853562299,-0.2606560164057229,,,,-0.8770682290942223,,,,0.0,,0.0,,,,,,,-0.0048579545454545,-0.1458980261014961,,,-0.1754718521662776,,0.9273812365719742,,-0.3123655024329911,,-0.0094123174857516,-0.1322094068514566,-0.1361067103461239,,0.0269217550693092,-1.1306666666666667,-0.2799629801018047,,,,,,,0.1761748211177722,-0.3843656402656847,-3.467194630872484,-0.5526315789473685,-0.2016372948340525,,,,,0.9327,-0.0510346306422214
2002-06-30,-0.337733233691003,,,,-0.091803322285232,-0.3454282735385325,,0.0734410345715988,,,,,,0.6510712696011609,-0.3360219223867126,,-0.2555321152070299,,0.0025575940773896,,,,0.0,,-0.4837957781147855,,,,-0.3206447282372048,,,,,,,-0.7489649981181784,,,,,,,0.7016361886429259,,-0.7016361886429259,,,,-0.1775122720150719,,,,,-0.7681992337164751,-0.3008035754099699,,,,,,0.0,,,,,-2.1801255768034244,,-1.1418060340703975,-0.0357142857142857,-1.12951703864687,-0.5804161995887944,,,,,,,-4.831025036086125,,,0.0,,,,,,,-8.521903409090909,-0.4726417450218236,,,-0.4631501948334402,,0.4908638270299765,,-0.1146658173488195,,-0.3030766230412026,-0.4806538921722394,-0.4689052388496549,,-0.2594798946041929,-0.0106666666666666,0.2276723739009717,,,,,,,0.5596596403016825,-0.157066357982323,0.6401879194630873,-0.3684210526315789,-0.4993883668723367,,,,,0.9617,-0.104603370324702
2001-12-31,-0.1425258749191778,,,,-0.0054591938635869,-0.121229599670645,,0.5226766265192305,,,,,,0.9942557628744488,0.1928230449482965,,-0.078779455720233,,-0.0127879703869481,,,,0.6236802251977992,,-0.3036312608858779,,,,,,,,,,,-0.5412118931125329,,,,,,,0.2454282964388835,,-0.2454282964388835,,,,0.266268408022608,,,,,-0.3103448275862069,0.2040076966891952,,,,,,0.0817179570955581,,,,,-0.5284706833709855,,-0.6274334176748785,-0.0714285714285714,-0.602147625000866,-0.4665244624841282,,,,0.7170329713264953,,,,,,0.0,,,,,,,-5.834403409090909,-0.3562626218757465,,,-0.3607916144031116,,1.6640043651740954,-0.3634666666666666,-0.0672178929286183,,-0.3971997978987189,-0.342527184502623,-0.3275959292177975,,-0.3512752951405718,0.5866666666666667,0.0083294770939379,,,,,,,0.3968284664474956,-0.0753407733411142,1.7677046979865771,-0.1842105263157894,-0.3757174927074512,,,,,1.0724,-0.0154792987691159
2001-06-30,-0.0387964415969108,,,,0.0290784575050711,0.0,,0.0959028141689804,,,,,,1.1766173973753171,0.1046822170591283,,-0.2466944822326901,,-0.0102303763095585,,,,0.6236802251977992,,-0.3486723901931048,,,,,,,,,,,-0.1814076025592773,,,,,,,0.0,,0.0,,,,1.2425859041055038,,,,,-0.0670498084291187,0.1198724846726677,,,,,,0.0817179570955581,,,,,,,0.0754832806061222,,0.1064151469280731,0.0,,,,,,,,,,0.0,,,,,,,0.5235511363636364,0.1204506959675142,,,0.0584906173887592,,1.964110084234219,-0.3634666666666666,0.7156728600047013,,0.6833342494655686,0.0840256716178695,0.0476625224886549,,0.7025359030170578,0.736,-0.4238778343359555,,,,,,,-0.035583059369561,0.6908365826702175,2.063006711409396,-0.1447368421052631,0.0,,,,,1.0804,-0.0942209893666203
2000-12-31,0.0408383595756956,,,,0.6063506303812127,-0.0187677622921082,,3.150704839412876,,,,,,1.3166194396102358,,,0.9552236022775288,,,,,,0.6257318048859498,,8.524430083330593,,,,9.883000485942258,,,,,,,-0.2386149792999623,,,,,,,0.0019249278152069,,-0.0019249278152069,,,,4.141953013685013,,,,,0.1197318007662835,,,,,,,0.0621346596850841,,,,,-0.6962858864470086,,-1.0770970961420023,0.1785714285714285,-1.0471564212455358,-0.9977978717187226,,,,0.0081267904335173,,,-1.170917514485945,0.3322259136212624,,0.0,,,,,,,-13.936676136363635,-0.8991389980673601,,,-0.838266042066452,,5.729072741533949,,-0.1304817921555532,,-1.048532167912732,-0.8542891724046169,-0.806570715072098,,-0.9864994668523136,2.336,0.6686719111522443,,,,,,,0.948752659060143,-0.100880018541492,5.79455033557047,0.0,-0.8552781922544394,,,,,0.9626,0.0268845545598312
2000-06-30,0.0959701450028847,,,,-0.0893363471874707,0.1922427542894329,,,,,,,,1.4135439303882564,0.7216680122833058,,,,-0.0281335348512858,,,,0.7754971221209477,,0.0116566442647103,,,,-0.3714091322878489,,,,,,,0.2777568686488521,,,,,,,-0.3099133782483156,,0.3099133782483156,,,,0.0,,,,,0.2490421455938697,0.7088189687883604,,,,,,0.1013012545060321,,,,,,,-0.5754125067912664,,-0.5642355947685058,-0.8516976841792091,,,,,,,,,,0.0,,,,,,,-12.93099431818182,-0.7498479946146663,,,-0.7069605744590334,,1.1183576032465985,-0.4968,0.1173018131499418,,-0.0583563684116601,-0.7499756122673423,-0.74716038774469,,-0.0208118532096078,1.0666666666666669,0.5867653863951874,,,,,,,0.8802939470121833,0.2668851123439472,1.2576375838926177,0.6578947368421053,-0.7957951902783938,,,,,1.0988,-0.066709137240626
