,totalAssets,intangibleAssets,earningAssets,otherCurrentAssets,totalLiab,totalStockholderEquity,deferredLongTermLiab,otherCurrentLiab,commonStock,capitalStock,retainedEarnings,otherLiab,goodWill,otherAssets,cash,cashAndEquivalents,totalCurrentLiabilities,currentDeferredRevenue,netDebt,shortTermDebt,shortLongTermDebt,shortLongTermDebtTotal,otherStockholderEquity,propertyPlantEquipment,totalCurrentAssets,longTermInvestments,netTangibleAssets,shortTermInvestments,netReceivables,longTermDebt,inventory,accountsPayable,totalPermanentEquity,noncontrollingInterestInConsolidatedEntity,temporaryEquityRedeemableNoncontrollingInterests,accumulatedOtherComprehensiveIncome,additionalPaidInCapital,commonStockTotalEquity,preferredStockTotalEquity,retainedEarningsTotalEquity,treasuryStock,accumulatedAmortization,nonCurrrentAssetsOther,deferredLongTermAssetCharges,nonCurrentAssetsTotal,capitalLeaseObligations,longTermDebtTotal,nonCurrentLiabilitiesOther,nonCurrentLiabilitiesTotal,negativeGoodwill,warrants,preferredStockRedeemable,capitalSurpluse,liabilitiesAndStockholdersEquity,cashAndShortTermInvestments,propertyPlantAndEquipmentGross,propertyPlantAndEquipmentNet,accumulatedDepreciation,netWorkingCapital,netInvestedCapital,commonStockSharesOutstanding,investments,changeToLiabilities,totalCashflowsFromInvestingActivities,netBorrowings,totalCashFromFinancingActivities,changeToOperatingActivities,changeInCash,beginPeriodCashFlow,endPeriodCashFlow,totalCashFromOperatingActivities,issuanceOfCapitalStock,depreciation,otherCashflowsFromInvestingActivities,dividendsPaid,changeToInventory,changeToAccountReceivables,salePurchaseOfStock,otherCashflowsFromFinancingActivities,changeToNetincome,capitalExpenditures,changeReceivables,cashFlowsOtherOperating,exchangeRateChanges,cashAndCashEquivalentsChanges,changeInWorkingCapital,stockBasedCompensation,otherNonCashItems,freeCashFlow,researchDevelopment,effectOfAccountingCharges,incomeBeforeTax,minorityInterest,sellingGeneralAdministrative,sellingAndMarketingExpenses,grossProfit,reconciledDepreciation,ebit,ebitda,depreciationAndAmortization,nonOperatingIncomeNetOther,operatingIncome,otherOperatingExpenses,interestExpense,taxProvision,interestIncome,netInterestIncome,extraordinaryItems,nonRecurring,otherItems,incomeTaxExpense,totalRevenue,totalOperatingExpenses,costOfRevenue,totalOtherIncomeExpenseNet,discontinuedOperations,netIncomeFromContinuingOps,netIncomeApplicableToCommonShares,preferredStockAndOtherAdjustments,adjusted_close,10%DDret
2023-09-30,0.6674720286747956,2.730431958428061,,0.1730794144319212,0.9535458509085636,0.2077814187474038,,-0.6927982842307259,-7.681818181818182,-0.9602194787379972,0.1107462609989482,,4.45460614152203,-0.5528938164059922,-0.1461625037877148,-0.8947354868138861,0.7128760678896741,11.785890478539716,1.184854894918659,2.718345024372845,1.4571999385277394,6.22987012987013,-0.4838998424189206,1.415034190503708,0.38605306271899,,,,0.7333876622761301,1.4814814814814814,0.8444495797105636,0.6231026026905419,,,,,,,,,,,0.3255813953488372,,2.0651927495532294,2.249141549027089,4.557370961752692,,5.124969993758702,,,,7.204339963833634,0.6674720286747956,-0.1423212291091487,,2.034634177968749,,-1.4772296488427774,-0.9100344084818306,-27.92535593220339,0.1442553191489361,,-0.4785375761679079,,-1.226691042047532,,0.8474996897878149,-0.1488215077379863,0.0115650206944436,0.843650221444021,-0.3304612265585402,1.3450432094428442,2.034108527131783,-3.2637130801687766,-0.1659309791332263,-1.531763694299732,549000.0,9.478906999041229,,0.2191738830561728,,,,,0.194,0.5002070393374741,-0.5780564263322884,0.8553109396277803,,,0.1523361902128836,,1.0908607863974495,0.1858155366190772,0.3375304200613692,1.5812569096011566,-0.2793077501881114,0.5151248164464024,1.5646005742273266,,0.3727169872312914,0.5876775196822662,-13.39563862928349,0.0888523241464418,-0.4052863436123348,-2.292887029288703,,,,-1.0341349883630722,0.587471464366666,288.48150369926014,0.5689124527859288,-4.5162790697674415,,0.7821267751991687,0.0185200096626137,,33.7384,-0.1098199386915716
2023-06-30,0.3864481441779445,2.8700876908087043,,0.0886125145744267,0.5538149177834073,0.1881453572042947,0.4798960889017174,-0.697990743876284,-7.727272727272727,-0.9657064471879286,0.0968163977322285,,4.45460614152203,-0.5528938164059922,-0.3050084411930219,-1.0027258781852493,0.2712206966244856,12.013813517513569,1.3171310739450015,2.6265604565450005,1.4571999385277394,6.123376623376624,-0.4935657228819299,1.4412886449003175,0.0172546043013569,,-5.078914664457332,,0.2719378375817303,1.5359477124183007,0.7793408244027846,0.1355201943423756,,,,,,-170000.0,,-5.38473570225395,,,0.3597924274457044,,2.1036303293336736,2.0653694518631567,4.43681148657012,0.1352726617733147,5.053339094531663,,,,6.690777576853527,0.3864481441779445,-0.2969925604333073,,2.066769225328453,,-1.6011322825219474,-1.0279464010965955,-28.077898305084744,-0.2025531914893617,-1.223492313756405,0.0331302189122094,-0.8027613412228797,-1.2041438147471055,,-4.159821317781362,0.5268338315742379,-0.1431415413156567,-3.148624987125348,-0.3304612265585402,1.4481837982154149,-2.681395348837209,-3.240506329113924,-0.7921348314606742,0.0,549000.0,5.164429530201343,0.3352266399376322,0.5254042455360564,0.0968222121545531,-0.8167539267015707,,-1.6711948058171016,-3.9352941176470586,0.4720496894409938,-2.6361546499477533,-3.65671811166591,,,-0.2538014929499585,,-0.2093517534537725,-0.0386873252492984,-0.3103022607836913,1.7060974572667744,0.2859292701279157,0.8447870778267254,1.6885661205877385,1.7723880597014925,-0.0895425893001454,0.2978960429569184,9.39563862928349,0.0575894693541752,0.5881057268722467,-0.4072524407252441,,,,0.1140418929402637,0.3122978198472292,-0.4095180963807238,0.2838230854273321,-1.372093023255814,,0.2864565292691375,-0.4423866655930429,,34.6194,-0.0686898097598456
2023-03-31,0.5040323931394881,3.01851250405976,,0.1212592304702681,0.7306029628212526,0.1833957799250641,0.4043873574830423,1.0426120329608308,-7.727272727272727,-0.9657064471879286,0.0951574698784878,,4.29105473965287,-0.5684682901075695,0.4127310506038699,-0.514775289785498,0.4802218382360549,,0.6039678795533979,2.340268695755558,,5.865454545454545,-0.4986300996879009,1.4232013868824038,0.1710760875665823,,-5.132629107981221,,0.2660551501942576,1.59041394335512,0.5339264565700915,0.3564242225159087,,,,,,-170000.0,,-5.400296783508463,,,0.371708629636748,,2.089415368904774,1.7333078977489509,4.264636712464414,0.190120232359166,4.894714100532911,,,,6.421699819168174,0.5040323931394881,0.4018841282218803,,2.04463070040493,,-1.6390911811652036,-1.0262959129437434,-28.82366101694916,0.1263829787234042,-0.8339433526662537,0.3122545700744752,-0.8027613412228797,-0.8561852528945765,,2.4339248045663235,0.1218351534378622,0.5777519812963455,2.106499124523638,0.7825646224024329,1.3770814304784655,-1.4829457364341083,-3.3945147679324896,0.9919743178170144,0.7894390774366496,549000.0,4.6850431447746885,-0.7860563537142221,-0.1207755383554295,1.1059801954566046,-0.0074794315632011,,0.875056901219483,2.3785882352941177,0.3246376811594202,-0.4626959247648903,2.3725601452564686,,,-1.5449267348631464,,1.4149840595111582,0.0,-0.5011815328183966,1.6200357173229016,-1.1515425131677954,0.1063142437591776,1.603107583178517,0.4067164179104477,-0.995959269435914,0.3624961394040865,8.074766355140186,-1.4594816947758125,0.4162995594713656,-1.1324965132496514,,,,-1.3165244375484872,0.3637399454303487,0.8130373925214956,0.3419221855635171,-3.530232558139535,,-0.6924142708694146,-1.3526048796199373,,37.5875,-0.0213422015297638
2022-12-31,0.5567759279110277,3.1649886326729457,,0.4192252882497733,0.795857851229469,0.2003633510533404,0.5679896088901717,1.3718817022237273,-7.909090909090909,-0.9876543209876544,0.117664161172537,,4.29105473965287,-0.5592291955388372,-0.0548461105579845,-0.8326546227730385,0.5642872170545042,,0.9103600107541608,1.520389965521341,,5.0209090909090905,-0.5068801328718215,1.206443224501589,0.2543290187913759,,-5.024164595415631,,0.5003998862882593,1.862745098039216,0.8022184349634593,0.453580131853357,,,,,,-174000.0,,-5.1891794337049815,,,0.4113011724005381,,2.028572887413837,0.8267836703548264,2.3396459957915585,1.5370829017877246,4.739833885448173,,,,5.983363471971067,0.5567759279110277,-0.0534047082130287,,1.961334205671376,,-1.5545939744612929,-0.8823118023890116,-18.833661016949154,0.8291489361702128,-0.8102370628976857,0.9085985104942452,15.6094674556213,-37.60390006093845,,-7.835587541878645,1.3999145872735037,0.1456368084448518,-0.5469152332887012,2.590978205778003,1.2500526944424928,1.0775193798449612,-3.213080168776372,0.6470706260032103,0.2474078195336604,-69928000.0,17.226030680728666,1.6681144893640718,-0.4904590390068204,0.4139214290337195,-0.9905759162303664,,-3.090634658233307,-0.3356470588235294,0.3693581780538302,1.1715778474399163,-0.4140944167044939,,,-3.16781863422726,,1.4606801275239107,0.1654798485452238,-1.2931964871442176,-0.0835105025937579,-2.928517682468021,-0.7894273127753304,1.536902550244891,0.6007462686567164,-2.2683045094553096,0.5862947490477197,10.841121495327103,-1.9531057178116005,0.7907488986784141,-1.606694560669456,,,,-1.7820015515903802,0.5613554096673763,0.8474305138972206,0.5660149912142188,-3.372093023255814,,-2.5178385867682715,-3.050004026089057,,37.5053,0.3481851492119288
2022-09-30,0.8832364665684042,3.3708996427411497,,0.0554475968389687,0.8075215299784314,0.8387367467073933,0.4592293260210708,1.5476351732701208,0.7272727272727273,0.0548696844993141,0.7815003890784399,1.904567032247504,3.841789052069426,0.0183462020721969,1.3731873079087484,0.138184734346433,0.6620381387937546,,-0.6609446414349703,1.494947093092379,,3.5324675324675323,-0.5306636443772824,1.388895309640759,0.6632652788505483,,0.2308064070698702,,0.5743580024637543,1.0457516339869282,0.9712007856957162,0.5507589589237832,,,,,,16000.0,,1.0377396326301436,,,0.3140495867768595,,2.0583916262445747,0.5614905252448175,1.179230102735487,0.8937722339802765,3.560612607422344,,,,4.719710669077758,0.8832364665684042,1.3370987797424605,,2.0026405908321987,,0.0,0.9835510672224242,3.4305762711864407,-6.890425531914894,-2.496536967171575,-5.641976980365606,27.678500986193296,8.341864716636197,1.1885877318116975,2.2376225338131284,1.0270880361173815,1.5092894455624928,3.785662787104749,-0.3304612265585402,1.0842408487318205,-0.0953488372093023,0.2658227848101265,6.496789727126806,1.8733751454150016,283000.0,3.965963566634708,-1.4168615658759327,-0.0858303318261935,2.494531098310789,-0.0086761406133133,,0.7992524976640552,4.108705882352941,0.2766045548654244,-1.7299895506792058,4.209714026327735,,,0.2062482720486591,,1.3395324123273114,0.3433208343684299,0.2720699749585581,1.2655838081469513,0.4794582392776523,0.7986784140969163,1.365309913865901,0.9067164179104478,0.1718657399924573,0.7897159143245718,0.8847352024922118,0.3052241875771287,0.0770925110132158,0.8507670850767085,,,,0.3475562451512801,0.7744079678982987,0.75624875024995,0.7703685684063745,0.7255813953488373,,0.7585729130585382,-0.0033819148079555,,28.8495,0.8186935648798074
2022-06-30,1.0611977421948278,0.9542059110100682,,-0.0562248995983935,1.0809021145817583,0.8236404754612167,-0.0112570356472795,0.8651653685517553,0.6363636363636364,0.0438957475994513,0.7719230736341637,1.2263872974300212,,-0.1746188873490398,0.9666681096056448,-0.138184734346433,1.1155166051024177,,-0.6400044639913155,1.3877065747235762,,1.2272727272727273,-0.539880265607504,0.9086487527689492,1.0981529341647045,,1.0176746755040045,,1.096226665403203,,2.787371096796557,1.1026026905418516,,,,,,14000.0,,0.9479024625010026,,,0.0330578512396694,,1.2647434260913966,0.2117512399847386,0.3881668523332096,1.14702571261314,1.5017523644918145,,,,4.23001808318264,1.0611977421948278,0.9412632510695694,,1.41482621022168,,0.3895151636073424,0.5136095336671609,3.1593898305084744,0.3153191489361702,0.5312517596711527,0.4725795531482735,-1.871794871794872,-0.6179159049360147,1.0961483594864478,-4.07792530090582,1.689321375551624,1.1115004692187105,-3.43042537851478,,0.8256867842338228,-0.7945736434108527,0.2742616033755274,-3.731741573033708,-1.3878154873299278,283000.0,7.629194630872483,-0.7214611872146118,-0.3693769637520116,-1.6805708368390395,1.41301421091997,,-1.6395697069886677,-4.238235294117647,0.291511387163561,-0.9132706374085684,-3.635950975941897,,,0.1827481338125518,,1.1168969181721573,0.5902801513213946,0.2083024724015095,0.9526320265328684,0.4695259593679458,0.65359765051395,1.0427292687046108,0.7761194029850746,0.1647540541996659,1.0913723131607038,1.096573208722741,0.0,0.0,0.705718270571827,,,,0.0597362296353762,1.056268116455768,0.5886822635472906,1.0735833606644614,0.4837209302325581,,0.857637686179425,0.0887350028182623,,30.902,-0.0503236036502491
2022-03-31,0.9167099356827012,1.0152646963299772,,-0.0766938722632465,0.8798733657735827,0.8074365289485057,0.0925386058594313,0.5124167513263348,0.5909090909090909,0.0384087791495198,0.7598744687582839,1.3710918317236864,,-0.1579885171253217,1.649906930435912,0.3263107942568947,0.8810344173469775,,-1.2896775273546286,1.1534894780644394,,1.1687012987012988,-0.5469731159190925,0.9525089087932196,0.9001953704421358,,0.8713753106876554,,0.7168767175210841,,1.6955429099627373,0.8743191523494496,,,,,,13000.0,,0.8348840940081816,,,0.0572746492408226,,1.3163747766147562,0.1543939972020857,0.4245574947394479,1.1937677308956636,1.6379086850064817,,,,3.8531645569620254,0.9167099356827012,1.6065459756791505,,1.468510364908434,,0.3136721867517957,0.4595910146305983,2.9898983050847456,-0.1670212765957446,2.139281491074948,0.0632814263146016,-1.816568047337278,-0.7794028031687995,-0.0599144079885877,0.0655168135004343,1.672482866613792,1.818073328306636,0.2696467195385724,,0.8046090072367035,-2.551937984496124,0.2953586497890295,-4.642857142857143,-1.8805320924586515,,-0.3096836049856184,0.2002450161487916,0.4291516591309678,-2.3079412335771146,0.5543754674644727,,-0.0395313735355423,-0.6552941176470588,0.1788819875776397,-0.4585161964472309,0.1451429868361325,,,1.546032623721316,,1.014346439957492,0.2318821973947244,0.912989807075089,0.9271196530317204,2.031000752445448,1.3634361233480177,0.9231548724877554,-0.2649253731343283,1.2827972630784978,0.6080679681615978,0.822429906542056,1.083504730563554,-0.6145374449339207,-0.0111576011157601,,,,1.0814584949573314,0.6150824115167487,0.5114977004599081,0.5896594939650698,-0.7116279069767442,,2.109456182888812,1.2527578710041063,,36.7114,-0.0932707551332827
2021-12-31,0.5171805909151815,1.0772978239688211,,0.2303407177095478,0.3227383108648093,0.7643462827844607,0.0281137249242314,0.514222824246529,0.5,0.027434842249657,0.7168962657020942,1.2772957930921591,,-0.0919949844915198,1.6180901259685727,0.3046803438800172,0.2535412377000838,,-1.2283585193752442,1.2224467958625609,,1.3702597402597405,-0.5484298049466164,0.8522296060868728,0.3776288816846224,,0.5036592101629385,,0.1605988818345494,,0.3413732343510789,0.1770547657425727,,,,,,11000.0,,0.4317397930536616,,,0.1533730540073034,,1.364329844268573,0.3517741320106829,0.5197425423938606,1.3060746611428828,1.7040664458207306,,,,3.7757685352622063,0.5171805909151815,1.575565343842863,,1.5134711391673887,,0.1442288507581803,0.3159425965815313,3.32993220338983,0.0,-0.0706965482290669,0.2050101557210562,-15.349112426035504,-5.434491163924436,-1.002187351402758,0.5701699962774538,1.5729363675187602,1.8001074049764303,1.3944793490575755,0.3304612265585402,0.8273730063935923,7.655038759689923,0.2468354430379747,1.1476725521669342,-0.1850437509483587,7674000.0,-1.4688398849472677,0.7459628020937744,0.0487393670013027,-0.1398614976376933,-0.7871353777112939,,0.1553463187905795,0.9982352941176472,0.208695652173913,-0.1826541274817137,1.5253064003631411,,,0.296378213989494,,0.9314558979808714,2.2034068988284097,0.2595139844108207,0.9546730164129604,-0.8463506395786305,-0.0320117474302496,0.9424083769633508,-0.3171641791044776,0.3181940628198911,0.3371901363806304,1.1962616822429906,0.051007815713698,-0.3722466960352423,-0.1338912133891213,,,,0.1078355314197052,0.3528543735732183,0.4491101779644071,0.3185383240335098,-0.9627906976744186,,0.9785244198129546,0.2011434092922135,,25.8327,0.2971284725063616
2021-09-30,0.4992672182768323,1.139655732380643,,-0.043010752688172,0.3105562463936707,0.7450123144958609,-0.0019050368018473,0.7514956541370358,0.4545454545454545,0.0219478737997256,0.7018034427028552,1.231952856441316,,-0.1083613805847027,1.5706679364529674,0.2724406726040045,0.1785328739295236,,-0.9898190561701998,1.314706931399358,,2.6124675324675324,-0.5557540918326713,1.0497447751131657,0.3372772683417032,,0.3313311239988953,,0.1010745759499668,0.4357298474945534,0.6544960859643548,0.0749639045705598,,,,,,10000.0,,0.2901660383412208,,,0.1295406496252162,,1.4311360735256573,0.550807579804146,0.3127862359202871,1.410546224163552,2.5586441979931824,,,,3.386618444846293,0.4992672182768323,1.5293894497249678,,1.587525565988247,,0.2271548284118116,0.4752846392704283,1.3458305084745763,-0.7880851063829787,-0.2810687538712765,-0.463732791694877,-1.7731755424063116,0.7806215722120659,-0.0450784593437945,0.796748976299789,1.4362556687613122,1.6938958171728624,0.9135853331960035,,0.758518934869669,-4.814728682170543,0.2236286919831223,1.1336276083467094,-0.100096100348996,2504000.0,0.970757430488974,-0.0309611315291235,1.2362633151965667,-0.0312924729790952,0.0463724756918474,,0.2428424255492465,0.6716470588235294,0.2269151138716356,-0.2570532915360501,0.55583295506128,,,-0.0846004976499861,,0.7401700318809776,-0.1087860109406235,0.0153070221846012,0.87133259630921,0.2823175319789315,0.4826725403817914,0.8596520857963182,-0.2164179104477611,0.0227358439739238,0.1741272344045471,1.6199376947040498,-0.0304401480872069,-0.3568281938325991,-0.1534170153417015,,,,0.0310318076027928,0.1976792706221223,0.3051389722055589,0.155906890267874,-0.9488372093023256,,0.5355039833737444,-0.2108060230292294,,28.5022,-0.0327623832546258
2021-06-30,0.4765761088034302,1.2016888600194868,,-0.1083041844798549,0.2970535325827025,0.7178994449036449,0.0019050368018473,0.8337848515633819,0.0909090909090909,-0.0219478737997256,0.6975022019274347,1.2345719430348665,,-0.1176004751534349,1.4198952426301892,0.1699388240833728,0.1597014565032196,,-0.8319560905581511,1.383188681488527,,2.7181818181818183,-0.5927839437472985,1.0408070885100644,0.309957478197888,,0.0950704225352112,,0.0661802331090685,0.4357298474945534,0.9635749155088248,0.0463396560812204,,,,,,2000.0,,0.2498195235421512,,,0.1160868729579089,,1.4248455450599948,0.6543304082411293,0.3127862359202871,1.4563876255234836,2.6106870229007635,,,,1.4191681735985533,0.4765761088034302,1.3825791902885205,2.356471482110691,1.5765859753977096,,0.167772346368715,0.3848994321201779,0.9390508474576272,-0.2272340425531915,0.3730784391013007,0.0121868652674339,14.021696252465484,-0.437538086532602,0.7374227294341417,2.9828762873805683,0.9412889187155552,1.5480637269526822,2.662581110310021,,0.7450291575915127,0.6682170542635659,0.229957805907173,-0.0379213483146067,-0.3677355723028678,,0.4904122722914669,-0.3254259939859673,0.348838991493601,-0.3734386123875477,2.146896035901272,,1.0870408970028032,2.383294117647059,0.2401656314699793,-0.1834900731452455,2.811393554244213,,,1.030411943599668,,0.4527098831030818,-0.2423943326169631,0.5080943815469262,0.8550046772684752,1.5039879608728368,1.0716593245227606,0.8434386083431853,-0.1231343283582089,0.8920855557351436,-0.0111185162307579,1.94392523364486,0.6853146853146853,-0.5308370044052864,-0.1562064156206415,,,,0.7059736229635376,0.032720521956486,0.0887822435512897,-0.0285619337840978,-0.9534883720930232,,1.631104953238656,0.8079555519768097,,25.7823,0.0692762088719781
2021-03-31,0.3396338603778641,1.2672945761610912,,-0.093794532970592,0.1188892968776517,0.6857265132983968,0.0950786549285611,1.472344508409527,0.0454545454545454,,0.6661022891494147,1.3638893435914226,,-0.2358608856332079,0.7774338773213281,,0.0,,-0.35869184763586,1.4186184758054927,,1.8923376623376624,-0.594975784246657,0.9024463064624868,0.1333009052252907,,-0.1835818834576084,,-0.0023576234246185,,0.9353245327710216,-0.1748775811096766,,,,,,1000.0,,-0.0447180556669607,,,-0.0561214683836248,,1.4318917538932856,0.8630293780999618,0.8329001113999257,1.5892286216058,2.061644822123001,,,,1.3027124773960217,0.3396338603778641,0.7570022550527935,2.3766529789904127,1.5905198073783295,,-0.079060255387071,0.0538506727837301,0.9051525423728812,0.614468085106383,0.6116616926628752,0.7264274430151207,-1.5700197238658775,-2.2004875076173067,-0.3669044222539229,2.357240352401042,0.548858113192199,1.019956712539802,2.033783087856628,,0.8158504883018338,0.2953488372093023,0.2046413502109704,-1.9235553772070624,-0.2773759546810986,,-0.2286673058485139,-0.3704198685822474,-0.6510843742815542,-0.2585269561840657,0.262677636499626,,0.8454443086801313,1.8575294117647057,0.1623188405797101,-0.1149425287356321,2.488765320018157,,,0.3591374066906276,,0.6732199787460149,-0.5076052505656212,0.2162028709484005,0.9407262522323326,0.7780285929270128,0.7544787077826726,0.9285593649721332,0.1455223880597015,0.356769570605032,-0.3552268404883044,2.143302180685358,0.2517482517482518,-0.3722466960352423,0.0,,,,0.2971295577967416,-0.2939134785418114,0.254749050189962,-0.3743112012736667,-0.6930232558139535,,0.972635954277797,0.1956679281745712,,25.8554,-0.0717606380098547
2020-12-31,0.1884086493367278,1.333549853848652,,0.3793237465993004,-0.0921060345652194,0.6695729156614374,0.1911386924520133,1.693701320690823,0.0454545454545454,,0.6509581591031528,1.4972990669504012,2.740987983978638,1.8632614003827623,0.3512185619670144,,-0.239407327697704,,0.0246026794093327,1.2987754131494471,,1.788181818181818,-0.5970723273329998,0.9696908407974574,-0.0804466526441825,,-0.3305716652858326,,-0.0753757225433526,,0.3641353014240734,-0.4511432129133786,,,,,,1000.0,,-0.1867730809336648,,,-0.0941764366711512,,1.5109931069696196,0.7610326847259316,0.7468746131947023,1.5608591885441527,2.111287147726727,,,,1.1913200723327306,0.1884086493367278,0.341988240005058,2.5053228271169656,1.6793568275187287,,-0.2107691540303272,0.0,0.8399491525423729,-1.758936170212766,-0.1360155414156202,-1.2875648837734146,-3.128205128205128,-0.4564290067032297,-0.4368996671421778,-0.7700707283782107,0.6689646757366847,0.601250888260853,0.2921001132969409,,0.7905571559052905,-11.572868217054264,0.189873417721519,-1.0862760834670948,-0.1206059379899853,,-2.1030680728667304,0.3223076066377102,-0.2682197869568549,-0.0626173063232153,-1.2583395661929693,,-0.3622032152183809,-1.4141176470588237,0.1706004140786749,-0.7628004179728317,0.4280526554698139,,,0.7249101465302737,,0.6083953241232731,0.5701228611014317,0.3895884033435615,0.910111404030955,-0.3367945823927765,0.1973568281938326,0.8981590947475089,0.1940298507462686,0.6479176768493077,-0.522301511186246,1.3457943925233644,-1.1591937474290417,-0.5748898678414097,-0.0781032078103207,,,,-1.0333591931730024,-0.4473242843050471,0.2059588082383523,-0.5414799642921527,-0.8232558139534883,,3.0893661240041568,2.1639423464047023,,22.0686,0.402481353597419
2020-09-30,0.0220588235294117,1.3978564468983437,,-0.0611478170747506,-0.3063659618060805,0.6275483873674671,-0.4075046904315197,0.4849870188508861,0.0454545454545454,,0.6097586003437572,0.5342936650843019,2.873164218958612,-0.3121494093578829,0.6501883035366435,,-0.3887756474593107,,-0.4322462499936591,0.9373439543455,,0.658051948051948,0.7034650820068273,0.3982760281228932,-0.136422556065437,,-0.6900027616680475,,-0.1616374490666161,,0.1680580028308154,-0.5231507299297954,,,,-0.5093535839970365,,1000.0,,-0.5732333360070586,,,-0.1672112242936767,,0.9134950217002809,-0.3456695917588707,-0.1809629904691174,0.851173053541676,0.8567862115319986,,,,1.0538878842676311,0.0220588235294117,0.6331008029673966,1.5060484731553652,0.9894317424952404,,0.0681115323224261,-0.1400956723641144,0.6000677966101695,0.6561702127659574,-0.5912776620305198,0.7618144888287068,-0.7672583826429981,-0.4253503960999391,0.0450784593437945,-2.546966124829383,1.080287962906473,0.7293991288263023,-2.357194355752395,,0.7613293051359517,0.4674418604651162,0.1919831223628691,0.84169341894061,-0.680188154367508,,0.6176893576222435,-0.2964695400378661,-0.4858609855161315,-0.76862339007184,0.812565445026178,,-1.0483720261625815,-3.176941176470588,0.1026915113871635,-0.7285266457680251,-2.4103495233772128,,,1.0022117777163395,,-0.3740701381509033,-0.6057057302391031,0.2492152505907664,0.874734246109363,1.4329571106094807,1.0455212922173274,0.8630298935990542,,0.8319594849415441,-0.4869845088509241,0.2741433021806853,1.947346770876183,-0.5903083700440529,0.3375174337517433,,,,1.896043444530644,-0.4125872780196118,-0.533493301339732,-0.5020710117006189,-0.1302325581395348,,1.064426740561136,0.281021016184878,,18.0657,-0.0286399087774068
2020-06-30,0.0424678413506632,1.4585904514452743,,-0.1686746987951807,-0.2627475060401193,0.6091374818009793,-0.4107374801558666,0.427869962749746,0.0454545454545454,,0.5922714484834491,0.5277459486004256,2.997997329773031,-0.3242922193625024,1.0204969481840611,,-0.3450150202972329,,-0.763920804735889,0.9371061704910236,,0.7571428571428571,0.7243079876249502,0.490946739863238,-0.1376199015931644,,-0.8543910521955261,,-0.3454562683597081,,0.3930789450879575,-0.4708142670527031,,,,-0.5324031199193267,,1000.0,,-0.7372663832517847,,,-0.1848933307707092,,1.017615522083227,-0.2486328373394378,-0.1022403762841936,0.9188994461205926,0.9263046713716452,,,,0.9461121157323688,0.0424678413506632,0.993677422074227,1.6753203513834227,1.106301463523892,,-0.0956953312051077,-0.2014714521498307,0.6000677966101695,-1.646595744680851,-0.1890027591643673,-1.1922365154592642,-0.631163708086785,-0.4235222425350396,0.8336661911554921,-2.2742275716590146,1.4469119232098917,1.1682623719141412,-1.0163765578329385,,0.5980467926649337,-2.574418604651163,0.2109704641350211,-1.9093097913322632,-0.3594658843761064,,0.3569031639501438,0.6332553736496269,-0.4984289983906813,-0.3631480163096239,0.206731488406881,,-0.9430508637006156,-1.8618823529411763,0.1374741200828157,-0.0213166144200626,-0.9283931003177486,,,0.1506773569256289,,0.3304994686503719,-0.7808407374000264,-0.0040207385461855,0.6770983927204695,0.5053423626787058,0.5076358296622614,0.6667792602600912,0.1828358208955224,0.1593664134475513,-0.728637765026523,0.249221183800623,-0.9403537638831756,-0.3502202643171806,0.4518828451882845,,,,-0.8269976726144298,-0.644757444584661,-0.0031993601279744,-0.7471237155274836,0.0604651162790697,,1.2133702805680635,0.419518479748772,,24.0331,-0.0859148424464593
2020-03-31,0.0103175666622001,0.4758038324131211,,-0.1399144966964632,-0.2943073225068887,0.5876217288964786,-0.1174772694472506,0.2193814200248335,0.0454545454545454,,0.5711072915864994,0.9413979374693076,0.9779706275033376,-0.3137332541410941,1.392407255097182,,-0.3950734804667156,,-1.1253417743350935,0.8788491261443347,,0.6754545454545454,0.7089787180455862,0.4158432052393335,-0.1444832572074588,,-0.8224937862468932,,-0.4214460343030418,,-0.1740084924463445,-0.5102709639962415,,,,-0.5181755194720559,,1000.0,,-0.9357904868853774,,,-0.1695175860080722,,0.8870257850395711,-0.3286277502225613,-0.2048520856541651,0.8831449542936912,1.1320754716981132,,,,0.8817359855334539,0.0103175666622001,1.3558136104027485,1.558943800848579,1.025952056772703,,0.0532721468475658,-0.273197750860212,0.5492203389830509,0.3129787234042553,-2.2898530322653303,0.470593545475062,-0.6193293885601578,-0.4107251675807434,0.5749881122206372,-3.267154733837945,1.976267463852114,1.5594334658717974,-2.7913276341538777,,0.652849012857444,0.9116279069767442,0.1856540084388185,3.347913322632424,1.0600627181225026,,0.3576222435282838,-1.207038645728923,-0.0251360257490995,1.453303993269044,-1.613163799551234,,-1.3264812285871728,-1.6769411764705882,0.0778467908902691,-0.180146290491118,-3.0592374035406262,,,-6.135194912911253,,0.4171094580233794,-0.4522552323090184,-3.2081966634924,0.7434305638234544,-6.313017306245297,-2.7903083700440527,0.7326465124134437,1.007462686567164,-4.770324874737352,-0.2430078512329524,1.2710280373831775,-7.362402303578774,0.1365638766519823,0.8396094839609484,,,,-6.882854926299457,-0.2372250501842282,0.0619876024795041,-0.2608041216065056,0.7069767441860465,,-3.9580879806027016,-4.389242290039456,,20.9093,-0.1302147848086738
2019-12-31,0.3335203671445799,0.5186748944462488,,0.0152869542686876,0.1060283939608063,0.6909627963765592,-0.5454755375956126,-0.0099898408398239,0.0454545454545454,,0.6775608629845309,0.3326239973809134,1.0660881174899866,-0.0201940209859433,1.946409246352972,,0.0712006925546921,-0.6443019240256537,-1.624071058625395,0.8843181547972893,,0.8075324675324675,0.6912942409731228,0.4864393720504671,0.2392606391366283,,0.0186412593206296,,-0.1965469534729461,,0.7726393021173344,0.0214204410899673,,,,-0.5021917639068963,,1000.0,,0.0627657014518328,,,0.2579281183932346,,0.9972121521572632,-0.1992878036372885,-0.1357841316994677,0.9715855360922232,0.8704210475778962,,,,0.7848101265822784,0.3335203671445799,1.8952559590296951,1.7006923516907553,1.1238189544910673,,,,-0.1099152542372881,-1.603404255319149,0.0090658257784785,-1.1555856465809071,-0.6074950690335306,-0.3741620962827544,-1.520684736091298,-0.9522273234892666,2.1262278079433834,2.1242317560713646,0.0517046039756926,,3.063865664301272,-4.1465116279069765,0.1856540084388185,-0.242174959871589,-0.4196297607607101,,-1.9278523489932888,-0.6684486022942421,2.4596520806192044,-0.4401656850689275,0.5301421091997008,,-0.4325451017034428,-0.4825882352941176,0.0645962732919254,-7.269801462904911,-0.8466863368134362,,,0.2294719380702239,,0.0446333687566418,1.198831910874433,-0.0866927661975805,0.7100943957819542,-0.6823175319789315,-0.0575624082232011,0.6995439959466306,1.962686567164179,0.1490221432034912,-0.1237276288626278,2.043613707165109,-0.0065816536404771,0.7004405286343612,1.3807531380753135,,,,0.0535298681148176,-0.0795078198269732,-0.2183563287342531,-0.1397449625654046,1.6093023255813954,,0.9189470038101836,0.1457444238666559,,33.6044,-0.0806412255537964
2019-09-30,0.2623484188664076,0.5534264371549205,,-0.0611478170747506,0.0119969267132185,0.6761937928227678,-0.613479578582768,0.3888136358505474,0.0454545454545454,,0.6635882438452921,0.2322802422655099,1.1375166889185582,-0.0943707516663367,2.200337647720878,,-0.0373869166485595,,-1.8400876565567408,0.8767090714540483,,0.9485714285714286,0.685304117869286,0.3648367523837041,0.18008290548721,,-0.110259596796465,,-0.3246546005875106,,0.685577284150322,-0.1255433412526833,,,,-0.4978836958833254,,1000.0,,-0.0683003128258602,,,0.1499135114357101,,0.8761807505744192,-0.0611725804400356,-0.0675826216115856,1.0701130274237851,0.9189111335157713,,,,0.6936708860759494,0.2623484188664076,2.142510906446922,1.5042727746143405,0.9882057538945768,,,,0.3458305084745762,-1.855744680851064,-0.0436116898474013,-1.369713382983525,-0.5956607495069034,-0.3705057891529555,0.3273418925344745,-0.3991810398312446,2.1855489801313728,2.2842326239903663,0.6322999279019467,,0.3628188013770814,0.8434108527131783,0.1856540084388185,-0.9275682182985554,-0.0756663800515907,,-2.212128475551294,-0.1833166276868248,3.0684343627864203,0.0,0.0,,-0.2189798509787009,0.5383529411764706,0.1126293995859213,-0.0263322884012539,-0.4323649568769859,,,-0.4553497373513961,,0.334750265674814,-0.2898831744147466,-0.3742108418862201,0.7162173654222298,-0.1020316027088036,0.2281938325991189,0.7056240499915555,2.4738805970149254,-0.4078444049350789,-0.0770168565808937,2.4174454828660434,-0.388317564788153,1.002202643171806,1.6792189679218967,,,,-0.3064391000775795,-0.0410862480022524,0.0,-0.0941197168567537,2.1069767441860465,,0.2216834083824038,-0.5026169578871085,,27.1559,0.1376717398429071
2019-06-30,0.211761356023047,0.628775576485872,,-0.097681046767716,-0.0639589241027761,0.6780986586220352,-0.6688988310001444,0.3113782593972232,0.0454545454545454,,0.6668547925057506,0.1538713373710918,1.2923898531375166,-0.1326470005939418,2.2640578329942427,,-0.1235009881320682,,-1.8900640684208123,0.8353346807751754,-0.0796065775318887,1.011038961038961,0.7207139137626482,0.226572281614177,0.153645088611587,-0.5865060240963855,-0.1106048053024026,0.0,-0.3510963707002748,-0.261437908496732,0.4011669892255697,-0.2143419172975409,0.0,0.0,0.0,-0.535695910765368,0.0,1000.0,0.0,-0.0376594208710997,0.0,0.0,0.0941764366711512,-0.1583236321303841,0.7304569823844779,0.0,0.0,1.1291934975458189,0.935810648614912,0.0,0.0,0.0,0.5815551537070525,0.211761356023047,2.204556471158507,1.2576555657051145,0.8179347986254781,3.0599050195071484,,,0.1593898305084745,-1.612127659574468,-0.831381271467988,-1.1629880388174227,-0.4240631163708087,-0.3174893357708714,0.376795054683785,0.1678868345948629,2.151932971346064,2.3475256171717773,0.9761046451745804,,0.5997330148247032,0.2302325581395349,0.1856540084388185,1.918138041733548,0.3787871124374083,0.0,-1.937679769894535,0.0309611315291235,0.7589853628630546,0.5815157594977671,-0.1714285714285714,0.0,0.0,0.9911764705882352,-0.0215320910973084,3.2739811912225707,0.8014071720381298,0.0,0.0,-0.6690627591927011,0.0,0.2513283740701381,-0.2358119519893028,-0.5298204775508765,0.6791393826005613,-0.3948833709556057,0.069309838472834,0.6688059449417328,2.6529850746268657,-0.6117127309950973,-0.0010034840184875,0.8598130841121495,-0.5026737967914439,0.9427312775330396,1.9525801952580195,0.0,0.0,0.0,-0.4142746314972847,0.0280393614500051,-0.0627874425114977,-0.0176019704476295,0.055813953488372,0.0,0.002078281953585,-0.7068201948627104,0.0,28.5054,-0.0636349688973194
2019-03-31,0.2656564049309929,0.0,,-0.1267003497862417,0.0118241314724931,0.683058022883564,-0.6895655938807909,0.1647477141889604,0.0,,0.6755598881506375,0.1226059911605827,0.0,-0.7442750610440176,2.3338167178910005,,-0.0269848003559344,,-2.007649657845211,0.585423849720604,-0.0796065775318887,0.6770129870129871,0.683684061848021,0.0987094288741211,0.2647149221859039,-0.5865060240963855,0.0638635735984534,0.0,-0.2498398559651284,-0.261437908496732,0.936133337184783,-0.0895013865228451,0.0,0.0,0.0,-0.5042223182619552,0.0,0.0,0.0,0.0439961498355658,0.0,0.0,0.1241591389582933,-0.1583236321303841,0.5689456216492214,-0.3271016151596083,-0.2531253868052976,0.991128923312469,0.7714244562869077,0.0,0.0,0.0,0.2734177215189873,0.2656564049309929,2.272482033341061,1.051059870066674,0.6752957402790303,3.0599050195071484,,,0.0068474576271186,-0.8489361702127659,0.1659158736415338,-0.5153689911983751,0.0,-0.1328458257160268,1.146362339514979,1.6784960913264673,1.8707420739023448,2.3116588644364766,1.829333607992584,,0.4044122813180636,1.4372093023255814,0.0,-1.235553772070626,-0.0648930251378281,0.0,-1.077900287631831,0.5245573003675242,1.8566939995401948,0.0130412271050417,0.0774869109947644,0.0,0.5833393229353842,1.429529411764706,0.0596273291925465,-0.6031347962382445,1.3351112119836586,0.0,0.0,1.0716063035664916,0.0,0.3055260361317747,-0.3133383240271898,0.3163686382393397,0.4427247214899226,1.3571106094808127,0.8220264317180617,0.4340483026515791,3.951492537313433,0.6589084639836216,-0.0988832718347177,0.2118380062305296,0.644179350061703,0.6343612334801763,1.8884239888423988,0.0,0.0,0.0,0.6671838634600465,-0.0514958039705801,-0.021995600879824,-0.1159136669396159,2.0232558139534884,0.0,1.7000346380325595,0.8720508897656816,0.0,34.5764,-0.1025728531599587
2018-12-31,0.1158967573361918,0.0,,0.0147687524290711,-0.1835826007535106,0.6486445663073714,-0.7857410881801126,-0.1245625917146404,0.0,,0.6415433159744491,-0.0158782124733999,0.0,0.3382828482808684,2.034543959135968,,-0.1792640571702518,-0.6206216082881105,-1.9507134777028707,0.0435144453691594,-0.0796065775318887,-0.7542857142857143,0.6748214024375717,0.0159973032842145,0.1444672213298553,-0.5865060240963855,-0.2192764429715548,0.0,-0.2653577181844025,-0.261437908496732,0.5630434154654959,-0.221377661321742,0.0,0.0,0.0,-0.496978178400664,0.0,0.0,0.0,-0.2750862276409722,0.0,0.0,0.7799346530847588,-0.1583236321303841,0.2979423027827419,-1.841027597609055,-0.2802327020670875,-0.0863691628765704,-0.1492150367276393,0.0,0.0,0.0,0.1844484629294756,0.1158967573361918,1.9810744167421863,0.5396928383004516,0.3222345999917481,3.0599050195071484,,,0.1860169491525423,0.4368085106382979,-1.380426825834788,-1.9091852854886031,0.0216962524654832,-0.125533211456429,-0.2972895863052782,-1.7381809157463706,2.1495129440953367,2.011640963607072,-0.2127922546091255,,2.3899388744467083,0.0232558139534883,-0.0021097046413502,2.46408507223114,0.6023974508117951,0.0,-2.928331735378716,0.9958792738612318,0.5152885278565408,0.8683903954436606,-0.5591623036649215,0.0,-0.7360502168235943,-0.0027058823529411,0.039751552795031,-6.234900731452456,-0.4182932364956877,0.0,0.0,-2.2261542714957145,0.0,0.3868225292242295,-0.2962137973233653,-1.2786653969597574,0.4600731354707033,-3.183446200150489,-1.38575624082232,0.4512751224455328,2.14179104477612,-1.810570551155649,-0.0795071441343324,0.0124610591900311,,,,0.0,0.0,0.0,-1.7936384794414275,-0.0565982891786396,0.0391921615676864,-0.0968282135433522,2.5906976744186045,0.0,-1.3328714928992034,-1.9481439729446808,0.0,33.218,-0.0230116202059125
2018-09-30,0.2601165751038456,0.0,,-0.1303277626635574,0.0001542814649333,0.6878243831213785,-0.9723192379852792,0.1214019641043007,0.0,,0.6824179301026996,-0.2985758716647569,0.0,0.7558899227875668,2.331241071815073,,0.0460783400760844,,-2.2589520780386847,-0.0313874687908691,-0.0796065775318887,-0.9468831168831168,0.6710911894138188,-0.2479919098526437,0.3910990188715553,-0.3816867469879518,0.1030792598729632,0.0,-0.1089206860608357,-0.261437908496732,1.255206678413588,0.0141631589803136,0.0,0.0,0.0,-0.4947418246177276,0.0,0.0,0.0,0.1083259805887543,0.0,0.0,1.3880453584470498,-0.1583236321303841,0.0590247638498851,-1.989571410403154,-0.4248050501299665,-0.0963660107173413,-0.4271928561140717,0.0,0.0,0.0,0.1041591320072332,0.2601165751038456,2.269974077430504,0.0716938285938687,-0.0008841263947093,3.0599050195071484,,,0.0237966101694915,0.4368085106382979,-0.1818514555999774,-0.1039043105393816,0.1913214990138067,-0.0737355271176112,0.3147883975273419,0.4311949373371386,2.072743172065972,2.309076805407136,0.5492841693274282,,-0.0890887374411578,0.627906976744186,0.0,-2.597712680577849,0.2599261544686662,0.0,-0.5316395014381592,-0.1815346920592493,0.8380718829029045,0.4294544042456799,-0.056544502617801,0.0,0.1016794844150554,0.5087058823529412,0.0894409937888198,-0.0204806687565308,0.3018610985020427,0.0,0.0,0.0962123306607685,0.0,-0.30605738575983,-0.2652776087351592,-0.271223503685677,0.0178586614508036,0.4334085778781038,0.1879588839941262,0.0121601080898496,1.888059701492537,0.0093744949086794,-0.0431021310489442,-0.2741433021806853,,,,0.0,0.0,0.0,0.1590380139643134,-0.0054681059226504,-0.4823035392921416,-0.0575126573892872,2.3813953488372093,0.0,0.7048839625909248,-0.0533054191158708,0.0,35.7106,-0.0459061098080296
2018-06-30,0.2174686788154897,0.0,,-0.2293043140303148,-0.0550291129124329,0.6773937743615133,-0.9883677298311444,-0.0035557060616322,0.0,,0.6729945357994921,-0.9436290587657554,0.0,-0.8338500653335973,2.2495346521795594,,-0.0086224438765128,,-2.2044102205110256,-0.0844132683390797,-0.0796065775318887,-1.0880519480519482,0.6939897963698493,-0.3176057016276606,0.3539492357567999,-0.3816867469879518,0.0172604252968793,0.0,-0.0340907798730218,-0.261437908496732,0.4899043877639447,-0.0362558535709647,0.0,0.0,0.0,-0.519753315085784,0.0,0.0,0.0,0.0199326221224031,0.0,0.0,1.5337305400730348,-0.1583236321303841,-0.0070462088332907,-2.099453134935775,-0.5317489788340141,-0.0971765659476741,-0.5243650679341303,0.0,0.0,0.0,0.0021699819168173,0.2174686788154897,2.190414971864528,-0.0517172200073418,-0.0860903341408354,3.0599050195071484,,,0.0068474576271186,0.4368085106382979,0.0392477053888169,0.3090047393364929,0.2642998027613412,-0.0511882998171846,-0.0737930727532097,1.8814989452785704,1.7582819840156183,2.2271669496444244,1.5137501287465238,,0.0314761469823649,-0.0534883720930232,0.0,-0.3904494382022472,-0.0265034646704769,0.0,0.0165388302972195,-0.2238556632141664,-0.1324239405318415,0.0629085496084395,0.0706058339566192,0.0,0.6617312345767747,1.475647058823529,,1.4875653082549634,1.7237857467090332,0.0,0.0,0.6400331766657451,0.0,0.0929861849096705,-0.2947616054473034,0.125207209113674,-0.0086742069903903,1.0221218961625282,0.4637298091042584,-0.0141867927714913,1.5037313432835822,0.4531005872528419,-0.081102315273872,-0.411214953271028,,,,0.0,0.0,0.0,0.4553917765709853,-0.0368122330006623,-0.1819636072785443,-0.0972256914051385,1.9534883720930232,0.0,1.253896778662972,0.4572026733231339,0.0,37.4355,-0.089230978076427
2018-03-31,0.1395048907945866,0.0,,-0.208058038606037,-0.1533002348163896,0.6547787376697701,-0.973358348968105,-0.2084321029461564,0.0,,0.6499747740352138,-0.3131445408413815,0.0,0.8308585758595658,1.9148521709016928,,-0.1194794803080626,,-1.888948070591936,-0.0853644037569849,0.9076379283848164,-1.0771428571428572,0.7103809514085297,-0.3091303091592025,0.2525811081325953,-0.3816867469879518,-0.1688069594034797,0.0,-0.0412394579740358,-0.15119825708061,0.3601490510991074,-0.1451303637044223,0.0,0.0,0.0,-0.5363133090490009,0.0,0.0,0.0,-0.1959974332237106,0.0,,1.4972131462617722,,0.0,-2.0882614778074524,-0.5208565416511944,-0.1035709460980771,-0.5102501320274617,,,,0.0,0.1395048907945866,1.864528230310439,-0.0366920785063643,-0.0757165844429119,,,,0.0068474576271186,0.5651063829787234,-0.3441916774593164,0.5520198600767321,0.2662721893491124,-0.0505789152955514,0.3216357584403233,0.2286884228812507,1.7147011571390804,1.8916511616553384,0.0030899165722525,,0.0736317009766036,0.2178294573643411,0.0,-1.3593499197431782,0.1138030448636892,0.0,0.3391658676893576,-0.2759772803207484,-0.4377346923135872,0.2424438547666817,0.2746447270007479,,0.0234792400392917,0.0437647058823529,-0.1871635610766045,-0.0288401253918495,0.1723785746709033,0.0,0.0,-0.2822781310478297,0.0,0.0924548352816153,-0.3915382730087381,-0.3293478644235177,0.0423505400119057,0.019262603461249,-0.0035242290748898,0.036480324269549,1.0895522388059702,-0.2410430472496094,-0.2153481038378387,-0.3613707165109034,,,,0.0,0.0,0.0,-0.2071373157486423,-0.1688023237677771,-0.182363527294541,-0.2317578295536736,1.4186046511627908,0.0,0.3941808105299619,-0.3422175698526451,,34.8446,0.081798152014673
2017-12-31,0.1319509580597614,0.0,,-0.0611478170747506,-0.163137221020541,0.6530165270184655,-0.8905758406696493,-0.3207472626707303,0.0,,0.6481790273894119,-0.7462759862497954,0.0,1.130205239886491,1.8684688974503267,,-0.1355931034244898,-0.6443019240256537,-1.8437805948268429,-0.0860777553204137,0.958659904717996,-1.0663636363636364,0.6998846220606704,-0.2779639795820091,0.2304997046725874,-0.3816867469879518,-0.1833057166528583,0.0,-0.0027290817776935,-0.1437037037037037,-0.0485860365695138,-0.1553898688341749,0.0,0.0,0.0,-0.5257352184560927,0.0,0.0,0.0,-0.2128419026229245,0.0,,1.7697482221795118,,0.0475261679857033,-2.077324176522956,-0.5102116598588934,-0.1090647093258882,-0.4390033126890393,,,,0.0,0.1319509580597614,1.8193639486606672,0.0185594645585937,-0.0375694775991842,,,,0.0068474576271186,0.2097872340425532,0.546173771045667,0.8248250959151433,0.1972386587771203,-0.0712979890310786,-0.5198288159771755,1.1966745253753568,1.5124763589774877,1.8451524011521625,0.6544443300030899,,3.217592917866929,0.8565891472868217,-0.0021097046413502,2.107945425361156,-1.0081179505336098,0.0,0.3422818791946309,-0.9682592716338122,-0.6483255421871408,-1.1929972170086078,0.3826477187733732,,0.3972783248280984,0.6837647058823529,-18.250931677018635,-0.044723092998955,0.9679981842941444,0.0,0.0,0.4390378766933923,0.0,0.3793836344314559,1.0983955864037491,0.1249250520227136,0.1835190067182583,-0.0469525959367945,0.0251101321585903,0.176659348083094,0.8171641791044776,0.3365120413770809,-0.1752000736899711,-0.3862928348909657,,,,0.0,3000.0,0.0,-0.165244375484872,-0.1258515114010869,0.0335932813437312,-0.1926963985899309,-0.3069767441860465,0.0,1.27918254243159,0.4807150334165391,,36.9974,-0.0621419920788189
2017-09-30,-0.011150844164545,0.0,,-0.1381007902578054,-0.3569702823042245,0.6298056952969955,-0.592697358926252,-0.1727621627723219,0.0,,0.6245264787118511,0.2149287935832378,0.0,1.2555929518907147,1.6532401194753474,,-0.3707650866900507,,-1.6403443360573826,-0.0936868386636547,1.0090671584447517,-1.0557142857142856,0.6854402570307369,-0.2279591640181065,0.0314089389327054,0.9556626506024096,-0.3742750621375311,0.0,-0.2850829148109542,-0.1337690631808278,0.5410323810624224,-0.4255670229100937,0.0,0.0,0.0,-0.5111783389242178,0.0,0.0,0.0,-0.434707628138285,0.0,,0.8856428983278878,,0.1102476384988511,-2.0628258934249013,-0.4961010025993316,-0.1099653262484802,-0.1812857074271448,,,,0.0,-0.011150844164545,1.609791565681047,0.1072077994143609,0.0236356456185642,,,,0.0068474576271186,0.4563829787234043,-0.2077819697055014,0.5711577522004062,0.1972386587771203,0.0,0.3669044222539229,-0.5630971584563842,1.598661867284892,1.629387737389408,-0.6736018127510557,,-0.2307313988618,-0.0945736434108527,0.0,-1.2321428571428572,-0.2036568711749532,0.0,0.3645733461169703,2.1737387236886065,-0.593761974097632,-0.1502815351757167,-0.3443530291697831,,-0.2822779654519753,-0.9669411764705882,9.89648033126294,0.5981191222570533,-0.5154334997730368,0.0,0.0,-2.1465302737074925,0.0,0.3602550478214665,-0.5439417255907554,-0.5921771946531231,0.3240071434645803,-0.6982693754702785,-0.2320117474302496,0.3161628103360919,-15.279850746268655,-0.7511448736598244,-0.4094951695140255,-0.4984423676012461,,,,0.0,30000.0,0.0,-2.2024825446082232,-0.3550460722612375,0.0191961607678464,-0.4274168500205255,-20.61860465116279,0.0,-1.0505715275372358,-1.6856429664224173,,33.1251,0.0552566606478239
2017-06-30,-0.0303246013667425,0.0,,-0.2515869931338256,-0.4096728307254623,0.6630443447723182,-0.5600230913551739,-0.2759340783384129,0.0,,0.6583976809214745,0.2568341790800458,0.0,2.487824193229064,1.7449677503138392,,-0.421333995537023,,-1.7622721715795937,-0.1583640470812032,-0.0587060089134777,,0.6590156457931298,-0.2058653568332852,-0.0241500316708582,3.061686746987952,-0.1008008837337752,0.0,-0.3534085094285985,-0.261437908496732,0.1689245789884167,-0.472250444985982,0.0,0.0,0.0,-0.4845478929568576,0.0,0.0,0.0,-0.1169888505654929,0.0,,1.0001921968095329,,0.2290119989788103,,,-0.1123969919394785,-0.2973738537615824,,,,0.0,-0.0303246013667425,1.699108516512466,0.1463756114635,0.0506781249447421,0.7187480524013112,,,0.0068474576271186,0.4093617021276596,-0.8561574412973704,0.3806815617242157,0.1972386587771203,0.0,-0.8397527341892534,0.6593870207221739,1.4844935228682408,1.7213437555940092,0.449788855700896,,0.3971053186257289,-0.3348837209302325,0.0,0.9971910112359552,0.4008143240099135,0.0,0.1116970278044103,-0.1258492036975164,-0.3653919840600812,0.6048152223157077,0.1280478683620045,,0.1897985097870097,0.4724705882352941,,3.963636363636364,0.6377666817975488,0.0,0.0,-0.8910699474702792,0.0,-0.3448459086078639,-0.5123519672948383,-0.510069481183649,0.4338804320095246,-0.1568096313017306,0.0795888399412628,0.4252660023644655,-5.485074626865671,-0.3397446258283497,-0.3705218441998948,-0.5856697819314641,,,,0.0,-15000.0,0.0,-0.8138091543832429,-0.3147548720732618,-0.5114977004599081,-0.3854775055766361,-7.897674418604651,0.0,-0.0976792518184967,-0.7995812867380626,,34.1623,-0.0888494041677522
2017-03-31,0.0543137813211845,0.0,,-0.2368182407047545,-0.2924004036003123,0.6731980347155498,-0.4461827103478135,-0.0098769612823117,0.0,,0.6687446020710944,0.5580291373383532,0.0,1.0201280274533095,1.6234578589671442,,-0.3029443921349516,,-1.6483592295556806,,,,1.390450518520031,0.0003178272175671,0.0563981815314797,0.6183132530120482,-0.0172604252968793,0.0,-0.2307362835212735,-0.261437908496732,0.4387186227216268,-0.3591437934959474,0.0,0.0,0.0,-1.2216802837288112,0.0,0.0,0.0,-0.0199326221224031,0.0,,0.8118393234672304,,0.3340719938728619,,,-0.0354843067501238,-0.1206971049978395,,,,0.0,0.0543137813211845,1.580792008261502,0.5118963265236433,0.3030431630505897,-0.6206264723846087,,,0.0068474576271186,0.5380851063829787,0.1232332901627343,0.4870232453170842,0.1972386587771203,0.0,-0.0602948169281978,1.294329321255739,1.2662640066703272,1.599531323739212,0.9161602636728808,,0.5112063514368018,0.0472868217054263,0.0,-1.456059390048154,-0.0421829952961408,0.0,0.2528763183125599,-0.1071388796079741,-0.3948195264004904,0.0428451232929907,-0.0320119670905011,,0.4349888593401854,1.093058823529412,-0.1275362318840579,-0.3782654127481714,1.1625056740807989,0.0,0.0,-1.0760298589991706,0.0,0.2805526036131774,-0.5332945415258519,-0.5490071597361831,0.5719874138957395,-0.6245297215951844,-0.0889867841409691,0.5624049991555481,0.2388059701492537,-0.8145035289046927,-0.3936301522023006,-0.5856697819314641,,,,0.0,3000.0,0.0,-0.8844065166795966,-0.3392950103406856,-0.0407918416316736,-0.4111919340230189,-3.781395348837209,0.0,-0.2978870800138552,-0.9857476447379016,,30.8907,0.0076495514831324
2016-12-31,-0.0180892402519094,0.0,,26.86254696204172,-0.4101418463788597,0.6882019996895152,-0.4525328330206379,-0.1429619595891184,0.0,,0.6840341020839212,-0.5834015387133737,0.0,1.2284036164455885,1.391195186355569,,-0.4358197012495645,,-1.4306179077069796,-0.1512305314469147,-0.0402643307207622,,1.3453067725829342,0.0487816623326591,-0.0536934635090241,0.6183132530120482,0.1061861364264015,0.0,-0.2511740737231119,-0.261437908496732,0.0021375545220832,-0.4972918878864503,0.0,0.0,0.0,-1.1761848902060053,0.0,0.0,0.0,0.1234860030480468,0.0,,1.115125888910244,,0.4015726321164156,,,-0.0139595623001756,-0.1030294301214652,,,,0.0,-0.0180892402519094,1.354633395856604,0.5978128174701418,0.3623621499596249,-0.537961035561594,,,-0.2982372881355932,-0.5631914893617022,0.0,0.4855788761002031,0.1972386587771203,0.0006093845216331,-0.0534474560152163,1.0617942672788188,1.0861448355805017,1.3666903536227482,0.7238644556596971,,4.677018197147474,0.2674418604651162,-0.0021097046413502,0.6613162118780096,-0.3363765110515401,0.0,0.2509587727708533,0.5717785944982737,-0.3053107517817457,-0.3336030030418743,0.2480179506357517,,0.345192745393996,0.6307058823529412,-23.625672877846792,0.0246603970741901,0.9174988651838404,0.0,0.0,-0.6618744816145977,0.0,1.0887353878852284,0.725760816828753,-0.7805170528691849,0.7209796751424441,-1.6310007524454475,-0.515712187958884,0.7103529809153859,-0.3022388059701492,-0.486934971176122,-0.4047139907995903,1.096573208722741,,,,0.0,313000.0,0.0,-0.2591155934833204,-0.3476364291921301,0.5674865026994601,-0.4165720032232631,-1.344186046511628,0.0,-0.058191894700381,-0.7628633545374024,,34.115,-0.1041624726153117
2016-09-30,-0.0765484724641565,0.0,,24.592045601761885,-0.50305631582033,0.6973906695141753,-0.4879780632125848,-0.0246641833164014,0.0,,0.6933976381656021,0.5414961532165657,0.0,1.3519435095360657,1.1994935284186832,,-0.5377093960495412,,-1.2509016755185585,-0.1562239923909166,-0.0531735054556631,,1.3388401624140196,0.1102475199845901,-0.1478775179668645,0.6183132530120482,0.1817867992267329,0.0,-0.3562588837297451,-0.261437908496732,0.1752216990669863,-0.6181370938786735,0.0,0.0,0.0,-1.1696679083232149,0.0,0.0,0.0,0.2113178792010908,0.0,,1.2950221026330964,,0.4763032933367373,,,-0.0119782050704732,-0.1303951221854145,,,,0.0,-0.0765484724641565,1.1679698202280344,0.7067792414010945,0.437595411973429,-0.5261196355341717,,,0.0673389830508474,0.4008510638297872,-0.8582408919421138,0.2385917400135409,,0.0,-1.0786495482643843,-1.5617322248417915,1.335997396945478,1.1745113887246472,-1.312802554331033,,0.6643715309492025,0.0410852713178294,0.0,-0.5826645264847512,0.2176420009104243,0.0,-0.0769415148609779,0.8323866800311839,0.024522951950341,0.3753155135589929,-0.8604338070306656,,-0.6679125038932413,-1.602235294117647,,4.475235109717868,-1.4485928279618705,0.0,0.0,-1.4412496544097315,0.0,0.0026567481402763,-0.6081732893396445,-1.1909145416710754,0.757377328004082,-2.6067720090293456,-0.976064610866373,0.7464955244046614,-3.805970149253731,-0.8657938688648241,-0.4896373478112453,2.454828660436137,,,,0.0,-1565000.0,0.0,-0.9061287820015516,-0.4328979644750355,-0.2499500099980004,-0.5016778778591799,0.8465116279069768,0.0,-0.3404918600623484,-1.4022062968032851,,32.1431,-0.1022396719669228
2016-06-30,0.001398566260217,0.0,,-0.1588288638424666,-0.4071919847693337,0.7232448172126024,-0.5789580025977774,0.02353538774128,0.0,,0.7197438068118656,0.4264200360124406,0.0,1.7460568864251302,1.4654127526946883,,-0.4257072990711903,,-1.5001952996200534,-0.0970158126263226,0.0998924235438758,,1.3935408774849651,0.1507175190214774,-0.0675858788061823,1.4857831325301205,0.3945042805854736,0.0,-0.3126087368520799,-0.261437908496732,-0.009878968196655,-0.4973606410853838,0.0,0.0,0.0,-1.2247947150706922,0.0,0.0,0.0,0.4584503088152723,0.0,,1.177013261579858,,0.5497064079652796,,,-0.0043229612284414,-0.1978971626098228,,,,0.0,0.001398566260217,1.4269004615481886,0.7785242920682619,0.4871300667810136,-0.6262854151345557,,,0.0068474576271186,-0.0951063829787234,-0.0737372599808547,0.5919205596930716,,0.0,-0.6487874465049929,0.9147536915250032,1.1799768165456652,1.441092710022837,0.5412503862395716,,0.7323824913932411,2.122480620155039,0.0,0.1637239165329053,-0.2162004956754843,0.0,0.3921380632790028,-0.8626795856999666,-0.5186604337497126,-0.1798265484434664,-0.3883320867614061,,0.2884113179520353,0.228235294117647,,3.0482758620689654,0.7952791647753064,0.0,0.0,0.8932817251866187,0.0,-0.0908607863974495,-0.5501106233421087,0.2602193771382217,0.8396972531677864,1.293303235515425,0.9622613803230544,0.8282384732308732,-0.503731343283582,0.7339044232530575,-0.4290858650714955,0.5981308411214953,,,,0.0,313000.0,0.0,1.2280837858805276,-0.3593970600448468,-0.3203359328134373,-0.4452056133430929,0.1534883720930232,0.0,1.2261863526151715,0.3876318544166197,,31.2861,-0.1168825772467645
2016-03-31,-0.0555951025056947,0.0,,-0.2077989376862287,-0.4759089492506549,0.7024675144857911,-0.5076057151104055,-0.0995033299469466,0.0,,0.698571098740412,0.5259453265673596,0.0,1.450669834356233,1.299359335093719,,-0.5067099858247023,,-1.3445237479265268,-0.0777553204137439,,,1.4600040161052628,0.247163632861408,-0.1611231528673485,0.3816867469879518,0.2235570284451808,0.0,-0.3741722732872169,-0.261437908496732,0.0199312516248302,-0.5787415108897428,0.0,0.0,0.0,-1.2917755688639183,0.0,0.0,0.0,0.2598459934226357,0.0,,1.62752258312512,,0.6291141179474087,,,-0.0052235781510334,-0.1395170195400643,,,,0.0,-0.0555951025056947,1.265211068726422,0.9495035727396126,0.6051786230026112,-0.7479900781532401,,,0.0,-0.0312765957446808,-0.4976068472323892,-0.4158880613856917,,0.0,,-1.126442486660876,1.3584894149228235,1.2746258455429649,-0.578123390668452,,0.8332747839527858,0.3596899224806201,0.0,-1.0848715890850722,-0.0233675585453441,0.0,-0.945829338446788,-0.5374763336674463,0.5873246992106674,0.0669212348715293,0.7096484667165296,,-0.4998203119384748,-0.9304705882352942,0.0215320910973084,0.1049111807732497,-0.8474807081252838,0.0,0.0,-0.0066353331490185,124000.0,0.0483528161530286,-0.6203610305727238,-0.1630162593023666,0.9618164809932818,0.3136192626034612,0.5370044052863436,0.9495017733490964,0.0298507462686567,0.030925057917138,-0.5144145169243106,0.6853582554517134,,,,0.0,0.0,0.0,0.2435996896819239,-0.4457524190722349,-0.2155568886222755,-0.531286720546999,0.1860465116279069,0.0,0.5382750259785244,-0.248168129479024,,32.3046,-0.105805365180191
2015-12-31,-0.0334022846040466,0.0,,21.546832491255344,-0.4401033068689194,0.6982549918812437,-0.350699956703709,-0.1524438424201377,0.0,,0.6942784091394953,-0.5537731216238337,0.0,0.9470071932950572,1.4893511103415435,,-0.4763589833793772,,-1.522637001415288,-0.1200808465105219,0.0402643307207622,,1.4705275732854124,0.3067032649523259,-0.1391165835028236,,0.1888980944490472,0.0,-0.3686534634701033,-0.261437908496732,-0.3097720904705509,-0.541546030266686,0.0,0.0,0.0,-1.3023810993805438,0.0,0.0,0.0,0.2195796903826101,0.0,,1.6663463386507784,,0.6532754659177943,,,-0.0013509253838879,-0.0048970185798646,,,,0.0,-0.0334022846040466,1.450209698834538,1.0550551917839794,0.6780542146305236,-0.7672603986189188,,,0.0935593220338983,-0.5631914893617022,-1.36694070612084,-0.2089821710674791,0.1972386587771203,0.0,2.1574893009985736,-0.4539024692889937,1.426778923392919,1.4650906704131836,-0.1379132763415387,,6.061125553291646,-0.0565891472868217,0.0,1.4935794542536116,0.6087704213241617,0.0,-0.6711409395973155,2.641051342020269,0.7458042761897463,0.8758009190343667,0.556170531039641,,-0.2401111670140636,-0.3168235294117647,-11.946997929606626,-0.0154649947753396,-0.421130276895143,0.0,0.0,-4.479955764445673,0.0,0.0425079702444208,2.1131125757148834,-2.7415088350439105,1.1373416106811804,-6.251015801354402,-2.590014684287812,1.1237966559702752,-0.0186567164179104,-3.4514304186196862,-0.2677676815292836,-0.4984423676012461,,,,0.0,12082000.0,0.0,-4.583397982932506,-0.247802730913282,-0.2199560087982403,-0.2793313683881295,0.0883720930232558,0.0,-2.910980256321441,-3.415572912472824,,30.8329,-0.0791686802084785
2015-09-30,0.1574810732949216,0.0,,30.131882368182406,-0.2163704976811495,0.7765642766335064,0.0064078510607591,0.4805847161079128,0.0,,0.7740779696091258,1.2607628089703715,0.0,0.6679865373193427,1.5620319466689754,,-0.2475745065375369,,-1.59077374158563,-0.0815598620853644,,,1.3963861859592877,0.5022344216507753,0.0559438316660475,,0.8331952499309583,0.0,-0.2076603809343314,-0.261437908496732,0.1029492475230364,-0.3310160958877948,0.0,0.0,0.0,-1.2276621870991198,0.0,0.0,0.0,0.9681158257800594,0.0,,1.025177782048818,,0.8390094460045954,,,-0.0018912955374431,0.2915166354601757,,,,0.0,0.1574810732949216,1.52098042108369,1.4016920358213032,0.91738133550239,-0.6314956311466214,,,3.091593220338983,,-1.7505490173996283,0.3315730083502595,,0.0,,1.3593497952599578,1.1978931527464258,1.5379524705856826,1.0588114120918737,,1.07299936766669,-0.2263565891472868,0.0,0.5140449438202247,1.274265338121491,0.0,0.0465004793863854,-0.322753090544604,-0.2390987815158249,1.7273639246650705,1.1637995512341062,,0.4600972711373056,0.9404705882352942,,6.226541274817137,1.2620290512936905,0.0,0.0,-0.768592756427979,0.0,-0.004250797024442,-0.3092151661517582,-0.8476704405177583,1.251977208946339,-2.3121143717080512,-0.6187958883994126,1.2376287789224794,-0.1156716417910447,-0.5543882333925974,-0.0982504050239221,-0.5856697819314641,,,,0.0,0.0,0.0,-0.4499612102404965,-0.0621808414745554,-0.2551489702059588,-0.1094497646626976,0.0,0.0,-0.1066851402840318,-0.8079555519768097,,32.7526,0.005370566000867
2015-06-30,0.3700757068203135,0.0,,-0.2391501489830289,0.0893227969378214,0.7869361450383281,0.1993361235387502,0.5091432441584829,0.0,,0.784647221295845,1.537731216238337,0.0,0.5367913944433446,1.3184277736894507,,0.0824443593696648,,-1.362400004058174,-0.0808465105219355,,,1.3331359315492295,0.6173263989213137,0.2980481664310283,,0.9185307925987296,0.0,0.171909409646546,-0.261437908496732,0.2336289320893151,0.0325355415842264,0.0,0.0,0.0,-1.1639192443045008,0.0,0.0,0.0,1.06725755995829,0.0,,0.8083797808956371,,0.9508909880010212,,,0.0,0.4539824283450958,,,,0.0,0.3700757068203135,1.283778372568442,1.6057266277948044,1.0582521410594192,-0.5156742742468247,,,0.0,,0.0471310321527113,0.3738208079440307,,-0.0006093845216331,,-0.5524258592877528,1.2823297337970023,1.2937417615501032,-0.5520650942424554,,1.090423663317642,-0.3131782945736434,0.0021097046413502,-0.5002006420545746,-0.6693136411916444,0.0,0.1025886864813039,0.2323198574451498,-0.3451605487010499,-0.759627208594913,-0.2010471204188481,,-0.2781571192409976,-1.6974117647058824,,5.283594566353187,-0.4735587834770767,0.0,0.0,1.257948576168095,0.0,0.1110520722635494,-0.0454147583375987,0.5000529044545551,1.273067437707288,1.690293453724605,1.3430249632892806,1.2585711872994427,0.0,1.018371854964711,0.2342864264156872,0.5856697819314641,,,,0.0,0.0,0.0,1.630721489526765,0.2632621065019719,-0.168366326734653,0.2187670367047999,0.1488372093023255,0.0,1.5032906130931762,0.6891054030115146,,35.4566,-0.0692818826396213
2015-03-31,0.2861282326142302,0.0,,-0.1862935613421427,-0.0133484323460348,0.7583128091735651,0.026497330062058,0.3854272491251834,0.0,,0.7554791650633215,1.294810934686528,0.0,0.4626146637629512,1.40829401324618,,-0.0220803542789739,,-1.4466476947035758,0.0361431458803947,,,1.2527593706286566,0.7289319079264182,0.1614171439567459,,0.6830295498481083,0.0,-0.0309978205249692,-0.261437908496732,0.0722724515439498,-0.0748493159056706,0.0,0.0,0.0,-1.0829165894918813,0.0,0.0,0.0,0.7936552498596294,0.0,,0.7122813761291562,,1.063487362777636,,,0.0011708019993695,0.311488789668251,,,,0.0,0.2861282326142302,1.3712828510611392,1.8035804229235848,1.1948555632179845,-0.3684919042217707,,,0.0,,-1.0228334928768512,-0.0121868652674339,,0.0006093845216331,,0.9490011167638664,1.120696317084579,1.3838317539015672,0.9142033165104542,,1.1067238108620812,-0.0348837209302325,-0.0021097046413502,-0.1009229534510433,0.6524960801173436,0.0,-0.4098753595397891,-0.0590266176634369,0.4202620890489693,0.931751990162449,0.3581151832460733,,0.3016363592802894,0.4736470588235294,-0.5830227743271221,0.0012539184952978,0.8586019064911484,0.0,0.0,0.6980923417196572,0.0,0.6493092454835282,-0.1179226486912766,0.3602440658836807,1.292797006548176,1.0820165537998494,1.0547723935389133,1.2781624725553116,-0.0634328358208955,0.5864985722752006,0.1411314661595062,-0.5482866043613707,,,,0.0,0.0,0.0,1.0240496508921644,0.1721405117879764,0.236752649470106,0.1232116211232333,0.0511627906976744,0.0,1.0727398683754763,0.2887511071744907,,53.1573,-0.0916525105676924
2014-12-31,0.3752763633927375,0.0,,43.8556807876668,0.1314292943474357,0.7401032991100837,0.1354885264828979,-0.7277909470594875,0.0,,0.7369231163900362,-0.5501718775577018,0.0,0.4282980267933742,1.2362668282758322,,0.1334616352982158,0.0,-1.2853758629960483,1.309713470455356,0.500076840325803,,-0.6194944472239523,0.7912645670808052,0.2586159434040426,,0.5332090582711958,0.0,0.1696124324836539,-0.261437908496732,0.0258817412403593,0.1202951804007547,0.0,0.0,0.0,-1.021931359030822,0.0,0.0,0.0,0.6195957327344188,0.0,,0.9110128771862388,,1.1269236660709727,,,-0.0018012338451839,0.3989629843007345,,,,0.0,0.3752763633927375,1.2037766865476618,1.9140835090535016,1.2711497769054398,-0.2576813292283146,,,0.0664915254237288,-0.5631914893617022,-3.3599864857255475,-0.507244414353419,0.1972386587771203,0.0006093845216331,2.267807893485497,-2.177813624519171,1.4715189229861916,1.2113762483116264,-1.398805232258729,,6.313496803203822,1.0976744186046512,-0.0021097046413502,2.0351123595505616,2.0766779626726013,0.0,-1.0671140939597314,1.5081857667891747,1.7086366771400108,2.754125946540677,-0.7871353777112939,,-0.905819497352596,-1.489529411764706,-20.053002070393376,-0.0221525600835945,-2.166817975487971,0.0,0.0,-3.624274260436826,0.0,-0.1046758767268862,5.738777191084108,-2.304870736782704,1.3213708648694618,-5.482317531978931,-2.13553597650514,1.3065360580982943,0.003731343283582,-2.7874575723290773,0.8124102580774504,0.5981308411214953,,,,0.0,8009000.0,0.0,-3.291698991466253,0.7679969453959136,-0.3307338532293541,0.8031680940393525,-72.36744186046512,304000.0,-3.4863179771388983,-2.857073838473307,,39.3757,0.2879364684310374
2014-09-30,0.8571787484925633,0.0,,66.72315066718487,0.7947717097163381,0.8038533672908529,0.5768797806321259,0.3233434924935094,0.0,,0.8018863890955422,2.066295629399247,0.0,0.644228865571174,1.6096489329466257,,0.8486899058774027,,-1.635413654740708,-0.1640708595886339,,,-0.6194944472239523,0.960001926225561,0.8225870681337712,,1.0577188621927645,0.0,0.7901525632521558,-0.261437908496732,0.5945290158583437,0.893699915204388,0.0,0.0,0.0,-0.9717162986286898,0.0,0.0,0.0,1.2289644661907435,0.0,,1.0417067076686528,,1.3225427623181003,,,-0.003692529382627,0.7640309184310337,,,,0.0,0.8571787484925633,1.567345992539358,2.213220417118417,1.4776817027095528,-0.1664402258591247,,,-0.4640508474576271,,-1.3088293259755617,-0.416249153689912,,0.0,,6.097158456384167,0.4661501230349988,1.585688015665938,5.41806571222577,,1.1460689945900373,3.57984496124031,0.0,2.646067415730337,1.3549137625815588,0.0,-0.9463087248322148,-1.28277090990088,2.5356732316652617,1.830561128729532,4.409573672400898,,2.28965715517861,5.668941176470589,,3.297387669801463,5.037789378120745,0.0,0.0,0.935029029582527,0.0,0.1014877789585547,0.9082834958643377,0.0216555567312101,1.340420103750319,-0.5357411587659895,0.2860499265785609,1.325451781793616,0.085820895522388,0.7621356607941382,1.4793976928536985,-0.573208722741433,,,,0.0,0.0,0.0,1.1008533747090767,1.4247651823748535,-0.1755648870225954,1.471589020922974,9.930232558139537,0.0,1.335296155178386,0.5328931475964248,,34.7456,-0.0350864569902377
2014-06-30,0.9712582071552994,,,-0.0349786241741158,0.9809647528565212,0.7792915074033826,0.616481454755376,0.101535161982165,0.0,,0.7768571013228667,2.1447045342936653,,0.4747574737675707,0.5396303190338081,,1.0535039887425373,,-0.6322939335372566,-0.1398169064320532,,,-0.6194944472239523,0.886554945584128,0.9920274961847976,,0.8556338028169014,,1.208543542120724,,1.3390912504693957,1.1355354728310276,,,,-0.9925020408443264,,0.0,,0.994184647469319,,,0.8245243128964059,,1.2315547612969109,,,0.0085558607646237,0.8100244850928994,,,,0.0,0.9712582071552994,0.5254483761512361,2.0830139067929005,1.387783730895502,-0.2042080596307976,,,0.0,,0.0643617320795089,-0.2624238320920785,,0.0,,-4.923811887330935,1.2670164521180325,0.51300522378749,-3.8176949222371,,-2.3202416918429005,-0.6023255813953489,0.0,0.7273274478330658,-1.3043346315310302,87379000.0,-0.7420901246404602,-0.5005011693952556,0.6207372212430071,-1.5721959743705909,-3.3038145100972325,,-1.966218644433264,-5.056352941176471,,5.6054336468129575,-4.429187471629596,0.0,0.0,1.0105059441526127,0.0,0.0201912858660998,0.884533239521627,0.3567171022466758,1.2999404711284974,1.4209179834462002,1.223201174743025,1.2852558689410571,-0.1865671641791045,0.8362695975432358,1.4484760805604773,-0.0373831775700934,,,,0.0,0.0,0.0,1.2195500387897595,1.3963277906178282,-0.236752649470106,1.4359376459319335,-0.0837209302325581,0.0,1.3768617942500867,0.5715436025444883,,61.0926,-0.1057214785424093
2014-05-27,0.5734959131716468,0.0,,5.179427386967224,0.9809647528565212,0.7792915074033826,0.616481454755376,,0.0,,0.7768571013228667,,0.0,-0.8910446776215931,0.5396303190338081,,1.0535039887425373,,,-0.1398169064320532,,,,0.886554945584128,0.9920274961847976,,0.8556338028169014,0.0,1.208543542120724,-0.261437908496732,1.3390912504693957,1.198009212928657,0.0,0.0,0.0,0.803921165099161,0.0,0.0,0.0,0.994184647469319,0.0,,0.9786661541418412,,1.2315547612969109,,,0.0085558607646237,0.8100244850928994,,,,0.0,0.9712582071552994,0.5254483761512361,6.554188685044008,,-0.2042080596307976,,,,,0.0643617320795089,-0.2624238320920785,,0.0,,-4.923811887330935,0.7251337115896935,0.049710060808575,-3.8176949222371,,1.1126255884212746,-0.6023255813953489,0.0,0.7273274478330658,0.0075868696575792,0.0,,-0.5005011693952556,0.6207372212430071,-1.5721959743705909,-3.3038145100972325,,-1.966218644433264,,,,,0.0,0.0,1.0105059441526127,0.0,0.0201912858660998,,1.2185659365851935,,1.4209179834462002,,,-0.1865671641791045,0.8362695975432358,-1.0390936133552235,-0.5981308411214953,,,,0.0,0.0,0.0,1.2195500387897595,1.3963277906178282,2.206358728254349,1.4226688357808268,-0.2930232558139535,0.0,1.3768617942500867,0.5715436025444883,,50.3015,0.0699601403536674
2014-03-31,0.893658716333914,0.0,,-0.2261951029926156,0.8854028134767945,0.7537226700008811,0.807677875595324,0.0568348572073597,0.0,,0.750801672609733,2.4177443116713047,0.0,0.3660001319870652,1.3919960174884205,,0.935183364891478,,-1.4313686698827697,-0.1619308048983474,,,-0.6194944472239523,0.9268130598093036,0.8839991340626094,,0.6452637392985363,0.0,0.8218629773524116,-0.261437908496732,1.5311822987376873,1.007524655661062,0.0,0.0,0.0,-0.909962750303554,0.0,0.0,0.0,0.7497794176626293,0.0,,0.6688448971747069,,1.2658258871585395,,,0.0096366010717341,0.9701857986461184,,,,0.0,0.893658716333914,1.3554131804674492,2.154383328922544,1.4370590419606386,-0.0542336121255936,,,0.0,,-0.0274508699814178,-0.839268788083954,,0.0,,3.269140091822807,0.7251337115896935,1.3674931786990978,3.3119785765784324,,1.1117824773413898,-0.403875968992248,0.0,-2.331661316211878,0.4256992564867735,87379000.0,-1.5079098753595397,0.1458959795077402,1.678596061000843,0.6415442366189891,1.6278234854151084,,1.1975849924531017,2.751058823529412,0.4422360248447205,0.5203761755485894,3.0346118928733543,0.0,0.0,1.6555156206801216,0.0,0.0770456960680127,0.5314055249982077,0.7013719888547949,1.2989199761884511,2.123100075244545,1.565345080763583,1.2842425266002364,-0.1977611940298507,1.3396907494208286,0.986661031551228,-0.0747663551401869,,,,0.0,0.0,0.0,1.9526764934057408,0.969448895136738,-0.1939612077584483,0.9728976570526257,-0.0976744186046511,0.0,2.928299272601316,1.0186005314437556,,45.135,0.1395014955134595
2013-12-31,0.8244422484255661,0.0,,75.00893898173338,0.8107614407420322,0.716506459341185,0.876028286910088,-0.8239643300598262,0.0,,0.7128772136852997,-0.5400229170076936,0.0,0.2934072460898831,0.8152677373273884,,0.8478552533101562,-0.2960039467192896,-0.8906981580963106,1.1610985614076803,,,1.0219081945564756,0.925984782818068,0.7973412514933411,,0.3390637945318973,0.0,0.9324135316971476,-0.261437908496732,0.8424853404200006,0.92503609542944,0.0,0.0,0.0,-0.8502671962571944,0.0,0.0,0.0,0.39404026630304,0.0,,0.7145877378435518,,1.2593311207556803,,,0.0072049353807358,1.024437082913246,,,,0.0,0.8244422484255661,0.7938418091002971,2.152914962821312,1.436045243694705,0.0542336121255936,,,20.888203389830508,,-1.1631567092741708,-0.3693071541412773,,0.0,,1.0409480084377714,0.5484310495597178,0.7893289358770593,1.1943557523946853,,5.655870160893698,-0.9449612403100776,0.0,-0.6462680577849117,1.1144858631328711,0.0,0.5930009587727708,1.706426105356944,0.6667177561498966,1.5229111384376417,-2.5552729992520566,,0.3371427202376674,0.6896470588235294,-23.640579710144927,0.0798328108672936,1.0760326827054016,0.0,0.0,-0.5863975670445121,0.0,-0.2938363443145589,5.426264165539871,-0.7546996790463091,1.256399353686538,-2.1176824680210684,-0.5220264317180616,1.242019929066036,0.0,-0.2561284413555304,1.0451231868745157,0.5856697819314641,,,,0.0,0.0,0.0,-0.4018619084561676,1.007746905390323,-0.4731053789242151,1.036381170409402,0.1488372093023255,0.0,-3.923449948042951,-0.6736452210322892,,53.213,0.0291977524289177
2013-09-30,0.9358166956987808,0.0,,-0.1733385153517295,0.9698503161227215,0.7233790808812731,0.8107952085438014,0.5874816570719043,0.0,,0.7198806256039267,2.311834997544606,0.0,0.1603642843001385,0.6272022856153413,,1.034037959446922,,-0.7143907920033683,-0.1571751278088217,,,0.9740552793065071,0.999855533082924,0.921710172893487,,0.3956089478044739,0.0,1.2636330901165544,-0.261437908496732,0.6390710303590514,1.0810905785199727,0.0,0.0,0.0,-0.8020415303245457,0.0,0.0,0.0,0.4597336969599743,0.0,,0.4662694599269652,0.5029103608847497,1.3273627776359458,,,-0.051064979510965,0.9080608766623458,,,,0.0,0.9358166956987808,0.6107188771101604,2.283872730221877,1.526461902993652,0.1418599723285178,,,0.0,,0.7449180697111324,-0.5763935906116001,,0.0006093845216331,,2.17520784216404,0.1858336892196937,0.600795230785087,2.2538881450200843,,0.9057823368228765,0.0,-0.0021097046413502,-0.175561797752809,-0.709473471245764,0.0,-1.1589165867689355,0.3508185766789174,1.3919840600812323,-0.8110154682544819,0.106507105459985,,0.7751503390114761,1.4074117647058824,,3.879205851619645,1.974920562868816,0.0,0.0,2.2949958529167818,0.0,0.2263549415515409,0.719078400021341,1.0687405212852257,1.0495790458372312,2.819563581640331,1.797503671071953,1.036649214659686,-0.2313432835820895,1.8403103281073216,1.2234615863933636,-0.5856697819314641,,,,0.0,0.0,0.0,2.500387897595035,1.195467315938835,-0.0815836832633473,1.209596809751457,-0.1441860465116279,0.0,3.729476965708348,1.596102745792737,,42.9522,-0.105566187529393
2013-06-30,0.737073730403323,0.0,,75.64295893250421,0.7153846391202254,0.6711085563718601,0.6448838216192813,0.4424314256688114,0.0,,0.6666153596196438,2.067932558520216,0.0,0.1424140434237444,0.2412882559196571,,0.7598856319044219,,-0.3526045867510767,-0.1512305314469147,,,0.9186738684283074,0.9987768467687568,0.6686693696029249,,-0.0344518088925711,0.0,1.0506206765848574,-0.261437908496732,0.5711892313469482,0.7872928809882126,0.0,0.0,0.0,-0.7462287254841432,0.0,0.0,0.0,-0.0399053501243282,0.0,,0.4666538535460311,0.1816065192083818,1.3248302272147052,,,-0.0558382492007024,0.7649911181525757,,,,0.0,0.737073730403323,0.2349469957217222,2.2819604394853887,1.5251416075775526,0.243272215089683,,,0.0407457627118644,,-0.3166281885241286,-1.629880388174227,,0.0,,0.1750837572899863,0.1510381713541984,0.2139203358846535,1.1947677412709856,,0.9111220403288132,-0.2131782945736434,0.0,1.5874799357945426,-0.1225026554043801,0.0,0.148130393096836,0.6096447265842522,3.0963292206299333,-0.0599313960261471,-1.194913986537023,,0.0027791753515896,0.2361176470588235,,4.929989550679206,0.1770313209260099,0.0,0.0,2.095935858446226,0.0,0.3156216790648246,0.5604410261711319,0.6140443692025536,1.056042180457522,0.979683972911964,0.9026431718061674,1.0430670494848844,-0.2350746268656716,1.6896718926781962,1.0192796805323017,-0.3364485981308411,,,,0.0,0.0,0.0,2.429014740108612,1.003246023241729,-0.0143971205758848,1.0104821210982553,-0.241860465116279,0.0,3.4800831312781435,1.3300587809002336,,52.7747,-0.0998651324284771
2013-03-31,0.6977170708830229,0.0,,75.46651120611479,0.6907181185066789,0.6257777852368704,0.6058594313753788,0.4744892200022576,0.0,,0.6204219149500184,2.005729251923392,0.0,0.2004883521414901,0.2042552270464482,,0.7349357283033445,,-0.3178869088381955,-0.0470812031863036,,,0.8848432868077749,0.859568525474333,0.6558834298604077,,-0.4074150787075393,0.0,0.9958722638112384,-0.261437908496732,1.0109477454576967,0.7574921888726767,0.0,0.0,0.0,-0.7121346202657557,0.0,0.0,0.0,-0.4732092724793454,0.0,,0.5662118008841053,0.0,1.1817207046208833,,,-0.0596208402755887,0.7285035287339766,,,,0.0,0.6977170708830229,0.1988872262850639,2.0351724903318336,1.3547527687891594,0.3052214341805128,,,0.0139830508474576,,-0.6874824032884734,-0.1226811103588354,,-1.028031687995125,,-1.8657401662737312,0.4507148231753198,0.1767951005972367,-1.4546297249974252,,0.9496241129768848,-0.3248062015503876,-1.957805907172996,-0.4032905296950241,-0.3727934854079207,0.0,-0.5565675934803451,0.3058247020826373,0.4932178711012338,-0.3802019286777555,0.6384442782348542,,-0.7853087040897003,-2.957529411764706,-0.1159420289855072,-0.2394984326018809,-1.778370403994553,0.0,0.0,2.8111694774675144,0.0,0.0834218916046758,0.540972318321793,0.9790145663598208,1.102644782719619,1.7170805116629044,1.2825256975036712,1.089343016382368,-0.2126865671641791,2.241797316954905,0.986856093239487,-0.573208722741433,,,,0.0,0.0,0.0,3.1287820015515906,0.9781832802963856,-0.1891621675664867,0.9779888488997682,-6.409302325581395,0.0,4.376169033598892,1.8727755857959576,,39.1903,-0.1674737590010531
2012-12-31,0.7047643373978293,0.0,,71.46443839875631,0.7505669843836301,0.5585200787120758,0.5309279838360513,-0.787729992098431,0.0,,0.5518842513019163,-0.6534621050908496,0.0,0.2263578169339404,0.5232024587680187,,0.8058674006090895,-0.6156882091761223,-0.6168931634987547,1.5655688978718345,,,0.8290670723613678,0.9037754020995858,0.6520882721609147,,-0.9607843137254902,0.0,0.8906509997157206,-0.261437908496732,0.8774950171870938,0.8655645783519095,0.0,0.0,0.0,-0.6559239365314564,0.0,0.0,0.0,-1.1161065212160102,0.0,,0.6038823755525659,0.0,1.230594842992086,,,-0.0538568919710001,0.672331845023765,,,,0.0,0.7047643373978293,0.5094522539990305,2.113542262478977,1.408861304145374,0.4073566255749311,,,0.165728813559322,,0.3709386789796722,-0.4086662153012864,,-1.028031687995125,,-0.6346941307854572,0.5486344131942326,0.4965364607348019,-0.0003089916572252,,5.217171362326987,1.5325581395348835,3.559071729957806,-0.3537319422150883,-0.9928683425218756,0.0,-0.9362416107382552,1.645394810112485,1.7132347306306996,-1.1736457187237073,-0.0514584891548242,,-0.3099259685186516,-1.6121176470588234,-17.570186335403726,-2.1630094043887147,-0.627666817975488,0.0,0.0,2.745922034835499,0.0,0.1912858660998937,4.483873334189198,0.9457200296264946,1.288374861807977,1.4817155756207674,1.247870778267254,1.2737713224117548,-0.0932835820895522,2.1849038306125745,0.8204272934648916,-0.5233644859813084,,,,0.0,0.0,0.0,3.239720713731575,0.822161476743079,-5.962407518496301,0.8112023596718527,0.0046511627906976,0.0,2.6491167301697263,1.7284805539898542,,26.9491,0.4123180365949139
2012-09-30,0.5756021372102371,0.0,,0.0103640367923306,0.5907684142642471,0.5169654732584533,0.4329051811228171,0.9768032509312564,0.0,,0.5095388351590091,1.76771975773449,0.0,0.2799445654325876,0.6274187264620579,,0.6332460742013031,,-0.7145937006995278,0.4784211152062775,,,0.7926090049248342,0.9954444765482038,0.4606840370856396,,-1.3026788180060758,0.0,0.5806727944660286,-0.261437908496732,0.7583119096449926,0.6108798117690198,0.0,0.0,0.0,-0.6191818786743772,0.0,0.0,0.0,-1.5133151520012833,0.0,,0.4693446088794926,2.575087310826542,1.331937707429155,,,-0.055658125816184,0.5888904892217581,,,,0.0,0.5756021372102371,0.6109296297076862,2.276052827031596,1.52106283780996,0.4741171924663767,,,-0.0301694915254237,,0.4568387859676783,-1.2032498307379824,,0.5655088360755637,,2.424742523886338,0.145140625953267,0.6010122105354517,2.723143475126172,,0.9274221878732524,0.9395348837209302,-1.957805907172996,-1.7772873194221508,-0.2297304132315006,0.0,-1.991131351869607,1.7656754649738278,2.827802896773699,-0.1971393437317972,-0.0607329842931937,,0.8715110568053859,1.4290588235294115,,4.889028213166144,1.9603949160236045,0.0,0.0,3.1465302737074925,0.0,0.2624867162592986,0.2771935850132465,1.1501428420272988,1.0757717492984098,2.10594431903687,1.46064610866373,1.0626583347407532,-0.0634328358208955,2.4943699154140404,0.641837481103399,-0.5856697819314641,,,,0.0,0.0,0.0,3.829325058184639,0.6581871694474772,2.1251749650069987,0.6322287213593308,0.0651162790697674,0.0,2.887772774506408,1.9526531926886224,,23.1766,0.0154746985684407
2012-06-30,0.3887637344231542,0.0,,-0.12695945070605,0.3663999654409519,0.4476266798692607,0.0253427623033626,0.5947059487526809,0.0,,0.4388804802339601,1.169422164020298,0.0,0.3488418135022768,0.197978442491667,,0.4076691464815256,,-0.3120025566495716,-0.0190227083581024,,,0.8471871947504739,0.882182413560628,0.252212282947715,,-1.8731703949185308,0.0,0.5086932625793613,-0.261437908496732,0.2292382795574684,0.3869200858651062,0.0,0.0,0.0,-0.674185205765128,0.0,0.0,0.0,-2.176104916980829,0.0,,0.5039400345954257,3.371362048894063,1.217176410518254,,,-0.0669158373485837,0.2379374909981276,,,,0.0,0.3887637344231542,0.1927754009568168,2.0752622997003507,1.382431819119528,0.3741757762349333,,,-0.1658305084745762,,-2.395743003547497,-2.333468742947416,,0.5655088360755637,,-0.5057699466435042,0.2219307343460842,0.1705026878366576,0.9354207436399216,,0.8082624885828708,-0.1387596899224806,-1.957805907172996,2.497792937399679,1.6021951342875929,0.0,-3.4916107382550337,-0.4265508408508742,4.32033105985133,2.146980777943176,-0.5280478683620045,,-0.2601403962720717,0.3469411764705882,,2.856844305120167,-0.5618474807081253,0.0,0.0,1.6909040641415538,0.0,0.1891604675876727,0.3371986201676273,0.4073643000740662,0.9315417977719194,0.6489089541008277,0.687518355359765,0.9194392839047458,-0.2761194029850746,1.372232099563601,0.73116273021343,-0.573208722741433,,,,0.0,0.0,0.0,1.948021722265322,0.7310054468371276,1.9004199160167967,0.7217459486580236,-0.2046511627906976,0.0,1.9040526498094907,1.026008535308801,,29.6811,0.0766845860888455
2012-03-31,0.675591250167493,0.0,,-0.1673791941961394,0.8223634069050213,0.402430172402942,-1.2788569779188916,0.7564623546675697,0.0,,0.3928238543563958,1.0752987395645768,0.0,0.3749752524252623,0.2797065062118523,,0.9212908833176404,,-0.3886208803193783,0.3930567114492926,,,0.797959273969852,0.7131946450929404,0.664724543712466,,-2.2450289975144986,0.0,0.9747976878612716,-0.261437908496732,0.9311071954706952,0.94479118125635,0.0,0.0,0.0,-0.6245738236847701,0.0,0.0,0.0,-2.6081254511911447,0.0,,0.5846626945992697,,1.0400204237937196,,,,0.1827260070094579,,,,0.0,0.675591250167493,0.2723555817825455,1.7756814670001793,1.1755933961652492,,,,0.0,,0.2697223942789571,-1.2817874069058903,,0.5655088360755637,,-0.1708648715721553,0.2438329977833364,0.2524342415744051,0.6134514368112061,,0.5657275346026839,3.4728682170542635,-1.957805907172996,-2.047953451043339,-0.4711446057356734,0.0,-2.095397890699904,0.1218398485354716,3.962909035175109,-0.5060513882596596,1.0531039640987283,,-0.1308129087903399,-0.2127058823529412,-4.591304347826087,2.3912225705329155,-0.7842714480254199,0.0,0.0,1.9176112800663527,0.0,0.065356004250797,0.4150734515649826,1.422424434804077,0.6379794200187091,2.4087283671933784,1.4193832599118943,0.6279344705286269,-0.2761194029850746,1.548731210602877,0.8291595550426155,-0.5856697819314641,,,,0.0,0.0,0.0,2.155159038013964,0.8242134090637476,1.4621075784843032,0.8060633836008888,-0.2,0.0,2.095600969864912,1.4089701264191965,,55.7293,-0.0802687331045165
2011-12-31,0.5345035508508643,0.0,,0.1461329187718616,0.6550050450039033,0.3472561960585222,-1.2788569779188916,-0.0011852353538774,0.0,,0.3365998819937918,-0.6956948764118513,0.0,0.3337952880617699,0.3030171854032293,,0.7369706250582015,-0.1825357671435619,-0.4104741468957505,-0.2789204613006776,,,0.834635164064707,0.490079938360782,0.5473686461175804,,-2.6989781828224246,0.0,0.8487823367762721,-0.261437908496732,0.4134145989196683,0.791937541538391,0.0,0.0,0.0,-0.6615354009315854,0.0,0.0,0.0,-3.1355177669046284,0.0,,0.5915817797424563,,0.8002655093183559,,,,0.1445100580920831,,,,0.0,0.5345035508508643,0.2950536365360703,1.380144616986947,0.9025044353674134,,,,0.0,,0.934990708936314,0.5756714060031596,,-0.8994515539305301,,-1.587541878644993,0.4979155227462225,0.2758029606886937,-0.5028324235245648,,3.965432445724724,-0.351937984496124,3.113924050632912,-0.2957463884430176,-1.162308431541146,0.0,-1.6579578139980824,,2.996704728331673,,,,,-2.4411764705882355,3.5047619047619047,-2.349425287356322,-1.6564911484339535,0.0,0.0,1.4409731821951894,0.0,0.1487778958554729,4.215461258488487,1.3063167918738758,0.8852793604898376,1.889841986455982,1.2729809104258445,0.8735010977875359,,1.1808631000484888,0.8628163656756449,-0.5856697819314641,,,,0.0,0.0,0.0,1.839410395655547,0.852211245723453,1.8156368726254748,0.8378724725946617,-0.2790697674418604,0.0,0.0,0.9158547387068202,,20.5461,1.3122354210116882
2011-09-30,0.4287610545357095,0.0,,0.8267910351081746,0.5135351129186042,0.3277124407876242,0.1837494587963631,0.9229597019979682,0.0,,0.3166841965743995,1.3467015878212474,0.0,-0.0455355375173233,0.5734383792909398,,0.5646597066299696,,-0.663988271877362,1.291879681369635,,,0.7760136411439774,0.5969469324857941,0.3904094761346051,,-2.8597763048881526,3559000.0,0.5022647588363498,-0.261437908496732,0.3109275253473526,0.538566724979565,0.0,0.0,0.0,-0.6024572451688585,0.0,0.0,0.0,-3.322330953717815,0.0,,0.0545838939073611,1.8579743888242144,0.8842277252999745,,,-0.0929436664114918,0.3419271208411349,,,,0.0,0.4287610545357095,0.63337478134418,1.5695979920947267,1.033307988376685,0.5045059643262243,,,0.0,,0.1554986204178163,0.5756714060031596,,0.5655088360755637,,2.6456135997021963,0.058223008561609,0.5468974607944713,2.4323823256772066,,-0.6042296072507553,-0.351937984496124,-1.957805907172996,0.4570626003210273,0.6054069091093015,0.0,-0.887823585810163,,2.651544179630623,,,,,0.6377647058823529,,6.979728317659352,1.7052882433045846,0.0,0.0,3.1108653580315178,0.0,0.3283740701381509,0.2905984330999711,2.0679998589214543,0.5995407772769793,3.70744920993228,2.036417033773862,0.5897652423577099,0.1753731343283582,2.4525618231776307,0.6557865591660029,1.1713395638629285,,,,0.0,0.0,0.0,3.194724592707525,0.6706749905303222,1.614877024595081,0.6314880658901006,0.3674418604651163,0.0,3.126428818843089,2.1984056687333924,,14.8343,0.0024874783441078
2011-06-30,0.4530517218276832,0.0,,3.830807099365203,0.6050363641412848,0.2519709486986913,-1.2788569779188916,0.7179704255559318,0.0,,0.2395012955029373,0.4701260435423146,0.0,-0.0183462020721969,0.1054716246049954,,0.7038742364825947,,-0.2252793799110245,1.262870051123529,,,0.7417746420390924,-6.0355677549841085,0.4487747253187799,,-3.482946699806684,8748000.0,0.6832180422628636,-0.261437908496732,0.4252000346630463,0.7066148216618412,0.0,0.0,0.0,-0.5679515410947158,0.0,0.0,0.0,-4.046322290847838,0.0,,0.1549106284835671,,0.7796987490426347,,,,-0.1722598300446493,,,,0.0,0.4530517218276832,0.2870661130898438,1.3913110289660824,0.9102140175292792,,,,0.0,,0.6928036488541022,0.5756714060031596,,0.5655088360755637,,1.8555652066013155,-0.2519878795273829,0.0777655425307433,2.7395200329591103,,-0.6042296072507553,-0.351937984496124,-1.957805907172996,-0.2682584269662921,0.2354964341712609,0.0,-3.1287152444870565,,3.982527396735382,,,,,2.3304705882352943,,3.476280041797283,1.550953245574217,0.0,0.0,0.9336466685098148,0.0,0.2013815090329437,0.3231902204630675,0.9167989278030544,0.5478357003146526,1.3393528969149735,0.8587371512481644,0.5384225637561223,-0.1940298507462686,0.7782985830504822,0.7214334866734938,-0.5109034267912772,,,,0.0,0.0,0.0,1.3033359193173002,0.7162914918743075,1.458508298340332,0.6981253380190833,-0.1255813953488372,0.0,1.2431589885694492,0.4472179724615508,,18.7016,0.0181535269709544
2011-03-31,0.396811771405601,,,3.2278792589713694,0.5442988370263173,0.2218539295199654,,1.2356360763065808,0.0,,0.2088111302087341,0.0969062039613684,,-0.0291691414241404,-0.2246872429764945,,0.6517119000072429,,0.0842375452105938,,,,0.7039143412396152,0.2517480496966194,0.4450864734699768,,,8881000.0,0.7654695347294608,,0.3306276899968225,0.6138132815901851,,,,-0.5297963271662105,,0.0,,,,,0.1249279261964251,,0.519479193260148,,,,-0.3911853665562437,,,,,0.396811771405601,-0.0316128896288646,0.9576308083696868,0.6107898785210334,,,,0.0,,0.3681232051354243,,,,,-2.0656408983744883,0.0804506538140849,-0.2532153686757183,-0.2613039447934905,,0.3574790978711445,,,-0.7754815409309791,-0.7985939001567953,,-3.719798657718121,,3.8875009579278106,,,,,-0.961764705882353,-4.048033126293996,-0.4050156739811912,-1.7201543349977304,0.0,0.0,1.67459220348355,0.0,0.0,0.116512138556778,1.1725743307586498,0.3859171698273663,2.143867569601204,1.1813509544787075,0.3776389123458875,,1.3532676041161575,0.4403495938924018,0.0,,,,0.0,0.0,0.0,1.8355314197051973,0.4589957887785837,1.1165766846630674,0.4182944072910037,-0.0697674418604651,0.0,0.0,1.1522666881391417,,21.2472,-0.0600643849542527
2010-12-31,0.2098393742462816,,,0.3275035626376473,0.3031939348870505,0.1750043006331371,,-0.6674003837904955,0.0,,0.1610699229539177,-0.7212309706989687,,0.8881409621857058,0.129128609151119,,0.3983086214091832,-0.2802170695609274,-0.2474573004012519,0.8736178813458566,,,0.6622285300033695,0.0731291534238659,0.2374004773346233,,,,0.5265232635269591,,0.0900083769028568,0.4256968900636349,,,,-0.487785803955465,,0.0,,,,,1.436863348068422,,0.4010620372734235,,,,-0.6151999615920112,,,,,0.2098393742462816,0.1257349996838711,0.6409759512365862,0.392163103637296,,,,0.0,,0.7339377217185652,,,-0.8220597196831201,,-0.1949373371386028,0.1062981717609257,0.1014814292456156,0.739417035740035,,2.716784936415373,,2.845991561181435,0.0642054574638844,-1.1923271458196347,,-1.889261744966443,,2.1586328454287687,,,,,0.1798823529411764,-16.73871635610766,2.7180773249738768,0.0224693599636858,0.0,0.0,0.2502073541609068,0.0,0.1466524973432518,2.560269297395892,0.4763517088138821,0.375712220426907,0.5944319036869827,0.4209985315712188,0.3675054889376794,,0.2367329346479176,0.3029004589368054,-0.5482866043613707,,,,0.0,0.0,0.0,0.3157486423584174,0.3200416868382619,1.2149570085982804,0.2800155515928436,0.0651162790697674,0.0,0.0,0.0610355101054835,,17.9458,0.0038672001248203
2010-09-30,-0.0012226986466568,,,0.1689337997149889,-0.0071710024901028,0.1740560634731493,,0.0932949542837792,0.0,,0.1601036402349862,-0.525290554918972,,-0.070613079918168,0.1566382407687979,,0.0615228615476941,,-0.2732469956831175,,,,0.7181681114435176,0.0340075122796879,-0.0017586012438495,,,,0.1695821093527906,,0.0911638117796585,0.0375086896404207,,,,-0.5441611272320663,,0.0,,,,,0.0,,0.2854020934388562,,,,-0.7561572807143886,,,,,-0.0012226986466568,0.1525216548293957,0.5716212639900288,0.3442788180998355,,,,0.0,,,,,,,-1.0146420151383546,0.2664877066682936,0.1290595555169813,-0.6313729529302708,,,,,-0.5539727126805778,0.0586465024530878,,-0.8283796740172579,,0.8478810636830408,,,,,-1.2902352941176471,,2.668756530825496,-1.0026100771674988,0.0,0.0,0.4517555985623445,0.0,0.0786397449521785,-0.2068481434118673,0.4879201495432582,0.1998469257589931,0.8129420617005267,0.4516886930983847,0.1928728255362269,,0.3934055277194117,0.0279480052233185,-0.5856697819314641,,,,0.0,0.0,0.0,0.5927075252133437,0.0645447161223543,0.957008598280344,0.005873115509673,0.0744186046511627,0.0,0.0,0.1808519204444802,,12.8015,0.4072725852439166
2010-06-30,0.0,,,-0.1409509003756963,0.0116760212661571,0.150878797668847,,-0.14939609436731,0.0,,0.1364852962554406,-0.7285971517433295,,0.2572427902065597,0.3271286957274577,,0.0911564766624934,,-0.4330781756479128,,,,0.6816555883424036,-0.0003178272175671,0.002688682144852,,,,0.1739183170662371,,-0.0856754961148502,0.0867512585655027,,,,-0.5073641895275531,,0.0,,,,,0.2721506822986738,,0.2743732448302272,,,,-0.875414086129915,,,,,0.0,0.3185314759004404,0.5107694409110699,0.3022651318232454,,,,0.0,,,,,,,1.799230673780866,-0.0344904724137229,0.2999745048793321,1.6213822226799877,,,,,1.0529695024077046,0.6517373931515856,,-0.6354266538830298,,0.5897769944057016,,,,,1.5581176470588236,,2.928735632183908,1.5750113481615975,0.0,0.0,0.0577826928393696,0.0,0.0154091392136025,-0.1317943322835092,0.254717313864494,0.1423590441364061,0.3837471783295711,0.2174743024963289,0.1357878736699881,,0.0992403426539518,0.1277567364012202,-0.3613707165109034,,,,0.0,0.0,0.0,0.3227307990690458,0.1550606565778306,0.8418316336732653,0.1065218949485559,-0.2046511627906976,0.0,0.0,-0.1660359127143892,,12.9818,0.0688887519450306
2010-03-31,0.0741868216534905,,,50.723668869024486,0.1314107805716436,0.13673915506195,,0.0651879444632577,0.0,,0.1220765672165071,-0.7341627107546244,,0.3807826832970369,0.006796242586901,,0.2252251320096157,,-0.1327733053319332,,,,0.6470490135016014,-0.0067321583357411,0.0966696154863815,,,,0.3695707381787169,,0.2001790924059042,0.2207054078210583,,,,-0.4724880464832308,,0.0,,,,,0.2667691716317509,,0.2771304569823845,,,,-0.8786787651831581,,,,,0.0741868216534905,0.006617631562309,0.4993981406387393,0.2944140894382261,,,,-0.7712372881355932,,0.0352215777915423,,,,,0.7785084998138727,-0.1681817257438025,-0.0211555256605677,0.7330312081573798,,0.1950396964800112,,,-0.1882022471910112,-0.3540539173536998,,-0.5397890699904123,,0.4637903287608246,,,,,0.6317647058823529,0.4091097308488612,-0.0263322884012539,0.6428733545165684,0.0,0.0,0.024606027094277,0.0,0.0823591923485653,-0.150697835717251,-0.4429160935350756,0.1893018113785186,-0.5083521444695259,-0.197503671071953,0.1824016213477453,,0.0817843866171003,0.099028484424866,-0.2118380062305296,,,,0.0,0.0,0.0,0.1450737005430566,0.1280067492976233,0.9474105178964208,0.0882531173776018,-0.386046511627907,0.0,0.0,-0.1309284161365649,,12.6212,0.0028523436757201
2009-12-31,-0.0074994975211041,,,0.0209871745044694,0.0220931057784579,0.1216848412122331,,-0.6839936787447793,0.0,,0.1067357601566575,-0.7339990178425274,,0.3055500560945027,-0.1354919700445868,,0.1030278573916762,0.6235816477553034,0.0006188715232863,0.6227559148733801,,,0.6105909460650677,-0.0286526052200712,0.0,,,,0.2659490192362361,,0.1286576735318755,0.1008685820798606,,,,-0.4357459886261516,,0.0,,,,,0.2364020757255429,,0.2480673985192749,,,,-0.8785827452110039,,,,,-0.0074994975211041,-0.1319311260511285,0.4605376610293929,0.2675838004467785,,,,-0.7712372881355932,,0.8040430204403402,,,-0.7196831200487508,,-2.509244323117012,0.2369593069367335,-0.1637980135503854,-0.8187248944278505,,2.29607250755287,,2.4915611814346,-0.2618378812199037,-0.4471195184866724,,-2.7739693192713326,,3.246532301325772,,,,,-1.0535294117647058,-11.057556935817804,-3.266457680250784,-2.097026781661371,0.0,0.0,-1.203760022117777,0.0,0.283740701381509,2.1359508355521912,-0.299298134236236,0.1753550471978909,-0.9890142964635064,-0.4380323054331865,0.1685526093565276,,-0.876784655999138,0.0605818256690345,-0.573208722741433,,,,0.0,0.0,0.0,-1.0612878200155158,0.0831052845866055,1.0825834833033394,0.037895061500468,-0.3627906976744186,0.0,0.0,0.4217730896207424,,15.9027,-0.0634923629320806
2009-09-30,-0.0452691611952298,,,0.4119704624951418,-0.0533381880567632,0.1485627493842752,,0.0384354893328818,0.0,,0.1341251720923869,-0.6652479947618268,,0.5117138520424999,0.2957014847842085,,0.015817011047075,,-0.4036158329655613,,,,0.586194808333078,-0.1887989983627082,-0.0079484499987973,,,,0.1129081777693546,,0.0359340246685346,-0.00939627052092,,,,-0.4111598169757088,,0.0,,,,,0.3555640976359792,,0.0942149604288996,,,,-0.8382543569062365,,,,,-0.0452691611952298,0.2879301987396995,0.1766307827586501,0.0715670845637425,,,,0.0,,0.4091446590461174,,,,,1.7930264300781735,-0.0630020539727086,0.2684690451263636,1.3109486043876817,,,0.1031007751937984,,-0.6225922953451043,0.3024632036821607,,0.0750239693192713,,-0.0211510460571691,,,,,1.2636470588235291,,4.22110762800418,1.459146618247844,0.0,0.0,-0.3464196848216754,0.0,0.0759829968119022,-0.0760975219371005,0.0339293901879871,0.0848711625138192,-0.0517682468021068,-0.0198237885462555,0.0787029218037493,,-0.2261731587737729,0.1942250903514903,-0.411214953271028,,,,0.0,0.0,0.0,0.0,0.2141230875808467,0.8198360327934413,0.1732525635150075,0.0186046511627906,0.0,0.0,-0.5029390450116756,,14.1382,0.1097240101285878
2009-06-30,-0.0407845370494439,,,0.073325560305739,-0.042785335855321,0.1432005941167338,,-0.161135568348572,0.0,,0.1286609715844471,-0.7209035848747749,,0.6056886425130337,-0.0235487641227652,,0.0299578190045561,,-0.1043255061303789,,,,0.5734249549889897,-0.1375806606953674,-0.0183396986858598,,,,0.2016943049369847,,-0.1606632196192842,0.0197703643155619,,,,-0.3982904927524301,,0.0,,,,,0.4751105131654815,,0.1557926984937452,,,,-0.8709011474386672,,,,,-0.0407845370494439,-0.0229298826108031,0.2674304446929663,0.1342575401246029,,,,6.779661016949152e-05,,0.5023931527676108,,,,,-0.0785457252760888,-0.0562300449433632,-0.0515760866617122,-0.1280255433103306,,,,,0.2319422150882825,-0.961054069091093,,-0.1915148609779482,,0.0242164150509617,,,,,-0.5447058823529412,,5.373876698014629,-0.1431003177485247,0.0,0.0,0.5208736521979541,0.0,0.1461211477151966,-0.178346168530952,0.5031566324551194,0.0889531422740028,0.8884875846501129,0.4406754772393539,0.0827562911670325,,0.4595657561553795,0.0546237747687706,-0.573208722741433,,,,0.0,0.0,0.0,0.8083785880527541,0.0900976541531879,0.8774245150969806,0.0330384467520845,-0.1906976744186046,0.0,0.0,0.1718334809565987,,12.0933,-0.1113757204402437
2009-03-31,-0.1767260150073697,,,1.4470786371291615,-0.226263025212677,0.1202582897326055,,0.3528050570041765,0.0,,0.1052820604910084,-0.7297430021280079,,0.4800369563782749,-0.0163412839271027,,-0.1747527945340603,,-0.1110823657124885,,,,0.539716898613763,-0.1178561109505923,-0.1948038411272153,,,,-0.0623443570548659,,-0.111210606892169,-0.2417209689617503,,,,-0.3643198671907692,,0.0,,,,,0.3670959062079569,,0.1669849374521317,,,,-0.8760862259349945,,,,,-0.1767260150073697,-0.0159118211131952,0.3023980467316048,0.1584000848761338,,,,0.0,,,,,-0.7196831200487508,,0.4718947760268023,-0.1396701441848168,-0.0443506609745645,0.5900710680811618,,0.0789714044825405,,,0.6819823434991974,0.2126093773708967,,-0.7993767976989453,,0.8009809180780136,,,,,0.4429411764705882,-1.3333333333333333,1.974921630094044,0.360531093962778,0.0,0.0,0.0995299972352778,0.0,0.1068012752391073,-0.4691096613275134,0.2605015342291821,0.0488136746321966,0.4310007524454477,0.2001468428781204,0.0428981590947475,,0.1302731533861322,-0.3211972452954914,-0.5233644859813084,,,,0.0,0.0,0.0,0.2963537626066718,-0.2642384454738991,0.8006398720255948,-0.3431732634235658,-0.1720930232558139,0.0,0.0,-0.106449794669458,,9.8791,0.0078549665455355
2008-12-31,-0.1686067935146724,,,1.8647493198600853,-0.2027567012154293,0.104566223456702,,0.0909244835760243,0.0,,0.0892913641688686,-0.7423473563594697,,0.6859367781957368,-0.1051469633349205,,-0.1479473410107573,1.3586581154415391,-0.0278289276782679,0.3814053025799548,,,0.5142316475901667,-0.1580757006645478,-0.1774476762677029,,,,0.0,,0.067824027268263,-0.2274584998051992,,,,-0.3386360985916459,,0.0,,,,,0.5039400345954257,,0.1402706152667858,,,,-0.8834797637908685,,,,,-0.1686067935146724,-0.1023836118780164,0.2310969206996935,0.1091719272187151,,,,0.0,,,,,-0.7196831200487508,,-2.622781982876288,0.2840786610538303,-0.1333774525492408,-1.8966937892676896,,0.5806224970139816,0.0372093023255813,2.4915611814346,0.4997993579454253,3.579738000101158,,-0.484659635666347,,0.4947505555981301,,,,,-2.340235294117647,7.127122153209109,6.025078369905956,-2.266000907852928,0.0,0.0,-3.8310754769145694,0.0,4.015940488841657,5.779091771524034,-1.5283744224597045,0.6560081639595203,-3.901881113619263,-1.6516886930983847,0.6458368518831279,,-2.9652497171488603,0.3273460231798306,0.0373831775700934,,,,0.0,0.0,0.0,-4.370054305663305,0.3127920661317733,1.4741051789642072,0.3031061917494022,0.5116279069767442,0.0,0.0,-0.7087527176101135,,11.9875,-0.0882335766423358
2008-09-30,0.4030885702800482,,,0.7221142635056355,0.5877136412585665,0.1753987001598576,,0.2799977424088498,0.0,,0.1614718281555971,-0.3494843673268947,,0.1867616973536593,0.3458508289684429,,0.7190497377052573,,-0.4506297778657049,,,,0.4595445464353662,-0.0561398439757295,0.5341657735573724,,,,0.8773164029186014,,0.1944019180218955,0.753061427163625,,,,-0.2835230118060272,,0.0,,,,,0.1376129156256006,,0.2097319377074291,,,,-0.6530318306207691,,,,,0.4030885702800482,0.3367615755864191,0.4118083952978136,0.2339398440401039,,,,-0.0934745762711864,,,,,,,1.9939198411713608,-0.0488072722835702,0.3187432532858871,1.8063652281388405,,0.2627696198974215,-0.1271317829457364,,1.6801765650080256,0.6637499367760862,,-0.6898370086289549,,0.579661276726186,,,,,2.918,3.804554865424431,-1.9113897596656213,1.782569223785747,0.0,0.0,-3.398672933370196,0.0,-0.0377258235919234,1.0939506454834498,-1.4976192995450217,0.2712815715622076,-3.4443942814145974,-1.5945668135095448,0.2638067893936835,,-2.63768115942029,1.7616822986936285,0.5358255451713395,,,,0.0,0.0,0.0,-3.200155159038014,1.6563965394657685,0.9534093181363728,1.743353105865948,0.7162790697674418,0.0,0.0,-2.262823093646832,,15.5169,-0.12204112934929
2008-06-30,1.0303078520702131,,,4.940277237984195,1.473375647596449,0.2280636241959913,,2.066768258268428,0.0,,0.2151389993415595,0.4156163038140448,,1.1502672738071669,-0.0084411930219471,,1.676761823957288,,-0.1184885331223083,,,,0.4223649414431432,-0.0413656939227583,1.311226985174831,,,,1.9193253103382923,,0.6608509777867645,1.6927725109432177,,,,-0.2460537959704472,,0.0,,,,,1.53795886988276,,0.2999438345672708,,,,-0.2042344807720005,,,,,1.0303078520702131,-0.0082193513035048,0.4379999487779267,0.2520231758998933,,,,0.0,,2.8674756461512474,,,,,-0.444347933986847,0.0179163362007605,-0.0364309000862494,-0.455762694407251,,0.2484367315393803,0.0581395348837209,,-0.5347110754414125,,,-0.1354266538830297,,0.1275193501417733,,,,,-1.4935294117647058,-0.419047619047619,3.4152560083594565,-0.5424421243758512,0.0,0.0,1.3386784628144872,0.0,0.2093517534537725,1.0799022313069893,0.984093393997108,0.253933157581427,1.7194883370955605,0.9173274596182084,0.2465799695997297,,1.0597489359409515,1.707223242683832,-0.087227414330218,,,,0.0,0.0,0.0,1.4809930178432893,1.6402525112370134,1.1269746050789842,1.6878343538161134,0.6139534883720931,0.0,0.0,0.8453176584266044,,23.0914,-0.097343599781737
2008-03-31,0.7103921010317567,,,2.796735328410416,1.031661642233625,0.1875747366124437,,1.0090868043797268,0.0,,0.1738795823606372,0.2144377148469471,,0.8562000923909456,0.0625730487857668,,1.1915113764524508,,-0.1850628763322224,,,,0.3821902748990017,-0.0119522296060868,0.9006336844299646,,,,1.3818326542215484,,0.4895577573009041,1.2269543096796864,,,,-0.2055661885259959,,0.0,,,,,1.1097443782433212,,0.3083788613735001,,,,-0.3222430265495223,,,,,0.7103921010317567,0.0609285759446985,0.4901440193960917,0.2880248026924595,,,,0.5818135593220339,,1.105608423897742,,,-0.6422912858013407,,0.2432063531455515,-0.0280438451996014,0.0347601560084405,0.6098465341435781,,0.2495608796458933,,,-1.2903290529695024,-1.0406150422335745,,-1.2871524448705656,,1.4073109050501955,,,,,0.46,-0.1639751552795031,0.212748171368861,0.1578529278256922,0.0,0.0,0.2449543820846005,0.0,0.4293304994686504,0.5621383066875854,0.4601276760836595,0.2552938175014882,0.4818660647103085,0.3140969162995595,0.2479310927208242,,0.173589785033134,1.034797921509344,-0.5482866043613707,,,,0.0,0.0,0.0,0.4398758727695888,1.0034769415877864,1.2861427714457108,1.0130993933575585,1.3395348837209302,0.0,0.0,0.0033819148079555,,18.8954,0.1031044592863871
2007-12-31,0.4433664411094734,,,0.5876408861251458,0.6517651342403027,0.1690211758979931,,-0.3696241110734846,0.0,,0.1549729355326954,0.0685873301686037,,0.5565894542334852,0.0136574174278169,,0.7730262363722274,0.4400592007893438,-0.1392055110001877,0.7150160504101771,,,0.3447520055000221,-0.0788693055956852,0.5844008327965768,,,,1.1115095233582868,,0.100696149513273,0.8200499606578917,,,,-0.1678362934151043,,0.0,,,,,1.0978281760522774,,0.2142455961194792,,,,-0.4077968217389217,,,,,0.4433664411094734,0.0132984889038757,0.3715136976361013,0.2061193334865819,,,,0.5818135593220339,,1.348977982994538,,,-0.6422912858013407,,-0.2083385035364189,0.0,-0.0142772675740036,0.1368833041507879,,0.6171573104756551,,2.2236286919831225,-0.1896067415730337,-1.702316524202114,,-0.5836529242569511,,0.4423327458042762,,,,,-0.3375294117647058,-0.8231884057971014,1.167398119122257,-0.0060145256468452,0.0,0.0,-0.1045064970970417,0.0,4.710414452709883,3.251290883536212,0.5370154833703664,0.7002296113615103,0.0818660647103085,0.3110132158590308,0.6897483533186962,,-0.1128171973492807,0.8509067659313925,0.1370716510903426,,,,0.0,0.0,0.0,-0.3793638479441427,0.8289209023640772,2.035592881423715,0.8247426710946714,1.6418604651162791,0.0,0.0,-0.063612207102021,,17.5059,-0.0505829463209546
2007-09-30,0.2240427777033364,,,1.4045860862806063,0.3286565478596532,0.1688449548328627,,0.1865334687888023,0.0,,0.1547933608681152,0.0235717793419544,,0.3765590972084736,0.043504610190035,,0.4137669387909954,,-0.1671866202005752,,,,0.3058298192412284,-0.0283444091303091,0.2940498876152244,,,,0.6748109542310243,,0.0287703284323637,0.4212966853318869,,,,-0.1286109224616355,,0.0,,,,,0.4028445127810878,,0.2538881797293847,,,,-0.4342023140813289,,,,,0.2240427777033364,0.0423612721026786,0.4610840298112467,0.2679610277085212,,,,-0.3231694915254237,,-0.1503463032828425,1.0795757165425413,,,,0.3679116515696736,-0.066398226669107,0.0156442400013018,0.5209599340817798,,0.0342865172486475,,,-0.0369181380417335,,,-0.839405560882071,,0.8215188903364242,,,,,0.0292941176470588,4.790062111801242,0.1600835945663531,0.2767816613708579,0.0,0.0,0.4915675974564556,0.0,0.1052072263549415,0.1193915132639638,0.380559376432829,-0.0052725571902372,0.726260346124906,0.3208516886930984,-0.0108089849687552,,0.3485803566618178,0.4571877522933294,-0.4485981308411215,,,,0.0,0.0,0.0,0.6322730799069046,0.4652893265084133,0.7358528294341132,0.4372365080158035,1.7116279069767442,0.0,0.0,0.2108060230292294,,17.2197,0.1217609927680335
2007-06-30,0.2167107731475278,,,2.9076305220883536,0.3354696173511107,0.1448872814544111,,0.4038266169996614,0.0,,0.1303797576597145,0.2272057619905058,,0.6835610110209199,-0.0271633262629323,,0.412801225076826,,-0.1009369309045162,,,,0.2760425707157857,-0.0321583357411152,0.2795320730915301,,,,0.6386657822420165,,0.0008088044137612,0.4055216457987975,,,,-0.0985916459152243,,0.0,,,,,0.8518162598500865,,0.2735971406688792,,,,-0.314753468721494,,,,,0.2167107731475278,-0.0264494509894834,0.4543227161358067,0.2632928403444556,,,,0.1588135593220339,,-0.1688439664395517,1.9909726923944933,,-1.2626447288238878,,0.0253133143069859,-0.0766477538486567,-0.0551996484928044,-1.1788031723143475,,0.0351296283285322,,,-0.6942215088282504,,,-0.3485139022051773,,0.4190359414514522,,,,,-1.2314117647058824,-19.7664596273292,0.1316614420062695,-1.4470040853381751,0.0,0.0,4.299972352778545,0.0,0.2513283740701381,-0.1002495902684804,0.6601770535745777,-0.0042520622501913,1.2391271632806622,0.5715124816446402,-0.0097956426279344,,3.3186789504875813,0.1443759922408795,-0.1993769470404984,,,,0.0,0.0,0.0,4.778122575640031,0.2008533850806492,-3.9832033593281344,0.1493821717060922,55.88372093023256,0.0,0.0,2.926322570255254,,19.4524,-0.1028273968695403
2007-03-31,0.163954676403591,,,1.7204301075268815,0.3273667548128103,0.0501810461657233,,0.3911841065583022,0.0,,0.0338712022096234,0.2727123915534457,,0.8992278756681845,-0.0380719449374485,,0.3811327132071697,,-0.0298377237702464,,,-0.8961038961038961,0.2831218071112291,0.0116632957719348,0.1956590879327348,,,,0.58677532455226,0.0,-0.2164129524249689,0.3713054704628618,,,,-0.1057260260816475,,0.0,,,,,1.155871612531232,,0.3367475108501404,,,,0.0,,,,,0.163954676403591,-0.0370713819047819,0.5320095273056336,0.3169298416234918,,,,-1.222728813559322,,-0.3188524128610845,,,5.730042656916514,,0.0420647723042561,-0.0896426900941573,-0.0661354279111901,0.1276135544340302,,0.095833626080236,,,-0.2080658105939004,0.0892721663041828,,-0.5534515819750719,,0.3601808567706338,,,,,0.0372941176470588,-0.1739130434782608,0.1559038662486938,0.0141852019972764,0.0,0.0,-0.3602432955487973,0.0,0.2619553666312433,-0.2323090184283315,0.0318132120057842,0.069223573433115,-0.1724604966139954,-0.0854625550660792,0.0631650059111636,,-0.2949194547707559,0.0,-0.2118380062305296,,,,0.0,0.0,0.0,-0.2505818463925524,0.0319548453353481,0.9414117176564688,-0.0220502472833582,1.2697674418604652,0.0,0.0,-0.4150092600048313,,27.1308,-0.0696906283581244
2006-12-31,0.1595161128232614,,,0.7874076952973184,0.3264534085404048,0.0425280170514859,,0.5086917259284344,0.0,,0.0260725310621413,-0.0910132591258798,,0.2126311621461097,-0.0519025150426388,,0.3954390720870798,0.3897385298470646,-0.0168718580856579,1.7113304006657948,,-0.8961038961038961,-0.6194944472239523,-0.0091784647982278,0.2096797902507209,,,,0.6489377428219464,0.0,-0.2936537739391663,0.3108255731343055,,,,-0.072852997468667,,0.0,,,,,0.5969632904093792,,0.2615266785805463,,,,-0.2133563781266503,,,,,0.1595161128232614,-0.0505384728866783,0.4950613384327753,0.2914198480481436,,,,-1.222728813559322,,,,,-0.5137111517367459,,-0.2412209951606899,-0.0562097085799117,-0.0800004339595007,0.1015552580080337,,0.0444038502072648,,1.7784810126582278,0.2433788121990369,0.6051793030195741,,-0.6155321188878236,,0.2985669399954019,,,,,-0.0307058823529411,0.3908902691511387,0.7962382445141066,0.0082841579664094,0.0,0.0,-0.1904893558197401,0.0,3.4149840595111582,2.599316752892296,0.0430994956441999,0.0069733820903138,-0.0042136945071482,-0.0302496328928047,0.0013511231210944,,-0.1744518075534723,0.1119480702438813,-0.0124610591900311,,,,0.0,0.0,0.0,0.0923196276183087,0.1377134222301445,0.7498500299940012,0.0911788150815698,1.5255813953488373,0.0,0.0,-0.3467267895965858,,20.3498,-0.0977897050959577
2006-09-30,0.1097246415650542,,,0.5472211426350564,0.2490781682470231,0.0479573041533626,,0.8328818151032849,0.0,,0.0316051409661116,0.0720248813226387,,-0.1181284234145053,-0.016319639842431,,0.3020821477473003,,-0.0502300477342707,,,-0.8961038961038961,-0.6194944472239523,-0.0057305210440142,0.1518597609050649,,,,0.554579740358192,0.0,-0.2409081718131661,0.2538673674400128,,,,-0.0996755229020463,,0.0,,,,,0.11032096867192,,0.2395915241256063,,,,-0.1177204858610591,,,,,0.1097246415650542,-0.0158907458534426,0.5011738391797639,0.2956400780388897,,,,-0.4253559322033898,,,,,-3.3954905545399146,,0.0156346941307854,-0.0648729994102454,-0.044328962999528,0.7253064167267483,,0.1660928827373006,,,0.5347110754414125,0.8482626068484144,,-1.1874400767018216,,0.3387232738140853,,,,,0.7284705882352941,-0.250103519668737,-0.0012539184952978,0.6806627326373128,0.0,0.0,0.0,0.0,0.0005313496280552,-0.0058337765491852,0.2009663880365393,0.1542648184369419,0.2612490594431904,0.162848751835536,0.1476102009795642,,0.0156241581811324,0.2973412008214264,-0.0996884735202492,,,,0.0,0.0,0.0,0.1667959658650116,0.3127677589374515,0.8446310737852429,0.2764556269181565,0.627906976744186,0.0,0.0,-0.1686126097109268,,22.6682,0.0485386363019215
2006-06-30,0.2294444258341149,,,0.8270501360279829,0.4358698234711478,0.0338847933808011,,0.2969296760356699,0.0,,0.0172648213232087,-0.055819283025045,,-0.1231439318946743,-0.0255400199125578,,0.4714200475269106,,0.0903045152257612,,,-0.0519480519480519,-0.6194944472239523,-0.017962053356448,0.308182841076435,,,,0.7533933478631669,0.5664488017429193,-0.1042779976313585,0.4776743084574074,,,,-0.0628923051593916,,0.0,,,,,-0.3474918316355948,,0.2262343630329333,,,,0.4314177348888569,,,,,0.2294444258341149,-0.0248688065080402,0.479489828149944,0.2806688710884775,,,,-0.1923050847457627,,,,,-0.6380255941499086,,-0.4001737188236754,-0.0053891363146442,-0.0535723003650684,-0.0382119682768565,,0.068573034497295,,,-0.0720304975922953,0.0932679176571746,,-0.1028283796740172,,0.3096022683730554,,,,,-0.5425882352941176,,0.044723092998955,-0.1497957330912392,0.0,0.0,0.9593585844622616,0.0,-0.0557917109458023,-0.0581526985593122,0.6376044862977462,0.0362275703716302,1.329119638826185,0.6328928046989721,0.0304002702246242,,0.7802381337212435,0.2246352075510546,-0.0498442367601246,,,,0.0,0.0,0.0,1.027152831652444,0.2520038243319066,0.6634673065386922,0.2045772942400462,0.2651162790697674,0.0,0.0,0.5918350913922216,,21.5562,0.0760059750790956
2006-03-31,0.2008701259547099,,,0.8537375307682342,0.4186766970189735,0.0,,-0.3429845355006208,0.0,,-0.0172648213232087,-0.1553445735799639,,-0.2839041773906157,0.0377689277520453,,0.4427728399915845,,0.0710281890906139,,,0.2045454545454545,-0.6194944472239523,-0.0348550515265337,0.279649669527289,,,,0.6949682554723775,0.738562091503268,-0.1423495768219763,0.4892554028555495,,,,-0.0312815130373937,,0.0,,,,,-0.4482029598308668,,0.1958846055654838,,,,0.5626770368236593,,,,,0.2008701259547099,0.0367763282682459,0.4495419892945866,0.2599921018042073,,,,0.3324237288135593,,,,,-0.3851310176721511,,0.7065392728626381,-0.1272852988428609,0.0098942766166347,0.7557935935729735,,-0.0303519988758518,,,0.2855136436597111,0.3342268979818926,,-0.7317833173537871,,0.7163767338493371,,,,,0.5117647058823529,,0.1442006269592476,0.5744439400817067,0.0,0.0,0.85374619850705,0.0,0.0037194473963868,-0.2333977455179623,0.5587415793743167,-0.0835105025937579,1.2331075996990215,0.5343612334801762,-0.0884985644316838,,0.7114918377242605,-0.0065193950920311,-0.249221183800623,,,,0.0,0.0,0.0,1.0364623739332817,0.0353213917489228,0.5674865026994601,-0.0265528243734293,-0.027906976744186,0.0,0.0,0.4649327643127466,,18.5557,0.1723459637739345
2005-12-31,0.2573948144177944,,,1.5768881979531026,0.5244705831530811,-0.0305785505397819,,0.4686194830116266,0.0,,-0.0484253012151218,-0.2440661319364871,,-0.2796805913020524,-0.0919657157698801,,0.5647631759564877,0.4647261963492846,0.1926516615685856,0.9725359648079897,,0.2045454545454545,0.1832501182708965,-0.0750553789848791,0.3628758742894101,,,,0.8287690704065195,0.738562091503268,-0.0774719084895577,0.5242125848911026,,,,-0.0050763858876472,,0.0,,,,,-0.1199308091485681,,0.1535869287720194,,,,0.5106342119160785,,,,,0.2573948144177944,-0.0895487786886973,0.3782750113115412,0.2107875208506474,,,,0.3324237288135593,,1.059547271805845,,,-0.3851310176721511,,-0.7560491376101254,-0.0094767453683932,-0.1201633857520246,0.2953960243073437,,-0.0570505164055364,,1.3333333333333333,0.422752808988764,-1.4046330484042284,,-2.0062320230105466,,2.5807341558740133,,,,,-0.3584705882352941,-1.5701863354037269,0.0998955067920585,-0.6230140717203813,0.0,0.0,2.352502073541609,0.0,4.016471838469713,-1.003666325987899,1.464042605720735,-0.1158261756952121,2.8746425884123403,1.3212922173274595,-0.120587738557676,,1.8868595442055924,0.0084266649327849,0.0,,,,0.0,0.0,0.0,2.6276183087664857,0.0603375459051492,0.9526094781043792,-0.013666288012893,-0.1813953488372093,0.0,0.0,1.550366374104195,,15.1341,0.453191802052159
2005-09-30,0.2474289829827147,,,0.5355616012436845,0.5471005884295073,-0.0813218258180643,,3.01506942092787,0.0,,-0.1001342534397099,-0.0839744639057128,,-0.2366528080248135,0.0334184667330418,,0.583311777223642,,0.0751066538834188,,,0.2045454545454545,0.1782129692972156,-0.2384185688144081,0.3946162213592544,,,,0.8473344072775514,0.738562091503268,0.0216066321961928,0.4176374872997563,,,,0.0,,0.0,,,,,-0.0572746492408226,,-0.0162981873883073,,,,0.604541744682894,,,,,0.2474289829827147,0.032540201057978,0.0886654088802001,0.0108334954231723,,,,-0.2309830508474576,,,,,,,0.5315796004467055,-0.1026986354300124,0.0055329836343023,0.2705736945102482,,-0.1587859200449659,,,0.3103932584269663,,,0.1912751677852349,,-0.012874549773929,,,,,-0.0731764705882352,,-0.193521421107628,0.3098048116205175,0.0,0.0,1.280619297760575,0.0,-0.079702444208289,,0.7133636652206116,-0.2389658984607534,1.74778028592927,0.7183553597650514,-0.2428643810167201,,1.0502666882172296,0.6545598378820635,-0.249221183800623,,,,0.0,0.0,0.0,1.1854150504266874,0.6563479250771247,0.377124575084983,0.6369810796193769,-0.1581395348837209,0.0,0.0,0.9003945567275948,,14.1679,-0.0876700146104926
2005-06-30,-0.0448294921613292,,,0.5705402254178003,0.1490605801600207,-0.1257714916274015,,-0.0498363246416074,0.0,,-0.1454298247864344,-0.2028155180880667,,-0.5518379198838513,-0.065798017401844,,0.143408486554161,,0.1681200002029087,,,0.2045454545454545,0.2305448629589166,-0.2373013579890205,0.0276084359406779,,,,0.3504141002558514,0.738562091503268,0.0989629971980704,0.1378807208390945,,,,-0.0527395333840971,,0.0,,,,,-0.5162406304055353,,-0.0394996170538677,,,,0.534831244898939,,,,,-0.0448294921613292,-0.0640687896478324,0.0906459957144198,0.0122009442469895,,,,1.1655593220338982,,,,,,,-0.4144434793398684,-0.04087609053749,-0.0939305339329207,-0.292203110516016,,-0.0224829621302606,,,-0.2191011235955056,,,-0.4582933844678811,,0.1161774848647406,,,,,-0.4307058823529411,,-0.0079414838035527,-0.3580344984112574,0.0,0.0,0.1092065247442632,0.0,0.1455897980871413,,0.2276302331322964,-0.0739858831533293,0.437923250564334,0.1505139500734214,-0.0790407025840229,,0.1421259630407844,0.1170456823637142,-0.1993769470404984,,,,0.0,0.0,0.0,0.3110938712179985,0.1454532380221236,0.6854629074185163,0.096637076648067,-0.2651162790697674,0.0,0.0,-0.1132136242853691,,12.8741,0.0050255940221064
2005-03-31,0.0072356961007637,,,0.3049617826143282,0.2374330032738527,-0.1415978215719758,,0.299525905858449,0.0,,-0.1615573399006353,-0.235554100507448,,-0.7754240084471722,0.0,,0.2435667946237338,,0.1064357565704372,,,0.2045454545454545,0.2056041685811236,-0.2465472406818838,0.1011650065078936,,,,0.4500104235762342,0.738562091503268,0.0185447297726681,0.2251590872630879,,,,-0.0276045632593141,,0.0,,,,,-0.8418220257543725,,-0.0666019913198876,,,,0.5156272504680973,,,,,0.0072356961007637,0.0,0.074254932258808,0.0008841263947093,,,,-0.422864406779661,,,,,-0.2053625837903717,,0.3504156843280804,-0.1044068899599373,-0.0279686898220223,0.2682047584715212,,-0.1944776224267547,,,-0.3374799357945425,-0.3237823074199585,,-0.2849952061361457,,0.3666181316575982,,,,,0.2324705882352941,-0.4472049689440994,-0.4668756530825496,0.1667044938719927,0.0,0.0,0.530273707492397,0.0,0.0228480340063761,-0.1603179816700373,0.3242690367862307,-0.2821668509226975,0.8978179082016554,0.285022026431718,-0.2857625401114677,,0.4714185658100318,0.0821123013486348,-0.3489096573208722,,,,0.0,0.0,0.0,0.7439875872769589,0.1158997409258205,0.3483303339332133,0.0634596212448659,-0.2883720930232558,0.0,0.0,0.2285208148804251,,13.4886,-0.1222958646560799
2004-12-31,-0.0516632051453838,,,1.773545796087576,0.1682223381047447,-0.1655219290332596,,0.6515972457387967,0.0,,-0.1859367384110207,-0.2682926829268293,,-0.7751600343166369,-0.0676161205142634,,0.1675858191839029,,0.169824433250648,,,0.2045454545454545,0.1919630246037499,-0.2834729846865068,0.0362197022137529,,,,0.3536435136927888,0.738562091503268,-0.0959588665183858,0.1171860079600925,,,,-0.013857161477091,,0.0,,,,,-0.8414376321353065,,-0.1057339800868011,,,,0.4964232560372557,,,,,-0.0516632051453838,-0.0658391114670488,0.0087931225829584,-0.0443124149028345,,,,-0.422864406779661,,0.0907990314769975,,,-0.2053625837903717,,-0.2595855565206601,-0.0679641266548715,-0.095753163835985,0.0487176846225151,,0.0148949624112976,,0.7109704641350211,0.0876805778491171,-0.6645844924384199,,-0.6493288590604027,,1.1053720591616216,,,,,0.0011764705882352,-1.9428571428571428,-0.1040752351097178,-0.3486155242850658,0.0,0.0,0.3588609344760851,0.0,3.059511158342189,2.3395011195715782,0.3627834797023243,-0.0287439408112934,0.7133182844243793,0.3044052863436123,-0.0341158588076338,,0.3393136145681806,0.1581841924175187,-0.2367601246105919,,,,0.0,0.0,0.0,0.7680372381691234,0.1857545662077333,0.7026594681063787,0.1377706053175153,-0.3209302325581395,0.0,0.0,-0.0066027860536275,,11.412,0.2698387662110059
2004-09-30,-0.1045449216132922,,,1.5110765643218034,0.0960556400675135,-0.1733679621712113,,0.5233660684050119,0.0,,-0.1939320865720906,-0.321001800622033,,-0.8503926615191711,-0.0288299207826501,,0.08914227377294,,0.1334631948988753,,,0.2045454545454545,0.1845978959692597,-0.3555908696908408,-0.0097498135829228,,,,0.2771534160902113,0.738562091503268,-0.0548831566480834,0.0389907030396553,,,,-0.0064346621116393,,0.0,,,,,-0.9509898135690948,,-0.1880214449834056,,,,0.4655048250036007,,,,,-0.1045449216132922,-0.0280722459904318,-0.1190571723708136,-0.1325835941506197,,,,0.1296101694915254,,,,,,,0.4804566323365182,-0.1528074349744778,-0.0568703925706133,0.2627459058605417,,-0.1885758448675613,,,-0.3069823434991974,,,-0.0210930009587727,,0.0692773392597133,,,,,0.0077647058823529,,-0.186833855799373,0.2707671357240127,0.0,0.0,1.1573126900746475,0.0,-0.2492029755579171,-0.3661607614754003,0.6435297852079145,-0.275023386342376,1.582242287434161,0.6220264317180617,-0.278669143725722,,0.9614783686223802,0.1265018395400879,-0.0498442367601246,,,,0.0,0.0,0.0,1.339022498060512,0.1619922581586085,0.3439312137572485,0.1079684537242372,-0.3162790697674418,0.0,0.0,0.676544005153394,,8.4362,0.1924563191958464
2004-06-30,-0.1486039461342623,,,1.7639590620546703,0.0579789745219588,-0.2098876800496775,,-0.095665424991534,0.0,,-0.231146798012707,-0.3234571943034867,,-0.8430013858641853,-0.1191290420328124,,0.0466853601249909,,0.2181167029365961,,,0.2045454545454545,0.1853058196088041,-0.3630838871231821,-0.0640633310259487,,,,0.2382260968444992,0.738562091503268,-0.1606054478754441,0.033864770096942,,,,-0.0071481001282816,,0.0,,,,,-0.9402267922352489,,-0.1953944345162113,,,,0.4640645254212876,,,,,-0.1486039461342623,-0.1159982296781807,-0.1323407633796324,-0.1417549319517385,,,,-1.302627118644068,,-0.2821104791936483,,,,,-1.4767340861149023,0.0831147174262298,-0.1473943444228067,-1.370892985889381,,-0.1905431040539591,,,-0.141653290529695,,,0.0,,-0.2292896007356885,,,,,-1.5187058823529411,,0.1099268547544409,-1.4186336813436224,0.0,0.0,-0.2159247995576444,0.0,-0.1370882040382571,,-0.0954396360173526,-0.2774045412024832,0.0887885628291948,-0.1076358296622613,-0.2810336091876372,,-0.1078605678573352,0.0181667452331799,-0.3364485981308411,,,,0.0,0.0,0.0,-0.0054305663304887,0.0506916409584326,0.2335532893421315,0.0,-0.3395348837209302,0.0,0.0,-0.3654078428214832,,9.4486,-0.0586330249984124
2004-03-31,-0.1556512126490687,,,1.1789091851276072,0.0544922134144648,-0.2192693538980519,,0.0011852353538774,0.0,,-0.2407070111079756,-0.3257488950728433,,-0.8424734376031149,0.1319639842431063,,0.0428845868642241,,-0.0172776754779767,,,0.2045454545454545,0.1663552483348478,-0.3616584802080324,-0.0734657005941292,,,,0.1616905145456268,0.738562091503268,-0.2187238221785724,0.0231010748416766,,,,0.0119500867787587,,0.0,,,,,-0.9394580049971172,,-0.1938422261935154,,,,0.4627202458111287,,,,,-0.1556512126490687,0.1284958587114586,-0.1298138077635589,-0.1400102558661786,,,,0.7803389830508475,,-0.3276930007320232,,,,,0.0646482193820573,0.0664185630325585,0.1043238639753944,-0.0251313214543207,,-0.205719103491885,,,-0.4159309791332263,,,-0.1543624161073825,,-0.030347153038547,,,,,-0.4285882352941176,,3.270637408568443,-0.0095324557421697,0.0,0.0,-0.1788775228089577,0.0,-0.2688629117959617,,-0.1171657320213028,-0.2957734501233098,0.1333333333333333,-0.0938325991189427,-0.2992737713224117,,-0.0759657346048165,-0.0564963669760561,-0.0996884735202492,,,,0.0,0.0,0.0,0.0418929402637703,-0.0187884484110184,0.1127774445110977,-0.0741676314011854,-0.4046511627906977,0.0,0.0,-0.3251469522505837,,8.1179,0.0619618374210079
2003-12-31,-0.1713913640627093,,,0.9431273481020858,0.0370830929113838,-0.2271405614738794,,0.0256800993340106,0.0,,-0.248728012792557,-0.3280405958422,,-0.8374579291229459,0.1141941907276741,,0.0235220268951269,,-0.0006188715232863,,,0.2045454545454545,0.1475408162223424,-0.3734084561302128,-0.0903995873434163,,,,0.131867715341609,0.738562091503268,-0.3558161703111008,0.0,,,,0.030911074067214,,0.0,,,,,-0.9321545262348644,,-0.2059126882818483,,,,0.4613759662009698,,,,,-0.1713913640627093,0.1111930704545933,-0.1506441175717322,-0.154392045220118,,,,0.7803389830508475,,-0.1996734050340672,,,-0.0255941499085923,,-0.7916614964635811,0.1900636528176031,0.0865098264704446,-0.6973941703574004,,-0.1225321436099206,,0.0886075949367088,-0.6665329052969502,,,0.1380632790028763,,-0.0291210054410299,,,,,-1.0122352941176471,,1.8562173458725184,-0.7506808896958693,0.0,0.0,-0.4536909040641415,0.0,-0.242826780021254,,-0.2159207138574401,-0.1950846160387788,-0.1811888638073739,-0.2038179148311306,-0.1992906603614254,,-0.3011691180432089,-0.1385111374805615,-0.573208722741433,,,,0.0,0.0,0.0,-0.5973622963537626,-0.097555911610939,0.250749850029994,-0.1571080118939277,-0.1674418604651162,0.0,0.0,-0.379901763427007,,8.6272,-0.0885571216617211
2003-09-30,-0.250238677475546,,,1.3626117372716673,-0.081090337968977,-0.2244636795797547,,-0.0861835421605147,0.0,,-0.2460001881258391,-0.5382222949746276,,-0.7814954134494819,0.2457902255313623,,-0.0997099409879941,,-0.1239873587882292,,,0.2045454545454545,0.1516658328143028,-0.3762592699605124,-0.1913935444902061,,,,-0.0392608736852079,0.738562091503268,-0.5650654264998989,-0.1289046087561018,,,,0.0267539256240867,,0.0,,,,,-0.8506630789928887,,-0.2046055654837886,,,,0.3380863219549666,,,,,-0.250238677475546,0.2393306497502581,-0.1556980288038792,-0.1578813973912377,,,,-0.1923050847457627,,,,,,,0.0287876907804938,0.1792447074614117,0.2184335146922413,-0.1235966628901019,,-0.2341038431813391,,,0.8158105939004815,0.1067472560821405,,0.0055129434324065,,-0.2348072649245152,,,,,-0.2165882352941176,,1.353814002089864,-0.0423286427598729,0.0,0.0,-0.3444843793198783,0.0,-0.2492029755579171,,-0.2167671851303213,-0.3301301131048558,-0.0598946576373213,-0.2029368575624082,-0.3333896301300456,,-0.2143203491191207,-0.1896368059732223,-0.0498442367601246,,,,0.0,0.0,0.0,-0.1404189294026377,-0.1445214622397864,0.0871825634873025,-0.2074552077201929,-0.2046511627906976,0.0,0.0,-0.4423866655930429,,6.2721,0.1144273847674622
2003-06-30,-0.1349490821385501,,,2.1469102215312863,0.0929761820274436,-0.2301111451432215,,0.3660119652330962,0.0,,-0.2517551285669087,-0.4499918153543951,,-0.7812314393189468,0.2342755724860395,,0.0911357827971897,,-0.1131926161525467,,,0.2045454545454545,0.1337499191673729,-0.3847924491958008,-0.0418589858376474,,,,0.1040538235572823,0.738562091503268,-0.3474970391981282,0.0518475512402313,,,,0.0448093954298807,,0.0,,,,,-0.8502786853738228,,-0.2136328823078886,,,,0.3898410869460847,,,,,-0.1349490821385501,0.2281186115618875,-0.1708256144514542,-0.1683258772007379,,,,-0.1985423728813559,,0.0131201081141956,,,,,0.5998262811763246,0.0748378175014743,0.2068901919728341,0.4165207539396436,,-0.2270779175156327,,,0.1707463884430176,,,-0.1483700862895493,,-0.0033719058931718,,,,,-0.5207058823529411,,6.825914315569488,0.4670903313663186,0.0,0.0,0.2634780204589438,0.0,-0.2885228480340063,,0.0770994251049271,-0.3216259886044731,0.581790820165538,0.1138032305433186,-0.3249451106232055,,0.2451376542212165,-0.1341699312407548,-0.2367601246105919,,,,0.0,0.0,0.0,0.5896043444530644,-0.0883637409582301,0.0675864827034593,-0.1517626948564627,0.1069767441860465,0.0,0.0,-0.037201062887511,,5.6044,0.2471986296481335
2003-03-31,0.0235704475412032,,,4.715118538670812,0.3354264185409293,-0.2421109605306771,,0.3600293486849532,0.0,,-0.2639833081073685,-0.4504828940906858,,-0.7812314393189468,0.123154841781741,,0.3621564387237403,,-0.0090192915442873,,,0.2045454545454545,0.1179441625229309,-0.3920735818164307,0.1625182742188523,,,,0.3711930256799014,0.738562091503268,-0.3156648083422398,0.3523983407561324,,,,0.0607382711476062,,0.0,,,,,-0.8502786853738228,,-0.221353076333929,,,,0.3895530270296221,,,,,0.0235704475412032,0.11991822799216,-0.1837335769227485,-0.1772378712594085,,,,2.244135593220339,,1.1346078044934962,,,0.2315661182205972,,0.1481573396203002,0.0444552905049519,0.0954927881355472,0.0,,-0.2411297688470456,,,-0.3258426966292135,,,-0.0515340364333652,,-0.163384167369147,,,,,0.2258823529411764,,-2.1588296760710555,0.0674080798910576,0.0,0.0,0.4290848769698645,0.0,-0.3549415515409139,,0.1318379007512432,-0.3386342376052385,0.7512415349887133,0.1891336270190895,-0.3418341496368857,,0.3664673239588384,-0.034991899521557,-0.2866043613707165,,,,0.0,0.0,0.0,0.7377812257564003,0.0054681059226504,-0.0023995200959808,-0.0519914075277528,0.2744186046511628,0.0,0.0,0.0942104839359046,,3.4637,0.5315414152495888
2002-12-31,-0.2054803698244673,,,0.4790776007254825,0.0,-0.2450311953242677,,0.3530308161192008,0.0,,-0.2669591168346972,-0.5090849566213783,,-0.6898963901537649,0.0908185792822821,,-0.0102986469661068,,0.0212952676619338,,,0.2045454545454545,0.103608708822158,-0.4139169796783203,-0.1256624821934942,,,,0.1426854922770776,0.738562091503268,-0.3721655738178457,-0.0596090234753978,,,,0.075185390984613,,0.0,,,,,-0.7172784931770133,,-0.2374470257850395,,,,0.3551778769984157,,,,,-0.2054803698244673,0.0884317899218107,-0.2224574643366314,-0.2039738534354204,,,,2.244135593220339,,,,,0.2315661182205972,,0.4092319146296067,-0.0287149451935005,0.0630760134310465,0.1505819342877742,,-0.0975198482400056,,-0.8016877637130801,0.4171348314606741,0.1511304435789793,,0.2392138063279003,,-0.4542876848800674,,,,,1.942941176470588,,-11.574921630094044,0.3410122560145256,0.0,0.0,-0.6444567320984241,0.0,-0.1498405951115834,,-0.2736218389588403,-0.1648099328174164,-0.3837471783295711,-0.2895741556534508,-0.1692281709170748,,-0.4462044070901352,0.0637179841458194,-0.2866043613707165,,,,0.0,0.0,0.0,-0.4282389449185415,0.0900834749565002,0.3563287342531493,0.0449823306972369,-0.2465116279069767,0.0,0.0,-0.5145341814960946,,3.2765,0.1047459179001983
2002-09-30,-0.2341844767519764,,,0.4508356004663816,-0.0449884751745694,-0.2413809018322795,,0.0044587425217293,0.0,,-0.2632393559255364,-0.2622360451792437,,-0.5903781429419916,0.0129431626336522,,-0.0709868559465546,,0.0943018165401023,,,0.2045454545454545,0.0923363862540288,-0.387739574304151,-0.1715838903573595,,,,0.0921747370415995,0.738562091503268,-0.2693896415263295,-0.1032291085765796,,,,0.086545519403456,,0.0,,,,,-0.5723620987891601,,-0.2019913198876691,,,,0.4999759950069614,,,,,-0.2341844767519764,0.0126030053320407,-0.1760502659279305,-0.1719331128911522,,,,0.0,,,,,,,0.9895768705794764,-0.1969983527545604,-0.0149933007502074,0.7509527242764445,,-0.1911051781072156,,,0.1565008025682183,0.297708765363411,,-0.173777564717162,0.8862902327653414,0.0052111272894474,,,,,1.0258823529411765,,0.0288401253918495,0.8323876532001816,0.0,0.0,-0.6060270942770252,0.0,-0.2109458023379383,,-0.319472366239904,-0.2780848711625138,-0.346726862302483,-0.3204111600587371,-0.2817091707481844,,-0.4196972145897311,0.3016542314840401,-0.4984423676012461,,,,0.0,0.0,0.0,-0.3793638479441427,0.3127069909516469,0.1771645670865826,0.2844030121437089,-0.1720930232558139,0.0,0.0,-0.674933569530558,,2.7071,-0.0674153152820361
2002-06-30,-0.1423899571218009,,,2.394092499028372,0.0914642236710966,-0.2429668914184537,,0.359916469127441,0.0,,-0.264855527906758,0.0,,-0.4987791196462746,-0.1661616380243279,,0.0704833052241662,,0.2622087626120436,,,0.2045454545454545,0.0843177896445746,-0.4035153616488491,-0.0518814093398296,,,,0.2438813607504975,0.738562091503268,-0.2416592044830873,0.0293881729219345,,,,0.0946265769381161,,0.0,,,,,-0.4389775129732846,,-0.2116313505233597,,,,0.6537999903980027,,,,,-0.1423899571218009,-0.1617947691205294,-0.2040175179490682,-0.1912424333516053,,,,0.0,,,,,0.6264472882388787,,-0.3922322868842288,-0.1388160169198544,-0.1945440441770771,-0.6141724173447317,,-0.2717628047495257,,,0.8994783306581059,,,0.3945349952061361,,-0.5658671162541191,,,,,-0.8741176470588236,,2.147962382445141,-0.460281434407626,0.0,0.0,-0.4398672933370196,0.0,0.0642933049946865,,-0.197862660035975,-0.375712220426907,-0.1568096313017306,-0.2698972099853157,-0.3786522546867083,,-0.2837131620063574,0.36355597457696,-0.1370716510903426,,,,0.0,0.0,0.0,-0.1970519782777346,0.3718382923385749,0.2695460907818436,0.3459360603645067,-0.3116279069767442,0.0,0.0,-0.5296722763507529,,3.7109,-0.1407906157123694
2002-03-31,-0.1505678011523516,,,3.2931726907630523,0.0828368041520227,-0.2476241624254731,,0.0237611468563043,0.0,,-0.269601429756377,0.183172368636438,,-0.3248201676235729,-0.1042379117787108,,0.0538109477445411,,0.2021274976792318,,,0.1915584415584415,0.074924187504467,-0.3845035153616488,-0.071119117171485,,,,0.1368407088031839,0.7298474945533769,0.0,0.0336737889887932,,,,0.1040933506204852,,0.0,,,,,-0.185662118008841,,-0.1780137860607608,,,,0.7516443420231408,,,,,-0.1505678011523516,-0.1014984509684081,-0.1703133937184664,-0.1679722266428542,,,,0.0,,,,,-0.1048141377209019,,0.4681722298051867,-0.2216460252577634,-0.1324661375977087,0.297043979812545,,-0.2925595447200169,,,-0.5475521669341894,,,0.1069031639501438,,-0.3810253659284236,,,,,-0.3824705882352941,,6.042633228840125,0.4752610077167499,0.0,0.0,-0.4241083771081006,0.0,0.1567481402763018,,-0.1814975487602722,-0.4008844289480398,-0.1519939804364183,-0.2784140969162995,-0.4036480324269549,,-0.280265071925004,0.0923660440947783,0.0373831775700934,,,,0.0,0.0,0.0,-0.1838634600465477,0.1184175611376577,0.3095380923815237,0.0739460863634685,-0.1209302325581395,0.0,0.0,-0.0307593203961671,,4.9215,0.0
2001-12-31,-0.1011866876591183,,,7.029407954398238,0.1592863556558042,-0.2526170926041697,,1.0641720284456484,0.0,,-0.2746893785861488,0.244229824848584,,0.1181284234145053,-0.1923942686463789,,0.1360000827754612,,0.2868012965865684,,,0.2045454545454545,0.065135781796152,-0.3831936819801598,-0.0174149630773918,,,,0.1205041220506017,0.738562091503268,-0.1749906120916259,0.0542844701802097,,,,0.1139580031967511,,0.0,,,,,0.4593503747837786,,-0.1423538422261935,,,,0.7970617888520812,,,,,-0.1011866876591183,-0.187337983940652,-0.167991326395588,-0.1663690107804478,,,,0.5492203389830509,,,0.858226134055518,,-1.2461913467397927,,0.4271001364933615,-0.29774469729323,-0.2208419899212906,0.0089607580595323,,-0.1506358462727464,,-0.8016877637130801,2.224719101123596,4.264098932780335,,-0.3420421860019175,,-0.1566403555828033,,,,,1.649529411764706,,-7.303239289446186,0.0747843849296414,0.0,0.0,-2.230024882499309,0.0,-0.385759829968119,,-1.909427573801714,-0.2291011140403095,-3.6830699774266367,-1.927019089574156,-0.2330687383887856,,-2.8085771240773667,0.8490168349073728,-0.3364485981308411,,,,55000.0,0.0,0.0,-1.9278510473235069,0.8018163550956995,0.1031793641271745,0.8333438313825062,24.06511627906977,0.0,0.0,-0.7087527176101135,,4.745,-0.0384615384615384
2001-09-30,0.3402954575907811,,,0.4497991967871486,0.7837930406716798,-0.2170623948442751,,2.528671407608082,0.0,,-0.2384580522134715,-0.3712555246357832,,-0.8440572823863262,-0.2733864334877278,,0.8570502274600694,,0.4322259591240431,0.5469028652954464,,0.6493506493506493,0.0580973871491438,-0.3771260714629683,0.5639550888521252,,,,1.141476357433905,0.775599128540305,0.4482509604552413,0.730793029953477,,,,0.1210512234775987,,0.0,,,,,-0.9417643667115124,,-0.2103650753127393,,,,0.4768351817177973,,,,,0.3402954575907811,-0.2662016059347931,-0.1572346910028428,-0.158942349064889,,,,-0.3660338983050847,,,,,2.393662400975016,,-1.3994292095793524,-0.0744920993227991,-0.3020358125077977,-2.266659800185395,,-0.1312442914353966,,,0.1258025682182985,1.682186030044004,,1.0896452540747843,,-0.6397425090045215,,,,,-1.5567058823529412,,-5.255172413793104,-2.2536314117113028,0.0,0.0,-1.1365772739839646,0.0,-0.0180658873538788,,-0.50357986809156,-0.2056297304192533,-0.9128668171557562,-0.5653450807635829,-0.2097618645499071,,-0.8250633047788374,1.6348445195793169,0.1744548286604361,,,,0.0,0.0,0.0,-0.9076803723816912,1.554891721577294,0.4075184963007398,1.6192075203680254,-0.3488372093023256,0.0,0.0,-0.7087527176101135,,4.1774,-0.0620910698496905
2001-06-30,0.2631230738308991,,,0.0168415597875372,0.6635830944541985,-0.2082597330670437,,1.5652443842420138,0.0,,-0.2294878701589663,-0.2846619741365199,,0.4705338876790074,-0.0357776719622527,,0.7190359417950548,,0.14860018363237,,,0.2597402597402597,0.035144324528533,-0.3486949821824135,0.4309321388386283,,,,0.8797877380839572,0.775599128540305,0.4671423206909501,0.6660657127796918,,,,0.1441830791710399,,0.0,,,,,0.9725158562367864,,-0.0785090630584631,,,,0.5276297469873734,,,,,0.2631230738308991,-0.0348374043710088,-0.1068321708768365,-0.1241431341691274,,,,-0.6893728813559322,,,,,,,-0.2280679985109815,-0.0432147723344111,-0.0638354425573233,-0.1622206200432588,,-0.1264666619827162,,,1.3868378812199036,2.7152647817510496,,-0.4007670182166826,,-0.6280941068281094,,,,,0.2772941176470588,,-0.0405433646812957,0.0607126645483431,0.0,0.0,-1.3768316284213435,0.0,0.30605738575983,,-0.5497125524635841,-0.1998469257589931,-1.199097065462754,-0.702496328928047,-0.2040195912852558,,-1.0300091589892786,1.7072102385712815,-0.2990654205607476,,,,-55000.0,0.0,0.0,-1.1318851823118696,1.6205981190282794,0.6570685862827434,1.6903734337091636,0.0325581395348837,0.0,0.0,-1.2701505757307352,,7.8289,-0.2117131263897089
2001-03-31,0.3020861248827549,,,-0.0492291747635704,0.7109536754473391,-0.1945900133004947,,0.7361440343153854,0.0,,-0.2155580068922466,-0.1456866917662465,,-0.3139972282716294,-0.0024890697372408,,0.7661282812710172,,0.1173928261630472,,,0.2597402597402597,0.0118373000881501,-0.3206684002696716,0.4887788946469568,,,,0.9019766890931488,0.775599128540305,0.8491290909616107,0.7743290833670733,,,,0.1676716538728022,,0.0,,,,,-0.1699019796271381,,-0.1094919581312228,,,,0.6091507033462961,,,,,0.3020861248827549,-0.0024236548715462,-0.0571467597770132,-0.0898390300544032,,,,-0.6135762711864406,,,,,,,-1.673780866112421,0.2250015252272588,-0.0304639569512175,-1.3472036255021114,,-0.1183165882104967,,,1.6095505617977528,2.641242223458601,,-0.4357622243528283,,-0.2875316116177485,,,,,-1.6901176470588235,,-0.0121212121212121,-1.3709714026327735,0.0,0.0,0.0638650815593032,0.0,-0.1902231668437832,,0.0469086163721652,-0.1899821413385492,0.345221971407073,0.0552129221732745,-0.1942239486573214,,0.0757502289747319,1.850623926483417,-0.3364485981308411,,,,55000.0,0.0,0.0,0.2948021722265322,1.7650253908900686,0.2963407318536292,1.8360545000792785,0.4046511627906977,0.0,0.0,-0.1473548594894919,,8.3667,0.0371472623615045
2000-12-31,0.8242831301085355,,,0.2860474154683249,1.4916610868203517,-0.2096778930673793,,3.933796139519133,0.0,,-0.2309330186501116,-0.2954657063349157,,-0.8440572823863262,0.2829747629972728,,1.6450795161774292,,-0.1502234532016456,,,0.2597402597402597,-0.0118373000881501,-0.3135028411827025,1.164129879918003,,,,1.6914394011181657,0.775599128540305,1.295242496894769,1.5313323606028892,,,,0.1915306675447442,,0.0,,,,,-0.9417643667115124,,-0.1429052846566249,,,,0.5212924288251957,,,,,0.8242831301085355,0.2755379460051845,-0.044443685598914,-0.0810684962188861,,,,-0.6135762711864406,,3.617968354073991,,,1.4503351614868982,,1.0831368656160814,0.0413844996237772,0.2557106358049135,0.5242558450921825,,-0.1256235509028314,,-0.8016877637130801,3.2909309791332264,,,0.7186001917545541,,-0.4392673768104835,,,,,0.4296470588235294,,0.6825496342737722,0.7471629596005447,0.0,0.0,0.0823887199336466,0.0,-0.1280552603613177,,0.0040207385461855,-0.1988264308189472,0.0337095560571858,-0.1005873715124816,-0.203006248944435,,-0.0093744949086794,1.728647518110936,-0.249221183800623,,,,0.0,0.0,0.0,0.3149728471683475,1.6502265633070747,0.3327334533093381,1.7136182865880545,2.683720930232558,0.0,0.0,-0.1341492873822369,,8.6282,-0.0514300739837689
2000-09-30,0.5412995779177274,,,0.8104676771602539,1.0822289351801853,-0.2200497614722011,,0.2838356473642623,0.0,,-0.2415022703368307,-0.4570306105745621,,-0.8057810334587211,0.0875503224968616,,1.2080388768749504,,-0.0075989306711712,,,0.0,-0.0270712722544985,-0.2959934508330925,0.7972557268127891,,,,1.102169999052402,0.6013071895424836,2.2254831162078625,1.2943400838789028,,,,0.2068833048644124,,0.0,,,,,-0.8860272919469537,,-0.1213786060760786,,,,0.2344807720005761,,,,,0.5412995779177274,0.0852494256991717,-0.0134031091798492,-0.0596372724111305,,,,0.7773898305084745,,1.834140435835351,,,,,1.0220871075815858,-0.1322270351615724,0.0597996192005381,0.7814399011226697,,-0.1264666619827162,,,-3.096107544141252,,,-0.1819271332694151,,0.0033719058931718,,,,,0.7351764705882353,,0.2453500522466039,0.8666591012256014,0.0,0.0,0.3041194359966823,0.0,-0.3352816153028692,,0.1322611363876838,-0.1998469257589931,0.5763732129420617,0.1637298091042584,-0.2040195912852558,,0.2712138354614514,2.7399340041288056,-0.2616822429906542,,,,0.0,0.0,0.0,0.6012412723041117,2.5980086331051835,0.1755648870225954,2.7279318336327085,0.3534883720930232,0.0,0.0,0.0053144375553587,,8.9138,-0.0916659156452774
2000-06-30,0.536505091786145,,,0.7034589972794404,1.088844524396528,-0.2386536710624032,,0.5196410430071114,0.0,,-0.2604602242117955,-0.4858405631036176,,-0.700191381244638,-0.0972252283450932,,1.2166475248412607,,0.1656242232401475,,,0.0,-0.0501604740365601,-0.3076471154772224,0.7922311518303617,,,,1.2821453615085758,0.6013071895424836,1.3166758138594414,1.2879154794007777,,,,0.2301523601764387,,0.0,,,,,-0.7322698443205843,,-0.1255654837886137,,,,0.2175812569014355,,,,,0.536505091786145,-0.0946700668085734,-0.0340626787436932,-0.0739011782457753,,,,0.0612881355932203,,1.8692775494115657,,,,,-3.7899243082268272,0.4828056047017672,-0.1254359936858892,-3.4006591822020806,,-0.127309773062601,,,-0.3673756019261637,,,0.2552732502396932,,-0.5557513985746034,,,,,-3.997647058823529,,-0.4994775339602926,-3.534157966409442,0.0,0.0,0.508155930329002,0.0,-0.2821466524973433,,0.2246675836772123,-0.200867420699039,0.6847253574115877,0.2161527165932452,-0.2050329336260766,,0.3914659770486504,3.213808200176639,-0.0373831775700934,,,,0.0,0.0,0.0,0.7323506594259116,3.0420200493841163,0.2143571285742851,3.2026137970430253,1.2744186046511627,0.0,0.0,0.1885820114340929,,7.9152,0.0654184354154033
2000-03-31,0.4296320179552458,,,0.0230599818629356,0.9485286176689304,-0.2620323323697118,,0.0876509764081724,0.0,,-0.2842837963794327,-0.5154689801931577,,-0.8443212565168613,0.557356824379897,,1.0610572495783626,,-0.4480325465548639,,,0.0,-0.0718066007072429,-0.2842242126553019,0.6522219044742771,,,,0.8903780915379513,0.6013071895424836,1.1935642277362142,1.1448400724200365,,,,0.2519670995314633,,0.0,,,,,-0.9421487603305784,,-0.1118815419964258,,,,0.2002016419415238,,,,,0.4296320179552458,0.5427090138885962,0.0074613486771899,-0.0452319063533322,,,,-0.4711864406779661,,1.23421926910299,,,,,3.0251892294329323,-0.0190958452809468,0.5307758653423669,2.416520753939644,,-0.1419236984472704,,,-2.3912520064205456,,,-0.1176893576222435,,-0.0787799831404705,,,,,2.648705882352941,,-0.0647857889237199,2.6985928279618703,0.0,0.0,0.2305778269283937,0.0,-0.3028692879914984,,0.1033400345642436,-0.218555999659835,0.5330323551542513,0.1345080763582966,-0.222597534200304,,0.2354399008674101,3.299795727065351,0.2990654205607476,,,,0.0,0.0,0.0,0.5128006206361521,3.120917150953753,0.1599680063987202,3.2890815220578493,0.2511627906976744,0.0,0.0,-0.0475078508736613,,6.4357,-0.1034541697095886
1999-12-31,0.1750636473268122,,,0.0259100919808265,0.5861461415748435,-0.2794362604211683,,0.1026639575572863,-1.0,,-0.3018906646827942,,,,0.0223799835504956,,0.659065120145133,,0.0534968777424378,,,0.0,-0.0939019866107134,,0.3294677959488027,,,,0.7123661518051739,,0.4891533550940235,0.6986318113412221,,,,0.2743306373608281,,-22000.0,,,,,-0.9333077070920622,,-0.1203369925963747,,,,0.1575687743050554,,,,,0.1750636473268122,0.021791818584164,-0.0074613486771899,-0.055534925939679,,,,-0.4711864406779661,,,,,2.6983546617915906,,-1.7868221863754807,0.2668944339373233,-0.0055329836343023,-1.7875167370480998,,-0.2669851752968453,,,-2.849117174959872,,,1.2094918504314478,,0.3696835006513909,,,,,-2.0352941176470587,0.0215320910973084,0.2236154649947753,-2.099409895596913,,,0.0923417196571744,,0.2608926673751328,,0.0854230592882587,-0.3699294157666468,0.2407825432656132,-0.0734214390602055,-0.372909981422057,,0.0656214643607564,2.483700970431899,,,,,,,,0.4080682699767261,2.3566017326978352,0.4243151369726055,2.469797112529675,1.1023255813953488,,,,,5.0302,0.3235259035426028
1999-09-30,-0.0707322792442717,,,-0.1295504599041326,0.2319158980878355,-0.2903451835006734,,0.1252398690597133,-1.0,,-0.3130071915377577,,,,0.3275615774208908,,0.2927837042708689,,-0.3117387753445643,,,-0.5064935064935064,-0.1007089446832552,,0.0285278262566114,,,,0.2931488676205818,,-0.3485369305872497,0.291460088768019,,,,0.2811906182900811,,-22000.0,,,,,-0.9333077070920622,,-0.169354097523615,,,,-0.2553171059580392,,,,,-0.0707322792442717,0.318952981095492,-0.0894166659552489,-0.1121190152010798,,,,0.0,,,,,-0.9579524680073126,,2.9656284898870826,-0.2252455615886767,0.3004084643800617,2.476568132660418,,-0.154570364645542,,,0.7825040128410915,,,-0.2286673058485139,,-0.1207755383554295,,,,,2.8,-0.3097308488612836,0.0564263322884012,2.7802995914661826,,,-0.1011888305225324,,-0.7486716259298618,,-0.2249497407681726,-0.2338634237605238,0.0902934537246049,-0.0881057268722467,-0.2377976693126161,,-0.0636819136899951,1.2647821540228763,,,,,,,,-0.0574088440651667,1.216189199098203,-0.2155568886222755,1.2517338071211526,0.6372093023255814,,,,,5.1181,-0.0785643109747757
1999-06-30,-0.3571452498995042,,,0.0,-0.1803241762141179,-0.3037715503677566,,-0.2021108477254769,-1.0,,-0.3266890707438666,,,,-0.1962252716332626,,-0.1838649932227591,,0.2300274434011555,,,-0.1818181818181818,-0.0911792033816967,,-0.3424354756374929,,,,-0.0798256419975362,,-0.1463358271469424,-0.2142578856099554,,,,0.2715866449891269,,-22000.0,,,,,-0.5104747261195464,,-0.1489303038039315,,,,-0.0344711700033606,,,,,-0.3571452498995042,-0.1910683049168581,-0.0928314708418347,-0.1144766855869715,,,,0.0,,,,,2.57647775746496,,0.0620424370269264,-0.2415146523498668,-0.2246825315027475,-0.448552889071995,,-0.1826740673083678,,,-0.5417335473515249,,,1.1615532118887824,,-0.3046976779829872,,,,,-0.7176470588235294,,0.0564263322884012,-0.374489332728098,,,0.2582250483826375,,-0.7486716259298618,,-0.0133319225478785,-0.2678799217620546,0.6019563581640331,0.1468428781204111,-0.2715757473399763,,0.2595765314368838,0.601572413942576,,,,,,,,0.330488750969744,0.5993941431815282,-0.2155568886222755,0.5870986939702826,,,,,,4.6063,0.2222173979115559
1999-03-31,-0.4823462414578587,,,-0.4145614716932245,-0.3500337876408204,-0.3239111006683813,,-0.3488542724912518,-1.0,,-0.3472118895530301,,,,-0.21354053937059,,-0.3452771425910789,,0.1793002693612941,,,-0.6103896103896104,-0.1061545111412886,,-0.5033287809258581,,,,-0.2792002274234815,,-0.313873884283197,-0.3830851852134787,,,,0.2866786030334836,,-22000.0,,,,,-0.472035364212954,,-0.1448455450599949,,,,-0.4281530558356138,,,,,-0.4823462414578587,-0.2079285127189192,-0.0894166659552489,-0.1121190152010798,,,,0.0,,,,,-1.811090798293724,,0.3350291599454026,-0.3025237427043296,-0.2420409115319312,0.3342259758986507,,-0.0983629593198903,,,0.2006420545746388,,,-0.5642377756471716,,-0.4273124377346923,,,,,0.5294117647058824,-1.30351966873706,0.0564263322884012,0.5333635950975942,,,-0.4606027094277025,,-0.7486716259298618,,-0.4224597044404472,-0.1658304277574623,-0.5718585402558315,-0.381791483113069,-0.1702415132578956,,-0.4300414848337913,0.0829250583830469,,,,,,,,-0.2901474010861132,0.1081862579276901,-0.0955808838232353,0.0666850563528039,2.9627906976744187,,,,,3.5096,0.249971506724413
1998-12-31,-0.539712582071553,,,-0.1813706438657857,-0.4308772752659041,-0.3289459882435375,,-0.3940060954961056,-1.0,,-0.3531977117057028,,,,-0.2784727933855677,,-0.461852583801532,,0.3193072697113116,,,-0.1038961038961039,-0.1252139937444055,,-0.5845772274502152,,,,-0.372443854828011,,-0.2734336635951356,-0.5091327165916748,,,,0.3072585458212426,,-22000.0,,,,,-0.5104747261195464,,-0.1142098544804697,,,,-0.0632771616496231,,,,,-0.539712582071553,-0.2711542919766486,-0.0347797877698763,-0.0743962890268126,,,,0.0,,,,,1.1139549055453992,,,-0.3025237427043296,-0.3071348366413704,-0.1189617880317231,,0.0421555539942387,,,-0.521669341894061,,,0.5862895493767977,,0.3083761207755383,,,,,-0.2588235294117647,,0.9759665621734588,-0.2383113935542442,,,-0.4329554879734587,,-0.6424017003188098,,-0.2672733044122315,0.0042520622501913,-0.3310759969902182,-0.1908957415565345,-0.0013511231210944,,-0.3438392327999569,0.1397096831873079,,,,,,,,-0.3677269200930954,0.1620672053411008,0.1843631273745251,0.1220713157820431,1.1023255813953488,,,,,3.3633,0.0869681562750869
1998-09-30,-0.5669301889320648,,,-0.1036403679233061,-0.4685219527096453,-0.3323025799603083,,-0.4165820069985325,-1.0,,-0.3557630640568482,,,,-0.2784727933855677,,-0.4928933817569781,,0.2929291392105837,,,-0.2727272727272727,-0.1265753853589138,,-0.6155799241502989,,,,-0.3967023595186203,,-0.4409717207313903,-0.5419814671932652,,,,0.3072585458212426,,-22000.0,,,,,-0.5104747261195464,,-0.1285065100842481,,,,-0.216909117096356,,,,,-0.5669301889320648,-0.2711542919766486,-0.0586834219759768,-0.0908999817280545,,,,0.0,,,,,1.1748933577087142,,0.8189601687554288,-0.4428446505195941,-0.3071348366413704,0.5711195797713462,,-0.0421555539942387,,,0.2006420545746388,,,0.6102588686481304,,0.2164150509617595,,,,,0.8235294117647058,,-0.361546499477534,0.5560599182932365,,,-0.6264860381531656,,-0.7486716259298618,,-0.3660282862483688,-0.0977974317544008,-0.3009781790820166,-0.2202643171806167,-0.1026853572031751,,-0.3869403588168741,0.1223708664531824,0.6479750778816199,,,,,,,-0.3677269200930954,0.1454572892211772,-0.0155968806238752,0.1057812394793257,-1.2232558139534884,,,,,4.8312,-0.1044874979301209
1998-06-30,-0.6770568136138282,,,-0.0777302759424796,-0.6302089279598128,-0.333141727889501,,-0.4955976972570267,-1.0,,-0.35661818150723,,,,-0.4278169776200164,,-0.6674116458175974,,0.4106161829830622,,,-0.4155844155844156,-0.1497190428055558,,-0.7508158252730777,,,,-0.5414953093906946,,-0.4063086744273376,-0.7299068776116666,,,,0.3305824809807028,,-22000.0,,,,,-0.5104747261195464,,-0.1489303038039315,,,,-0.3033270920351433,,,,,-0.6770568136138282,-0.4165735842694261,-0.0928314708418347,-0.1144766855869715,,,,0.0,,,,,1.906154783668495,,-0.2357612607023204,-0.4103064689972139,-0.4568508643930805,-0.4794520547945205,,-0.0140518513314129,,,-0.862760834670947,,,0.8978906999041227,,0.0631466012721281,,,,,-0.4705882352941176,,-0.1107628004179728,-0.5447117566954154,,,-0.4882499308819463,,-0.8018065887353879,,-0.3095968680562903,-0.0637809337528701,-0.1805869074492099,-0.1468428781204111,-0.0689072791758148,,-0.3007381067830397,-0.0471160671228942,,,,,,,,-0.2125678820791311,-0.0121343539654149,-0.0155968806238752,-0.0640699561036743,-0.7581395348837209,,,,,6.742,-0.1978641352714327
1998-03-31,-0.6506766715797937,,,-0.1036403679233061,-0.5888614953576707,-0.3364983196062718,,-0.4955976972570267,-1.0,,-0.3600386513087573,,,,-0.3931864421453617,,-0.6067096409269472,,0.3335108784424728,,,-0.7012987012987013,-0.1796696583247395,,-0.7150023652919465,,,,-0.4679617170472851,,-0.6662815217077327,-0.6626815275432955,,,,0.3607663970694161,,-22000.0,,,,,-0.5489140880261387,,-0.1570998212918049,,,,-0.5049690335589803,,,,,-0.6506766715797937,-0.3828531686653038,-0.1030758855015921,-0.1215496967446466,,,,0.0,,,,,-0.8970140158439975,,-0.2357612607023204,-0.3777682874748337,-0.422134104334713,-0.0468637346791636,,0.0140518513314129,,,0.7825040128410915,,,-0.2046979865771812,,-0.0901218484175032,,,,,-0.0352941176470588,,-0.1943573667711598,-0.0113481615978211,,,-0.2394249377937517,,-0.8549415515409139,,-0.1967340316721334,-0.0297644357513394,0.0300978179082016,-0.0293685756240822,-0.0351292011484546,,-0.1283336027153709,-0.1528828492010598,,,,,,,,0.0201706749418153,-0.1093631312527725,-0.0155968806238752,-0.1700640525800222,0.1720930232558139,,,,,8.0039,-0.0991016879271354
1997-12-31,-0.5732111751306446,,,0.051820183961653,-0.4679048268499119,-0.3457289468273914,,-0.4391579185009595,-1.0,,-0.3694449432629572,,,,-0.3585559066707069,,-0.488754608696252,,0.351772661096823,-0.1426703126857686,,-0.3766233766233766,-0.2055360990003982,,-0.6171835119106481,,,,-0.3732019330995925,,-0.4583032438834166,-0.5366339961650993,,,,0.3868343246005776,,-22000.0,,,,,-0.5104747261195464,,-0.1530150625478682,,,,-0.26491910317346,,,,,-0.5732111751306446,-0.3491327530611814,-0.0996610806150063,-0.1191920263587549,,,,0.0,,,,,-0.226691042047532,,0.0992678992430822,-0.4001382872714701,-0.3874173442763454,0.4784220826037696,,-0.2950888779596712,,,-0.1404494382022472,,,0.0589645254074784,,0.9827572994099164,,,,,0.5764705882352941,-0.4753623188405797,0.2236154649947753,0.1702224239673173,,,-0.1011888305225324,,-0.5892667375132837,,-0.2249497407681726,-0.4039459137681775,0.1203912716328066,-0.1468428781204111,-0.4066880594494173,,-0.0421313506815365,0.190425722134625,,,,,,,,-0.0574088440651667,0.2123020736062356,-0.2555488902219556,0.1752855650375866,0.6372093023255814,,,,,8.2923,-0.0999963821858832
1997-09-30,-0.5736299075438832,,,-0.3627412877315714,-0.4617335682525773,-0.3549595740485111,,-0.5407495202618806,-1.0,,-0.3788512352171571,,,,-0.384528808276698,,-0.4873750176760099,,0.3943834872903065,-0.1426703126857686,,-0.2597402597402597,-0.2191500151454817,,-0.5952678125192097,,,,-0.3201364540888847,,-0.5160749877235045,-0.5282308274065529,,,,0.4005542864590836,,-22000.0,,,,,-0.5104747261195464,,-0.2387949961705386,,,,-0.1881031254500936,,,,,-0.5736299075438832,-0.3744230647642732,-0.2430828858516096,-0.2182141825662063,,,,-0.0338983050847457,,,,,3.612431444241316,,0.1613103362700086,-0.4326764687938503,-0.4112851168164731,-0.2425584509218251,,-0.0421555539942387,,,,,,1.569031639501438,,0.6149130201548011,,,,,-0.4117647058823529,,-0.1107628004179728,-0.4879709487063096,,,-0.0182471661598009,,-0.8549415515409139,,-0.0838711952879765,-0.0977974317544008,0.3310759969902182,0.0881057268722467,-0.1026853572031751,,0.0440709013522978,-0.0781092020351436,,,,,,,,0.1753297129557796,-0.0378594679560282,-0.0155968806238752,-0.0951297015875222,,,,,,8.0213,-0.0357174024160672
1997-06-30,-0.6590513198445666,,,0.051820183961653,-0.5777532298824684,-0.3683859409155943,,-0.5294615645106672,-1.0,,-0.392533114423266,,,,-0.4169949352841868,,-0.5832565935828323,,0.3233654436345006,-0.1426703126857686,,-0.9090909090909092,-0.2382094977485986,,-0.6920176073936086,,,,-0.4512839950724912,,-0.5160749877235045,-0.6351802479698708,,,,0.4197622330609921,,-22000.0,,,,,-0.5104747261195464,,-0.2857697217258105,,,,-0.6586009890057132,,,,,-0.6590513198445666,-0.4060359543931379,-0.3216233982430829,-0.2724406014417154,,,,-0.0677966101694915,,,,,0.4436319317489335,,-0.0992678992430822,-0.4225082870681065,-0.4460018768748406,-0.0468637346791636,,-0.2669851752968453,,,0.160513643659711,,,0.322627037392138,,0.277722430837612,,,,,0.1411764705882353,,-0.1107628004179728,-0.147526100771675,,,-0.3500138236107271,,-0.8549415515409139,,-0.4506754135364864,-0.3699294157666468,-0.2407825432656132,-0.3083700440528634,-0.372909981422057,,-0.2791875437745811,-0.0963149596059753,,,,,,,,-0.1349883630721489,-0.0579129032715457,-0.4555088982203559,-0.1109853758555005,1.1023255813953488,,,,,8.0213,0.0
1997-03-31,-0.6389521640091116,,,-0.0259100919808265,-0.5438113075971279,-0.3742599764199432,,-0.5746133875155209,-1.0,,-0.3985189365759387,,,,-0.4061728929483572,,-0.546697431546418,,0.3172781827497172,-0.1426703126857686,,-0.8831168831168831,-0.2518234138936821,,-0.6556696181590278,,,,-0.4050412205060172,,-0.4871891158034605,-0.5916365553119486,,,,0.4334821949194981,,-22000.0,,,,,-0.5489140880261387,,-0.3266173091651774,,,,-0.6393969945748715,,,,,-0.6389521640091116,-0.3954983245168497,-0.3865046910882129,-0.3172363387736577,,,,-0.0677966101694915,,,,,-1.323583180987203,,0.0248169748107705,-0.4326764687938503,-0.4351528893566008,0.0973323720259553,,-0.154570364645542,,,0.1203852327447833,,,-0.3724832214765101,,-0.396658747796766,,,,,0.0,,-0.361546499477534,0.2610077167498865,,,0.1476361625656621,,-0.8549415515409139,,-0.1120869043840158,-0.2338634237605238,0.2708803611738149,0.0,-0.2377976693126161,,0.1087225903776736,0.0127028506098386,0.6479750778816199,,,,,,,0.4080682699767261,0.0476208320757736,-0.2155568886222755,-0.0030364702228265,1.5674418604651164,,,,,7.9496,-0.108106068229848
1996-12-31,-0.5874480771807584,,,0.2850110117890918,-0.4561794355149761,-0.3902037870746044,,-0.4391579185009595,-1.0,,-0.4147661681331931,,,,-0.4169949352841868,,-0.4708199254331053,,0.3923544003287121,-0.1426703126857686,,-0.4675324675324675,-0.2736056797258157,,-0.5936642247588605,,,,-0.3246849237183739,,-0.4698575926514342,-0.516771960917626,,,,0.4554341338931078,,-22000.0,,,,,-0.5489140880261387,,-0.312320653561399,,,,-0.3321330836814057,,,,,-0.5874480771807584,-0.4060359543931379,-0.3626010568821124,-0.3007326460724158,,,,-0.0677966101694915,,,,,,,-0.0992678992430822,-0.4245419234132552,-0.4481716743784886,-0.2116592851992996,,-0.5480222019251036,,,-0.160513643659711,,,-0.0369127516778523,,-0.1207755383554295,,,,,-0.2235294117647059,0.5184265010351967,-0.2779519331243469,-0.1815705855651384,,,0.175283384019906,,-0.6424017003188098,,-0.1967340316721334,-0.7100943957819542,0.5417607223476298,-0.0734214390602055,-0.7106907616956595,,0.194924842411508,-0.069873264086434,,,,,,,,0.330488750969744,-0.0287442700853385,-0.6154769046190762,-0.0836180476669352,-0.7581395348837209,,,,,7.0186,0.2346906790528026
1996-09-30,-0.6050348385367814,,,-0.2591009198082653,-0.4604993165331103,-0.4195739645963489,,-0.5181736087594536,-1.0,,-0.4293031647896839,,,,-0.4083373014155231,,-0.4708199254331053,,0.3781507915975509,-0.1426703126857686,,-0.5064935064935064,-0.298110728786966,,-0.6091655731089023,,,,-0.3254430019899554,,-0.5334065108755308,-0.5114244898894601,,,,0.4554341338931078,,-22000.0,,,,,-0.3951566403997694,,-0.3388715853969875,,,,-0.3993470641893514,,,,,-0.6050348385367814,-0.3976058504921073,-0.4206527399540709,-0.3408130426325747,,,,-0.245728813559322,,,,,-0.4095063985374771,,0.1737188236753939,-0.4591137412807842,-0.4373226868602488,0.0767329282109383,,-0.154570364645542,,,0.0,,,-0.0129434324065196,,-0.4886198176105448,,,,,0.1176470588235294,,,0.2723558783477077,,,-0.2947193807022394,,-0.8018065887353879,,-0.2954890135082707,-0.2338634237605238,0.0300978179082016,-0.1174743024963289,-0.2377976693126161,,-0.1498841657238295,-0.249763487702986,0.6479750778816199,,,,,,,-0.0574088440651667,-0.2001099900543063,-0.2555488902219556,-0.2658497012400006,-0.7581395348837209,,,,,5.761,0.0493837875368858
1996-06-30,-0.6536077984724642,,,-0.1295504599041326,-0.526531783524591,-0.4271262959590831,,-0.6197652105203748,-1.0,,-0.4369992218431202,,,,-0.4451322453573438,,-0.5391096809350868,,0.4430815743685735,0.4042325526096778,,-0.3116883116883117,-0.3198929946190996,,-0.6775853175504662,,,,-0.4111058466786695,,-0.5507380340275572,-0.5977479507727096,,,,0.4773860728667174,,-22000.0,,,,,-0.5489140880261387,,-0.3143630329333673,,,,-0.4761630419127178,,,,,-0.6536077984724642,-0.4334337920714873,-0.3899194959747987,-0.3195940091595494,,,,-0.3304745762711864,,,,,-2.0548446069469835,,-0.1737188236753939,-0.4367437414841478,-0.4742092444222643,0.1076320939334637,,0.2950888779596712,,,0.1404494382022472,,,-0.6601150527325024,,-0.2740439880450609,,,,,-0.1764705882352941,,-0.1107628004179728,0.226963231956423,,,0.0646944982029306,,-0.8018065887353879,,0.1418544774803371,0.310400544263968,0.4514672686230248,0.3230543318649045,0.3026515791251478,,0.1518237163945908,-0.2263560851119166,1.8940809968847352,,,,,,,0.330488750969744,-0.1753976758271029,0.4243151369726055,-0.2460844086593701,-1.2232558139534884,,,,,3.9118,-0.0181757758576614
1996-03-31,-0.6590513198445666,,,-0.051820183961653,-0.5240632800856571,-0.441391810755359,,-0.5633254317643075,-1.0,,-0.4515362184996109,,,,-0.4213237522185187,,-0.5708402744006539,,0.5080123571395961,0.237783854476281,,0.2467532467532467,-0.3443980436802499,,-0.7000355461953544,,,,-0.456590542973562,,-0.527629336491522,-0.6313606258068952,,,,0.5020820042120283,,-22000.0,,,,,-0.6257928118393234,,-0.2551340311462854,,,,0.0039368188583225,,,,,-0.6590513198445666,-0.4102510063436532,-0.3147937884699113,-0.267725260669932,,,,-0.3304745762711864,,,,,0.3217550274223035,,-0.0868594118376969,-0.4286091961035527,-0.4503414718821366,-0.1601606756617571,,-0.2669851752968453,,,-0.0802568218298555,,,0.2746883988494726,,-0.0901218484175032,,,,,-0.0588235294117647,-0.4753623188405797,-0.361546499477534,-0.1361779391738538,,,-0.2394249377937517,,-0.7486716259298618,,-0.3095968680562903,-0.3699294157666468,0.0,-0.1908957415565345,-0.372909981422057,,-0.1283336027153709,-0.4383231196866008,1.8940809968847352,,,,,,,-0.0574088440651667,-0.37613458893496,-0.3355328934213157,-0.4543801843167833,0.6372093023255814,,,,,3.9829,-0.0727286671097704
1995-12-31,-0.7151614632185448,,,-0.1295504599041326,-0.6005868866926065,-0.449783290047286,,-0.5633254317643075,-1.0,,-0.460087393003429,,,,-0.412666118349855,,-0.659823895206266,,0.5100414441011906,0.237783854476281,,0.3116883116883117,-0.3566505682108251,,-0.7689898198903681,,,,-0.5498341703780916,,-0.5680695571795835,-0.7299068776116666,,,,0.5144299698846837,,-22000.0,,,,,-0.7411108975591005,,-0.2653459280061271,,,,0.0519468049354265,,,,,-0.7151614632185448,-0.4018209024426226,-0.3386974226760118,-0.2842289533711739,,,,-0.3304745762711864,,,,,0.870201096892139,,0.1613103362700086,-0.4611473776259329,-0.4416622818675447,-0.1601606756617571,,-0.0983629593198903,,,-0.0200642054574638,,,0.4904122722914669,,-0.4579661276726186,,,,,-0.0235294117647058,-0.4753623188405797,0.1400208986415883,0.0,,,-0.6541332596074094,,-0.8018065887353879,,-0.464783268084506,-0.1658304277574623,-0.4815650865312265,-0.3377386196769457,-0.1702415132578956,,-0.5162437368676257,-0.4695329898080267,1.8940809968847352,,,,,,,-0.5228859581070597,-0.4085441813640792,-0.1355728854229154,-0.4867431359048486,0.6372093023255814,,,,,3.6273,0.1521533147904758
1995-09-30,-0.7034369556478628,,,-0.1554605518849592,-0.583924488479803,-0.4489441421180933,,-0.5859013432667344,-1.0,,-0.4592322755530472,,,,-0.4472966538245098,,-0.6405096209228774,,0.5262741397939462,0.0951135417905124,,0.2077922077922078,-0.3661803095123835,,-0.7588337640748234,,,,-0.521027196057993,,-0.579623905947601,-0.7024055980382421,,,,0.5240339431856379,,-22000.0,,,,,-0.6642321737459158,,-0.246964513658412,,,,0.0423448077200057,,,,,-0.7034369556478628,-0.4355413180467449,-0.3045493738101539,-0.2606522495122569,,,,-0.3389661016949152,,,,,,,0.0,-0.4672482866613792,-0.4763790419259122,-0.2322587290143166,,0.2669851752968453,,,0.1003210272873194,,,0.2267497603068073,,-0.3353513679209134,,,,,-0.0352941176470588,,-1.3646812957157786,-0.1248297775760326,,,-0.7647221454243849,,-0.8549415515409139,,-0.4506754135364864,0.2763840462624373,-0.7524454477050414,-0.2790014684287812,0.2688735010977875,,-0.710198803943753,-0.5978402336405555,0.6479750778816199,,,,,,,-0.7556245151280062,-0.5306878328313223,0.3443311337732453,-0.6179325503960661,3.8930232558139535,,,,,3.5983,-0.1028161178371791
1995-06-30,-0.7536848452365,,,-0.1813706438657857,-0.6493398296115501,-0.460692213126791,,-0.6987809007788689,-1.0,,-0.4592322755530472,,,,-0.4537898792260075,,-0.7225952866272793,,0.534390487640324,-0.0951135417905124,,0.2207792207792207,-0.4151904076346842,,-0.8213736867284405,,,,-0.6074481190182887,,-0.5738467315635922,-0.77956196573035,,,,0.5542178592743512,,-22000.0,,,,,-0.8948683451854699,,-0.2530916517743171,,,,0.1671707715204762,,,,,-0.7536848452365,-0.4418638959725178,-0.236253276078438,-0.2134988417944229,,,,-0.5847457627118644,,,,,-0.3485679463741621,,0.0,-0.4733491956968255,-0.4828884344368562,0.0046348748583788,,-0.0983629593198903,,,0.1805778491171749,,,0.011025886864813,,-0.2433902981071346,,,,,0.0823529411764705,,0.0564263322884012,0.1021334543803903,,,-0.4882499308819463,,-0.8549415515409139,,-0.3519204317003491,-0.1658304277574623,-0.1504890895410083,-0.1762114537444934,-0.1702415132578956,,-0.2791875437745811,-0.6381529825473973,0.6479750778816199,,,,,,,-0.2125678820791311,-0.5643127849765335,-0.1755648870225954,-0.6555083264010009,-1.2232558139534884,,,,,4.4096,-0.0399809506531205
1995-03-31,-0.7578721693688865,,,-0.1813706438657857,-0.6524254589102174,-0.4648879527727545,,-0.7439327237837228,-1.0,,-0.4635078628049562,,,,-0.4602831046275053,,-0.7274238551981265,,0.5709140529490243,0.237783854476281,,0.4155844155844156,-0.4396954566958345,,-0.8293916255301862,,,,-0.6210935279067564,,-0.5391836852595395,-0.7925486810844671,,,,0.5789137906196621,,-22000.0,,,,,-0.8948683451854699,,-0.2428797549144753,,,,0.1863747659513178,,,,,-0.7578721693688865,-0.4481864738982908,-0.2294236663052664,-0.2087835010226395,,,,-0.6016949152542372,,,,,2.5155393053016453,,-0.1489018488646234,-0.4550464685904866,-0.4893978269478001,-0.407354001441961,,-0.3512962832853228,,,-0.2407704654895666,,,1.1375838926174495,,0.3390298107134646,,,,,-0.3058823529411765,,-0.1943573667711598,-0.5674080798910577,,,-0.4053082665192148,,-0.8018065887353879,,-0.4365675589884668,-0.4719789097712391,-0.0902934537246049,-0.2790014684287812,-0.4742442155041378,,-0.2360864177576639,-0.7038237509278976,0.6479750778816199,,,,,,,-0.1349883630721489,-0.6252833307338139,-0.495500899820036,-0.7195826265250227,-0.7581395348837209,,,,,4.2333,0.0166536744383814
1994-12-31,-0.7909520300147393,,,-0.2591009198082653,-0.6968585208110268,-0.4707619882771034,,-0.5633254317643075,,,-0.4694936849576289,,,,-0.440803428423012,,-0.7639830172345409,,0.489750574485246,0.0,,0.0129870129870129,-0.4451410231538679,,-0.8614633807371693,,,,-0.659755519757415,,-0.6258413010196713,-0.8376202226075796,,,,0.5898897601064669,,,,,,,-0.5489140880261387,,-0.2816849629818739,,,,0.0039368188583225,,,,,-0.7909520300147393,-0.429218740120972,-0.3113789835833255,-0.2653675902840403,,,,-0.6016949152542372,,,,,0.7483241925655089,,0.0,,-0.5219447895025197,-0.1704603975692656,,-0.3512962832853228,,,0.1203852327447833,,,0.4424736337488015,,0.5842593302168748,,,,,0.0235294117647058,,-0.361546499477534,-0.3971856559237403,,,-0.4329554879734587,,-0.90807651434644,,-0.4929989771805452,-0.4719789097712391,-0.1203912716328066,-0.2936857562408223,-0.4742442155041378,,-0.2791875437745811,-0.7445699702530926,0.6479750778816199,,,,,,,-0.2125678820791311,-0.663769721743393,-0.5754849030193961,-0.7599820157557619,-0.7581395348837209,,,,,5.6443,-0.1249933561291923
1994-09-30,-0.8014203403457055,,,-0.2072807358466122,-0.7092010380056961,-0.4749577279230669,,-0.6874929450276555,,,-0.4729141547591561,,,,-0.3931864421453617,,-0.7453585384612732,,0.4369943134837901,1.0938057305908928,,-0.0389610389610389,-0.4587549392989514,,-0.858256205216471,,,,-0.6756751634606273,,-0.6085097778676449,-0.8437316180683406,,,,0.6022377257791224,,,,,,,-0.472035364212954,,-0.3449987235128925,,,,-0.4473570502664554,,,,,-0.8014203403457055,-0.3828531686653038,-0.4240675448406567,-0.3431707130184664,,,,-1.694050847457627,,,,,0.4436319317489335,,-0.3102121851346321,-0.392003741890875,-0.576189727093719,,,-0.4637110939366261,,,0.1203852327447833,,,0.322627037392138,,-0.0901218484175032,,,,,-0.1764705882352941,,-0.1107628004179728,-0.3290966863368134,,,-0.3776610450649709,,-0.8018065887353879,,-0.4929989771805452,-0.608044901777362,-0.0902934537246049,-0.3377386196769457,-0.6093565276135788,,-0.2360864177576639,-0.627749692506922,0.6479750778816199,,,,,,,-0.1349883630721489,-0.5541847873424337,-0.6554689062187562,-0.642476265358827,0.1720930232558139,,,,,4.5694,-0.1076946645073751
1994-06-30,-0.797233016213319,,,-0.2591009198082653,-0.6987098983902272,-0.4808317634274158,,-0.6197652105203748,,,-0.4797550943622106,,,,-0.3434050474005454,,-0.7357014013195788,,0.3943834872903065,1.0938057305908928,,-0.0129870129870129,-0.4628391141424764,,-0.8464965616405772,,,,-0.6771913200037903,,-0.5911782547156186,-0.8376202226075796,,,,0.6077257105225248,,,,,,,-0.3182779165865846,,-0.3695072759765126,,,,-0.418551058620193,,,,,-0.797233016213319,-0.3343800712343779,-0.4787044230260293,-0.3808934391927336,,,,0.2232711864406779,,,,,4.099939061547837,,0.6824668072961906,-0.4509791959001891,-0.4026059268018812,0.0252343186733958,,-0.491814796599452,,,-0.0802568218298555,,,1.7607861936720997,,1.1360257490995478,,,,,0.0235294117647058,,0.8087774294670846,-0.3858374943259192,,,-0.184130494885264,,-0.8549415515409139,,-0.5071068317285649,-0.6420613997788928,-0.2708803611738149,-0.4405286343612334,-0.643134605640939,,-0.2145358547492053,-0.7094588663664884,0.6479750778816199,,,,,,,0.0977501939487975,-0.6303473295508638,-0.7354529094181164,-0.7239266468724139,2.9627906976744187,,,,,3.1634,0.088891698805083
1994-03-31,-0.8378500602974676,,,-0.2331908278274387,-0.751782722327305,-0.4900623906485354,,-0.6197652105203748,,,-0.4883062688660287,,,,-0.4213237522185187,,-0.7832972915179295,,0.347714487173634,-0.1426703126857686,,-0.7792207792207793,-0.4669232889860015,,-0.8732230243130631,,,,-0.6832559461764427,,-0.6316184754036801,-0.8506069379616968,,,,0.610469702894226,,,,,,,-0.0492023832404382,,-0.4654991064590247,,,,-0.5817850112823467,,,,,-0.8378500602974676,-0.4102510063436532,-0.6631038869016621,-0.5082076400308855,,,,1.154542372881356,,,,,0.3217550274223035,,-0.0868594118376969,-0.4428446505195941,-0.4655300544076724,-0.2219590071068081,,-0.491814796599452,,,0.0200642054574638,,,0.2746883988494726,,-0.4886198176105448,,,,,-0.0470588235294117,,0.0564263322884012,-0.0567408079891057,,,-0.4329554879734587,,-0.8549415515409139,,-0.5212146862765845,-0.6420613997788928,-0.0902934537246049,-0.3524229074889868,-0.643134605640939,,-0.2360864177576639,-0.7606083757321587,,,,,,,,-0.2125678820791311,-0.6783540383364967,-0.7354529094181164,-0.7751860869716314,-1.2232558139534884,,,,,2.8119,0.2250080017070307
1993-12-31,-0.8411999196033767,,,-0.2331908278274387,-0.7530169740467719,-0.4950972782236916,,-0.552037476013094,,,-0.4934369735683196,,,,-0.4278169776200164,,-0.7867462690685346,,0.3619180959047952,-0.0713351563428843,,-0.7272727272727273,-0.4655618973714931,,-0.8796373753544597,,,,-0.6885624940775135,,-0.6431728241716976,-0.8613018800180287,,,,0.6090977067083754,,,,,,,0.0661157024793388,,-0.4573295889711514,,,,-0.5529790196360843,,,,,-0.8411999196033767,-0.4165735842694261,-0.6596890820150764,-0.5058499696449937,,,,1.154542372881356,,,,,0.992078001218769,,0.0496339496215411,,-0.5132655994879278,-0.0571634565866721,,-0.5480222019251036,,,0.2608346709470305,,,0.5383509108341323,,-0.3046976779829872,,,,,0.2235294117647059,,-0.1943573667711598,0.0567408079891057,,,-0.4882499308819463,,-0.8549415515409139,,-0.6058618135647021,-0.7100943957819542,-0.2106847253574116,-0.4405286343612334,-0.7106907616956595,,-0.3222886697914983,-0.7419691477429737,0.6479750778816199,,,,,,,-0.2125678820791311,-0.6617441222165731,-0.8154369126174765,-0.7560723974431096,0.1720930232558139,,,,,2.5307,0.361125380329553
1993-09-30,-0.811469918263433,,,-0.2072807358466122,-0.7067325345667622,-0.4984538699404625,,-0.5181736087594536,,,-0.4968574433698468,,,,-0.4667763300290031,,-0.7322524237689737,,0.3862671394439287,-0.0951135417905124,,-0.8051948051948052,-0.4655618973714931,,-0.8363405058250325,,,,-0.6218516061783379,,-0.5854010803316098,-0.8024796987082038,,,,0.6090977067083754,,,,,,,0.1045550643859311,,-0.4777533826908348,,,,-0.5913870084977675,,,,,-0.811469918263433,-0.4545090518240637,-0.6972519357675201,-0.5317843438898024,,,,-7.92535593220339,,,,,0.1389396709323583,,-0.1240848740538528,-0.5018201045289081,-0.5436427645389994,-0.3764548357194355,,-0.4637110939366261,,,-0.0401284109149277,,,0.2027804410354746,,-0.3660050578588397,,,,,-0.1764705882352941,,-0.1107628004179728,-0.2723558783477077,,,-0.5435443737904341,,-0.8549415515409139,,-0.6058618135647021,-0.608044901777362,-0.3009781790820166,-0.4405286343612334,-0.6093565276135788,,-0.3869403588168741,-0.6587428274191713,0.6479750778816199,,,,,,,-0.2901474010861132,-0.5845687802447329,-0.6954609078184363,-0.6733188098253052,0.1720930232558139,,,,,2.3901,0.088238985816493
1993-06-30,-0.805607664478092,,,-0.2331908278274387,-0.6962413949512933,-0.5009713137280406,,-0.6197652105203748,,,-0.500277913171374,,,,-0.4213237522185187,,-0.7239748776475214,,0.3558308350200119,-0.0951135417905124,,-0.7272727272727273,-0.4710074638295265,,-0.8261844500094879,,,,-0.6188192930920118,,-0.6142869522516538,-0.7864372856237061,,,,0.6159576876376284,,,,,,,0.1429944262925235,,-0.4879652795506765,,,,-0.5433770224206635,,,,,-0.805607664478092,-0.4102510063436532,-0.7177407650870349,-0.5459303662051527,,,,-7.92535593220339,,,,,0.8092626447288239,,0.0124084874053852,-0.4591137412807842,-0.5197749919988717,-0.1601606756617571,,-0.491814796599452,,,0.2407704654895666,,,0.4664429530201342,,-0.5805808874243237,,,,,0.1176470588235294,,-0.1107628004179728,0.0453926463912846,,,-0.5711915952446779,,-0.90807651434644,,-0.6199696681127218,-0.6420613997788928,-0.2708803611738149,-0.4405286343612334,-0.643134605640939,,-0.3653897958084155,-0.6511570950979914,,,,,,,,-0.3677269200930954,-0.5772766219481811,-0.7754449110177964,-0.6652823721826313,-0.7581395348837209,,,,,3.2337,-0.0652194081083587
1993-03-31,-0.7733652686587164,,,-0.2331908278274387,-0.6462542003128828,-0.5043279054448113,,-0.6084772547691613,,,-0.5028432655225196,,,,-0.4602831046275053,,-0.6660320547973553,,0.3842380524823343,-0.0951135417905124,,-0.7792207792207793,-0.4764530302875599,,-0.7855602267473093,,,,-0.5543826400075808,,-0.5622923827955747,-0.7230315577183105,,,,0.6200736761951802,,,,,,,0.1814337881991159,,-0.4859229001787082,,,,-0.572183014066926,,,,,-0.7733652686587164,-0.4481864738982908,-0.7177407650870349,-0.5459303662051527,,,,-3.6880677966101696,,,,,0.4436319317489335,,-0.0620424370269264,-0.4550464685904866,-0.4742092444222643,-0.366155113811927,,-0.491814796599452,,,0.0802568218298555,,,0.322627037392138,,-0.5805808874243237,,,,,-0.1764705882352941,-0.3097308488612836,0.0564263322884012,-0.1815705855651384,,,-0.4882499308819463,,-0.7486716259298618,,-0.5353225408246041,-0.6420613997788928,-0.1805869074492099,-0.3964757709251101,-0.643134605640939,,-0.3007381067830397,-0.6554917992815228,0.6479750778816199,,,,,,,-0.2125678820791311,-0.580720141143775,-0.6554689062187562,-0.6702779955821313,-0.7581395348837209,,,,,2.7416,-0.0256419608987452
1992-12-31,-0.8085387913707625,,,-0.2591009198082653,-0.6956242690915598,-0.5076844971615821,,-0.5859013432667344,,,,,,,-0.440803428423012,,-0.7232850821374004,,0.370034443751173,-0.1188919272381405,,-0.7532467532467533,-0.4818985967455933,,-0.8320642717974348,,,,-0.6271581540794087,,-0.5565152084115659,-0.7872012100563013,,,,0.6255616609385826,,,,,,,0.2967518739188929,,-0.4797957620628031,,,,-0.5433770224206635,,,,,-0.8085387913707625,-0.429218740120972,-0.7177407650870349,-0.5459303662051527,,,,-3.6880677966101696,,,,,0.7483241925655089,,0.0,,-0.4698696494149683,-0.34555566999691,,-0.5480222019251036,,,-0.1203852327447833,,,0.4424736337488015,,-0.4579661276726186,,,,,0.0941176470588235,,-0.1107628004179728,-0.2042669087607807,,,-0.902958252695604,,-0.8549415515409139,,-0.7892639226889571,-0.7100943957819542,-0.6019563581640331,-0.631424375917768,-0.7106907616956595,,-0.6024459889014601,-0.6849677877295361,,,,,,,,-0.2125678820791311,-0.6111041340460743,-0.8154369126174765,-0.698948529874914,-1.2232558139534884,,,,,2.8822,-0.1219554506973839
1992-09-30,-0.7884396355353075,,,-0.2072807358466122,-0.669087857123021,-0.5034887575156186,,-0.6649170335252286,,,-0.6447927622859,,,,-0.4429678368901779,,-0.6887953066313491,,0.3659762698279841,-0.1188919272381405,,-0.7922077922077922,-0.2559075887372071,,-0.7999925165904517,,,,-0.5756088316118639,,-0.6085097778676449,-0.7436575173983789,,,,0.6269336571244332,,,,,,,-0.0107630213338458,,-0.5043043145264233,,,,-0.6105910029286091,,,,,-0.7884396355353075,-0.4313262660962296,-0.731399984633378,-0.5553610477487195,,,,2.667864406779661,,,,,0.1998781230956733,,-0.1116763866484675,-0.4875846501128668,-0.5414729670353514,-0.1807601194767741,,-0.491814796599452,,,0.1404494382022472,,,0.2267497603068073,,-0.5805808874243237,,,,,0.0352941176470588,,-0.1943573667711598,0.0226963231956423,,,-0.4606027094277025,,-0.8549415515409139,,-0.5494303953726237,-0.6420613997788928,-0.1504890895410083,-0.381791483113069,-0.643134605640939,,-0.2791875437745811,-0.6316509262721002,0.6479750778816199,,,,,,,-0.3677269200930954,-0.5582359863960735,-0.7354529094181164,-0.64595148163674,-0.7581395348837209,,,,,3.5149,-0.100002845031153
1992-06-30,-0.8399437223636608,,,-0.1554605518849592,-0.7406744568521026,-0.5093627930199676,,-0.676204989276442,,,-0.6499234669881908,,,,-0.4537898792260075,,-0.7729503588661142,,0.3882962264055232,-0.1188919272381405,,-0.7142857142857143,-0.2599917635807322,,-0.865739614764767,,,,-0.6688524590163935,,-0.5911782547156186,-0.8360923737423894,,,,0.6296776494961344,,,,,,,-0.0492023832404382,,-0.5043043145264233,,,,-0.5529790196360843,,,,,-0.8399437223636608,-0.4418638959725178,-0.7279851797467922,-0.5530033773628278,,,,-0.8632033898305085,,,,,1.2358318098720291,,0.0992678992430822,-0.4631810139710817,-0.5045864094733359,-0.2425584509218251,,-0.491814796599452,,,,,,0.6342281879194631,,-0.5805808874243237,,,,,-0.0588235294117647,,-0.1107628004179728,-0.0453926463912846,,,-0.3776610450649709,,-0.8018065887353879,,-0.5071068317285649,-0.6420613997788928,-0.0902934537246049,-0.3524229074889868,-0.643134605640939,,-0.2360864177576639,-0.7083751903206056,0.6479750778816199,,,,,,,-0.3677269200930954,-0.6295370897401359,-0.6954609078184363,-0.7230578428029357,0.1720930232558139,,,,,,
1992-03-31,-0.970169502880879,,,-0.1813706438657857,-0.9264293406318752,-0.5177542723118945,,-0.6423411220228017,,,-0.6593297589423908,,,,-0.4775983723648327,,-0.9736808523113324,,0.3903253133671176,-0.1188919272381405,,-0.8441558441558441,-0.2640759384242572,,-1.026632920053132,,,,-0.8773239837013171,,-0.6720586960917415,-1.060686156925357,,,,0.6351656342395369,,,,,,,-0.3951566403997694,,-0.5247281082461067,,,,-0.6489989917902924,,,,,-0.970169502880879,-0.4650466817003519,-0.731399984633378,-0.5553610477487195,,,,-3.6880677966101696,,,,,0.1389396709323583,,-0.1240848740538528,-0.4489455595550403,-0.4785488394295602,-0.4176537233494695,,-0.491814796599452,,,,,,0.2027804410354746,,-0.5192735075484711,,,,,-0.2,,0.1400208986415883,-0.2610077167498865,,,,,-0.8549415515409139,,-0.6199696681127218,-0.6420613997788928,-0.3009781790820166,-0.4552129221732746,-0.643134605640939,,-0.3869403588168741,-0.9959828128979124,,,,,,,,-0.2901474010861132,-0.8997520666179173,-0.7354529094181164,-1.0110663918349794,,,,,,,
1991-12-31,-0.965563446335254,,,-0.2850110117890918,-0.91840670445534,-0.5194325681702799,,-0.5181736087594536,,,-0.6610399938431544,,,,-0.4343102030215142,,-0.968162488230364,,0.3619180959047952,-0.0951135417905124,,-0.7662337662337663,-0.2695215048822906,,-1.0202185690117356,,,,-0.8803562967876434,,-0.6720586960917415,-1.0637418546557376,,,,0.6406536189829393,,,,,,,-0.4335960023063617,,-0.5267704876180751,,,,-0.6009890057131884,,,,,-0.965563446335254,-0.422896162195199,-0.731399984633378,-0.5553610477487195,,,,-3.6880677966101696,,,,,0.6264472882388787,,-0.0248169748107705,,-0.5262843845098156,-0.0571634565866721,,-0.491814796599452,,,0.0802568218298555,,,0.3945349952061361,,-0.5499271974863974,,,,,0.1529411764705882,,0.0564263322884012,0.147526100771675,,,,,-0.90807651434644,,-0.5494303953726237,-0.6420613997788928,-0.1203912716328066,-0.3671071953010279,-0.643134605640939,,-0.2576369807661225,-0.9868799341124964,0.6479750778816199,,,,,,,-0.2901474010861132,-0.8900291888891815,-0.7754449110177964,-1.001726748088088,,,,,,,
1991-09-30,-0.9718444325338336,,,-0.2591009198082653,-0.9233437113332078,-0.5253066036746288,,-0.6987809007788689,,,-0.667025815995827,,,,-0.4819271892991645,,-0.9729910568012112,,0.4045289220982788,-0.1188919272381405,,-0.7792207792207793,-0.2599917635807322,,-1.0293055663203807,,,,-0.8780820619728987,,-0.6662815217077327,-1.056102610329786,,,,0.631049645681985,,,,,,,-0.3182779165865846,,-0.5226857288741383,,,,-0.6105910029286091,,,,,-0.9718444325338336,-0.4692617336508672,-0.7348147895199638,-0.5577187181346112,,,,-0.9592542372881356,,,,,0.3826934795856185,,-0.0744509244323117,-0.5018201045289081,-0.5349635745244075,-0.2219590071068081,,-0.4637110939366261,,,0.0401284109149277,,,0.2986577181208054,,-0.5805808874243237,,,,,-0.0235294117647058,,0.0564263322884012,-0.0226963231956423,,,,,-0.90807651434644,,-0.5635382499206433,-0.608044901777362,-0.1805869074492099,-0.381791483113069,-0.6093565276135788,,-0.3007381067830397,-0.9801611426280228,0.6479750778816199,,,,,,,-0.2901474010861132,-0.8841549502614037,-0.7354529094181164,-0.9952107175670012,,,,,,,
1991-06-30,-0.9743568270132654,,,-0.2850110117890918,-0.9159382010164064,-0.5404112664000973,,-0.6197652105203748,-41.90909090909091,,-0.6730116381484997,,,,-0.4905848231678282,,-0.9709216702708482,,0.4167034438678456,-0.1188919272381405,,-0.7532467532467533,-0.2817740294128658,,-1.034650858854878,,,,-0.8811143750592249,,-0.6720586960917415,-1.0591583080601668,,,,0.6379096266112381,,,,,,,-0.2413991927733999,,-0.514516211386265,,,,-0.5241730279898219,,,,,-0.9743568270132654,-0.4776918375518978,-0.7279851797467922,-0.5530033773628278,,,,-7.366033898305084,,,,,0.8092626447288239,,0.0124084874053852,-0.4957191954934619,-0.5197749919988717,-0.2940570604593676,,-0.491814796599452,,,,,,0.4664429530201342,,-0.3660050578588397,,,,,-0.0470588235294117,,,-0.1815705855651384,,,,,-0.90807651434644,,-0.6340775226607414,-0.6420613997788928,-0.3009781790820166,-0.4552129221732746,-0.643134605640939,,-0.3869403588168741,-0.9922983143419106,0.6479750778816199,,,,,,,-0.3677269200930954,-0.8963085474223234,-0.7754449110177964,-1.0071567735223272,,,,,,1.5466,0.8181171602224234
1991-03-31,-0.974775559426504,,,-0.2331908278274387,-0.9147039492969392,-0.5429287101876754,,-0.6874929450276555,-41.90909090909091,,-0.6747218730492633,,,,-0.4840915977663305,,-0.966782897210122,,0.4045289220982788,-0.0951135417905124,,-0.7922077922077922,-0.2885809874854075,,-1.0287710370669312,,,,-0.8750497488865725,,-0.683613044859759,-1.0507551393016203,,,,0.6433976113546405,,,,,,,-0.3951566403997694,,-0.5390247638498851,,,,-0.5625810168515051,,,,,-0.974775559426504,-0.4713692596261249,-0.7553036188394786,-0.5718647404499614,,,,-7.366033898305084,,,,,0.2608165752589884,,-0.0992678992430822,-0.485551013767718,-0.5132655994879278,-0.2322587290143166,,-0.5199184992622778,,-1.7468354430379749,,,,0.2746883988494726,,-0.4273124377346923,,,,,0.0588235294117647,,,-0.0907852927825692,,,,,-0.8549415515409139,,-0.6622932317567806,-0.6760778977804235,-0.3611738148984199,-0.4992657856093979,-0.6769126836682993,,-0.4300414848337913,-0.9955493424795592,0.6479750778816199,,,,,,,-0.3677269200930954,-0.8997520666179173,-0.7754449110177964,-1.0104147887828707,,,,,,1.6871,0.166676545551538
1990-12-31,-0.9697507704676404,,,-0.2591009198082653,-0.9066813131204045,-0.5437678581168681,,-0.6310531662715883,-41.90909090909091,,-0.6755769904996451,,,,-0.4732695554305008,,-0.9612645331291538,,0.4024998351366843,-0.0951135417905124,,-0.7402597402597403,-0.2926651623289326,,-1.0186149812513865,,,,-0.8636785748128494,,-0.683613044859759,-1.048463366003835,,,,0.6475135999121923,,,,,,,-0.4335960023063617,,-0.5533214194536635,,,,-0.514571030774401,,,,,-0.9697507704676404,-0.4608316297498366,-0.7757924481589933,-0.5860107627653116,,,,-7.366033898305084,,,,,1.1139549055453992,,0.0744509244323117,,-0.5089260044806319,-0.2322587290143166,,-0.491814796599452,,-1.7468354430379749,,,,0.6102588686481304,,-0.4273124377346923,,,,,-0.0352941176470588,,0.1400208986415883,-0.0907852927825692,,,,,-0.8018065887353879,,-0.5776461044686629,-0.6420613997788928,-0.2407825432656132,-0.4258443465491923,-0.643134605640939,,-0.3438392327999569,-0.9762599088628444,0.6479750778816199,,,,,,,,-0.8809139910184917,-0.6954609078184363,-0.9915183002717184,,,,,,1.5466,-0.1818181818181817
1990-09-30,-0.9684945732279244,,,-0.2072807358466122,-0.9011271803828032,-0.5488027456920244,,-0.6423411220228017,-41.90909090909091,,-0.6815628126523178,,,,-0.4884204147006623,,-0.9481584184368544,,0.3943834872903065,-0.0951135417905124,,-0.8831168831168831,-0.2953879455579493,,-1.013804217970339,,,,-0.8538235572822894,,-0.6778358704757503,-1.0331848773519323,,,,0.6516295884697441,,,,,,,-0.5104747261195464,,-0.5655756956854736,,,,-0.6105910029286091,,,,,-0.9684945732279244,-0.4755843115766401,-0.7894516677053365,-0.5954414443088784,,,,-7.366033898305084,,,,,-0.287629494210847,,-0.2109442858915498,,-0.5588313470645352,-0.2734576166443506,,-0.5480222019251036,,-1.3248945147679323,,,,0.1069031639501438,,-0.5192735075484711,,,,,-0.1058823529411764,,0.0564263322884012,,,,,,-0.8018065887353879,,-0.6199696681127218,-0.7100943957819542,-0.2708803611738149,-0.4698972099853157,-0.7106907616956595,,-0.3869403588168741,-0.9899142270409684,0.6479750778816199,,,,,,,-0.2901474010861132,-0.8940803879428214,-0.7354529094181164,-1.0049847633486315,,,,,,1.2654,0.0
1990-06-30,-0.9802190807986064,,,-0.1554605518849592,-0.9165553268761396,-0.5513201894796024,,-0.6310531662715883,-41.90909090909091,,-0.6841281650034632,,,,-0.468940738496169,,-0.9736808523113324,,0.4004707481750899,-0.0713351563428843,,-0.7272727272727273,-0.2885809874854075,,-1.0293055663203807,,,,-0.8826305316023879,,-0.6893902192437679,-1.0629779302231424,,,,0.6447696075404911,,,,,,,-0.356717278493177,,-0.5635333163135052,,,,-0.4953670363435594,,,,,-0.9802190807986064,-0.4566165777993213,-0.7996960823650938,-0.6025144554665535,,,,-7.366033898305084,,,,,0.3217550274223035,,-0.0868594118376969,-0.4591137412807842,-0.5371333720280554,-0.2219590071068081,,-0.491814796599452,,-1.1139240506329111,0.0802568218298555,,,0.2746883988494726,,-0.6418882673001762,,,,,0.0117647058823529,,-0.1107628004179728,0.0,,,,,-0.8018065887353879,,-0.5776461044686629,-0.6420613997788928,-0.2106847253574116,-0.4111600587371512,-0.643134605640939,,-0.3222886697914983,-1.0083367198209767,0.6479750778816199,,,,,,,-0.3677269200930954,-0.910690304062745,-0.7354529094181164,-1.0234468498250446,,,,,,1.8277,-0.1537998577447065
1990-03-31,-0.9768692214926972,,,-0.1554605518849592,-0.9085326906996049,-0.5555159291255659,,-0.6423411220228017,-41.90909090909091,,-0.6884037522553723,,,,-0.4754339638976668,,-0.966782897210122,,0.4065580090598732,-0.0475567708952562,,-0.7272727272727273,-0.2899423790999159,,-1.025029332292783,,,,-0.8750497488865725,,-0.683613044859759,-1.0553386858971912,,,,0.6461416037263417,,,,,,,-0.4335960023063617,,-0.5635333163135052,,,,-0.466561044697297,,,,,-0.9768692214926972,-0.4629391557250943,-0.7928664725919223,-0.5977991146947701,,,,-7.366033898305084,,,,,0.4436319317489335,,-0.0620424370269264,-0.4550464685904866,-0.4742092444222643,-0.469152332887012,,-0.5199184992622778,,-1.3248945147679323,0.0802568218298555,,,0.3945349952061361,,-0.6725419572381025,,,,,-0.2470588235294117,,0.0564263322884012,-0.2610077167498865,,,,,-0.7486716259298618,,-0.6058618135647021,-0.6760778977804235,-0.3009781790820166,-0.4698972099853157,-0.6769126836682993,,-0.3869403588168741,-1.0009677227089733,0.6479750778816199,,,,,,,-0.3677269200930954,-0.9044109455296032,-0.6954609078184363,-1.016279216251849,,,,,,2.5307,-0.157900647624752
1989-12-31,-0.9751942918397428,,,-0.2850110117890918,-0.9042128096814704,-0.558033372913144,,-0.6197652105203748,-41.90909090909091,,-0.6909691046065177,,,,-0.440803428423012,,-0.962644124149396,,0.3720635307127675,-0.0237783854476281,,-0.7402597402597403,-0.2940265539434409,,-1.0239602737858835,,,,-0.8826305316023879,,-0.6778358704757503,-1.0530469125994055,,,,0.6502575922838935,,,,,,,-0.4335960023063617,,-0.5594485575695686,,,,-0.4569590474818762,,,,,-0.9751942918397428,-0.429218740120972,-0.7860368628187507,-0.5930837739229867,,,,-7.366033898305084,,,,,0.7483241925655089,,0.0,-0.5038537408740569,-0.5219447895025197,-0.1395612318467401,,-0.5199184992622778,,,,,,0.4424736337488015,,-0.5499271974863974,,,,,0.0823529411764705,,-0.1107628004179728,0.0567408079891057,,,,,-0.90807651434644,,-0.5635382499206433,-0.6760778977804235,-0.1203912716328066,-0.381791483113069,-0.6769126836682993,,-0.2576369807661225,-1.0048689564741515,0.6479750778816199,,,,,,,-0.3677269200930954,-0.9068416649617872,-0.8154369126174765,-1.0195372315123925,,,,,,1.8277,0.0
1989-09-30,-0.9831502076912768,,,-0.2591009198082653,-0.9110011941385386,-0.5647465563466856,,-0.6536290777740151,-132.8181818181818,,-0.6978100442095722,,,,-0.4819271892991645,,-0.967472692720243,,0.3903253133671176,0.0,,-0.8701298701298701,-0.2967493371724576,,-1.0341163296014282,,,,-0.8833886098739695,,-0.6778358704757503,-1.0568665347623811,,,,0.6530015846555947,,,,,,,-0.356717278493177,,-0.5594485575695686,,,,-0.4953670363435594,,,,,-0.9831502076912768,-0.4692617336508672,-0.7928664725919223,-0.5977991146947701,,,,-9.247389830508476,,,,,0.7483241925655089,,0.0,,-0.5219447895025197,-0.2837573385518591,,-0.5199184992622778,,,,,,0.4424736337488015,,-0.5805808874243237,,,,,-0.0235294117647058,,-0.1107628004179728,-0.0907852927825692,,,,,-0.8018065887353879,,-0.6058618135647021,-0.6760778977804235,-0.2708803611738149,-0.4552129221732746,-0.6769126836682993,,-0.3653897958084155,-1.0022681339640327,0.6479750778816199,,,,,,,,-0.9054237452930132,-0.7354529094181164,-1.0173652213386968,,,,,,,0.0908444329496961
1989-06-30,-0.9873375318236636,,,-0.2591009198082653,-0.9153210751566728,-0.5672640001342637,,-0.676204989276442,-132.8181818181818,,-0.7012305140110994,,,,-0.4884204147006623,,-0.9695420792506062,,0.3923544003287121,0.0237783854476281,,-0.8961038961038961,-0.2899423790999159,,-1.0389270928824756,,,,-0.8879370795034587,,-0.6778358704757503,-1.0583943836275715,,,,0.6475135999121923,,,,,,,-0.356717278493177,,-0.5614909369415368,,,,-0.5337750252052427,,,,,-0.9873375318236636,-0.4755843115766401,-0.7962812774785081,-0.6001567850806618,,,,-9.247389830508476,,,,,,,,,,,,,,,,,,,,,,,,,,,,,,,,,-0.8549415515409139,,-0.6058618135647021,-0.6760778977804235,-0.2407825432656132,-0.4405286343612334,-0.6769126836682993,,-0.3438392327999569,-1.002701604382386,0.6479750778816199,,,,,,,-0.2901474010861132,-0.9056263052456952,-0.7754449110177964,-1.0175824223560663,,,,,,1.9683,-0.1428644007519178
1989-03-31,,,,,,,,,,,,,,,,,,,,,,,,,,,,,,,,,,,,,,,,,,,,,,,,,,,,,,,,,,,,,-9.247389830508476,,,,,,,,,,,,,,,,,,,,,,,,,,,,,,,,,,,1.9899834232709064,,,2.3348017621145374,,,3.7938688648240935,,,,,,,,,,-0.913121023494929,,,,,,,,2.2495,-0.0625027783951987
1988-12-31,-0.9919435883692884,,,-0.2850110117890918,-0.9011271803828032,-0.5957950297268154,,-0.055367422959702,,,-0.7046509838126267,,,,-0.468940738496169,,-0.9771298298619374,,0.3903253133671176,0.0,,-0.7922077922077922,-0.3280613443061497,,-1.040530680642825,,,,-0.8947597839476926,,-0.6893902192437679,,,,,0.6447696075404911,,,,,,,-0.5873534499327311,,-0.5778299719172836,,,,-0.2073071198809352,,,,,-0.9919435883692884,-0.4566165777993213,-0.8031108872516797,-0.6048721258524452,,,,-9.247389830508476,,,,,,,,,,,,,,,,,,,,,,,,,,,,,,,,,,,1.6231792050223963,,,-7.694566813509545,,,-10.925165669953127,-0.9099389348548144,,,,,,,,,-0.9183875822646608,-27.37012597480504,,,,,,,1.5466,-0.1537998577447065
1988-09-30,,,,,,,,,,,,,,,,,,,,,,,,,,,,,,,,,,,,,,,,,,,,,,,,,,,,,,,,,,,,,-12.51857627118644,,,,,,,,,,,,,,,,,,,,,,,,,,,,,,,,,,,1.8065813141466511,,,2.1439060205580027,,,3.513711545714132,,,,,,,,,,-0.9157543028797948,,,,,,,,1.8277,-0.0769272856595721
1988-06-30,,,,,,,,,,,,,,,,,,,,,,,,,,,,,,,,,,,,,,,,,,,,,,,,,,,,,,,,,,,,,-12.51857627118644,,,,,,,,,,,,,,,,,,,,,,,,,,,,,,,,,,,1.6090713504743763,,,1.9383259911894275,,,3.2120036635957114,,,,,,,,,,-0.9185901422173428,,,,,,,,2.6713,-0.1052670984165013
1988-03-31,,,,,,,,,,,,,,,,,,,,,,,,,,,,,,,,,,,,,,,,,,,,,,,,,,,,,,,,,,,,,-12.51857627118644,,,,,,,,,,,,,,,,,,,,,,,,,,,,,,,,,,,1.3974535322540824,,,1.7180616740088106,,,2.8887452184688325,,,,,,,,,,-0.9216285415075728,,,,,,,,1.9683,0.0
1987-12-31,-0.994874715261959,,,-0.3109211037699184,-0.8894017890478674,-0.6176128758858256,,-0.1230951574669827,,,-0.2907741378278306,,,,-0.4775983723648327,,-0.9778196253720584,,0.4268488786758178,0.1188919272381405,,-0.6103896103896104,-1.0155641096328667,,-1.043737856163523,,,,-0.8947597839476926,,-0.6951673936277767,,,,,0.6379096266112381,,,,,,,-0.6257928118393234,,-0.579872351289252,,,,-0.015267175572519,,,,,-0.994874715261959,-0.4650466817003519,-0.8031108872516797,-0.6048721258524452,,,,-12.51857627118644,,,,,,,,,,,,,,,,,,,,,,,,,,,,,,,,,,,1.5103163686382393,,,-7.488986784140969,,,-10.623457787834708,-0.914707109456699,,,,,,,,,-0.9200080618861168,-26.49030193961208,,,,,,,1.406,0.1999288762446658
1987-09-30,,,,,,,,,,,,,,,,,,,,,,,,,,,,,,,,,,,,,,,,,,,,,,,,,,,,,,,,,,,,,-12.51857627118644,,,,,,,,,,,,,,,,,,,,,,,,,,,,,,,,,,,1.7219341868585334,,,2.055800293685756,,,3.38440816766338,,,,,,,,,,-0.9169696625958867,,,,,,,,2.9525,-0.1904826418289585
1987-06-30,,,,,,,,,,,,,,,,,,,,,,,,,,,,,,,,,,,,,,,,,,,,,,,,,,,,,,,,,,,,,-12.51857627118644,,,,,,,,,,,,,,,,,,,,,,,,,,,,,,,,,,,1.5385320777342786,,,1.8649045521292216,,,3.1042508485534186,,,,,,,,,,-0.9196029419807528,,,,,,,,2.2495,0.7500333407423874
1987-03-31,,,,,,,,,,,,,,,,,,,,,,,,,,,,,,,,,,,,,,,,,,,,,,,,,,,,,,,,,,,,,-12.51857627118644,,,,,,,,,,,,,,,,,,,,,,,,,,,,,,,,,,,1.3833456777060629,,,1.7033773861967694,,,2.867194655460374,,,,,,,,,,-0.9218311014602548,,,,,,,,2.2495,0.0
1986-12-31,-0.9869187994104248,,,-0.3109211037699184,-0.8659510063779957,-0.6335566865404868,,-0.0666553787109154,,,-0.7380005643775173,,,,-0.4472966538245098,,-0.937811485785039,,0.4613433570229236,1.3791463559624302,,-0.2077922077922078,-0.3266999526916413,,-1.0415997391497245,,,,-0.9015824883919265,,-0.7009445680117854,,,,,0.6351656342395369,,,,,,,-0.4335960023063617,,-0.5492366607097269,,,,-0.2073071198809352,,,,,-0.9869187994104248,-0.4355413180467449,-0.7689628383858217,-0.5812954219935282,,,,-12.51857627118644,,,,,,,,,,,,,,,,,,,,,,,,,,,,,,,,,,,1.3974535322540824,,,-7.694566813509545,,,-10.925165669953127,-0.9134066982016396,,,,,,,,,-0.9216285415075728,-26.73025394921016,,,,,,,1.8277,0.2307818569787162
1986-09-30,,,,,,,,,,,,,,,,,,,,,,,,,,,,,,,,,,,,,,,,,,,,,,,,,,,,,,,,,,,,,-12.51857627118644,,,,,,,,,,,,,,,,,,,,,,,,,,,,,,,,,,,1.4821006595422002,,,1.806167400881057,,,3.018048596519584,,,,,,,,,,-0.9204131817914808,,,,,,,,2.3901,-0.1176519810886572
1986-06-30,,,,,,,,,,,,,,,,,,,,,,,,,,,,,,,,,,,,,,,,,,,,,,,,,,,,,,,,,,,,,-12.942305084745763,,,,,,,,,,,,,,,,,,,,,,,,,,,,,,,,,,,1.1999435685818078,,,1.512481644640235,,,2.587037336350412,,,,,,,,,,-0.9244643808451206,,,,,,,,2.2495,0.1250055567903979
1986-03-31,,,,,,,,,,,,,,,,,,,,,,,,,,,,,,,,,,,,,,,,,,,,,,,,,,,,,,,,,,,,,-12.942305084745763,,,,,,,,,,,,,,,,,,,,,,,,,,,,,,,,,,,2.1592776778471414,,,2.511013215859031,,,4.0524756209255965,,,,,,,,,,-0.910690304062745,,,,,,,,2.1089,0.2666793114894019
1985-12-31,-0.945464290499799,,,-0.3627412877315714,-0.7943644066489141,-0.6478222013367626,,0.7686533468788802,,,-0.7516824435836262,,,,-0.4148305268170209,,-0.912978847420682,,0.5201868789091628,0.4755677089525621,,0.3636363636363636,-0.3321455191496748,,-0.9913539893254508,,,,-0.8470008528380555,,-0.6489499985557065,,,,,0.6392816227970887,,,,,,,-0.5489140880261387,,-0.5390247638498851,,,,0.5608526573527294,,,,,-0.945464290499799,-0.4039284284178802,-0.7416443992931354,-0.5624340589063946,,,,-12.942305084745763,,,,,,,,,,,,,,,,,,,,,,,,,,,,,,,,,,,3.880435932705534,,,-13.861967694566813,,,-19.976402133505736,-0.7842325135324046,,,,,,,,,-0.8859779898355415,-50.56548690261948,,,,,,,2.9525,-0.0952413209144792
1985-09-30,,,,,,,,,,,,,,,,,,,,,,,,,,,,,,,,,,,,,,,,,,,,,,,,,,,,,,,,,,,,,-13.840610169491525,,,,,,,,,,,,,,,,,,,,,,,,,,,,,,,,,,,3.7675730963213767,,,4.185022026431718,,,6.509239803889876,,,,,,,,,,-0.8875984694569975,,,,,,,,3.5149,0.0
