,totalAssets,intangibleAssets,earningAssets,otherCurrentAssets,totalLiab,totalStockholderEquity,deferredLongTermLiab,otherCurrentLiab,commonStock,capitalStock,retainedEarnings,otherLiab,goodWill,otherAssets,cash,cashAndEquivalents,totalCurrentLiabilities,currentDeferredRevenue,netDebt,shortTermDebt,shortLongTermDebt,shortLongTermDebtTotal,otherStockholderEquity,propertyPlantEquipment,totalCurrentAssets,longTermInvestments,netTangibleAssets,shortTermInvestments,netReceivables,longTermDebt,inventory,accountsPayable,totalPermanentEquity,noncontrollingInterestInConsolidatedEntity,temporaryEquityRedeemableNoncontrollingInterests,accumulatedOtherComprehensiveIncome,additionalPaidInCapital,commonStockTotalEquity,preferredStockTotalEquity,retainedEarningsTotalEquity,treasuryStock,accumulatedAmortization,nonCurrrentAssetsOther,deferredLongTermAssetCharges,nonCurrentAssetsTotal,capitalLeaseObligations,longTermDebtTotal,nonCurrentLiabilitiesOther,nonCurrentLiabilitiesTotal,negativeGoodwill,warrants,preferredStockRedeemable,capitalSurpluse,liabilitiesAndStockholdersEquity,cashAndShortTermInvestments,propertyPlantAndEquipmentGross,propertyPlantAndEquipmentNet,accumulatedDepreciation,netWorkingCapital,netInvestedCapital,commonStockSharesOutstanding,investments,changeToLiabilities,totalCashflowsFromInvestingActivities,netBorrowings,totalCashFromFinancingActivities,changeToOperatingActivities,changeInCash,beginPeriodCashFlow,endPeriodCashFlow,totalCashFromOperatingActivities,issuanceOfCapitalStock,depreciation,otherCashflowsFromInvestingActivities,dividendsPaid,changeToInventory,changeToAccountReceivables,salePurchaseOfStock,otherCashflowsFromFinancingActivities,changeToNetincome,capitalExpenditures,changeReceivables,cashFlowsOtherOperating,exchangeRateChanges,cashAndCashEquivalentsChanges,changeInWorkingCapital,stockBasedCompensation,otherNonCashItems,freeCashFlow,researchDevelopment,effectOfAccountingCharges,incomeBeforeTax,minorityInterest,sellingGeneralAdministrative,sellingAndMarketingExpenses,grossProfit,reconciledDepreciation,ebit,ebitda,depreciationAndAmortization,nonOperatingIncomeNetOther,operatingIncome,otherOperatingExpenses,interestExpense,taxProvision,interestIncome,netInterestIncome,extraordinaryItems,nonRecurring,otherItems,incomeTaxExpense,totalRevenue,totalOperatingExpenses,costOfRevenue,totalOtherIncomeExpenseNet,discontinuedOperations,netIncomeFromContinuingOps,netIncomeApplicableToCommonShares,preferredStockAndOtherAdjustments,adjusted_close,10%DDret
2023-09-30,9.590665449234354,1.959501030904696,,,7.277756905399622,10.721190846466268,,-49.451203158521785,4.032258064516129,0.8571428571428571,-16.819642594297004,,,-0.2442967712346054,0.8971218332674515,-0.3191430118338618,3.559775091461169,,7.0975318182484335,24.105136134453783,,6.770094991546657,11.08557836578706,2.2529995653404007,3.275813240066459,,,,5.412364140375812,5.481663080167407,0.4152466837938447,14.768171273881418,,,,1.0448350382695757,,,,,,,20.35584140128511,,8.390513453138094,,2.130866562400769,0.6247139588100686,6.876356009576039,,,,2.2057799398088043,9.590665449234354,0.9309619002928892,,,,-0.4587872842119757,1.0039020098928249,5.286754238238792,-0.4922260036977241,,-3.863579428977542,,6.106593033678624,,-4.237558838508062,2.0174640150997467,0.8253914223738279,11.779402789228396,0.5137946222996376,12.747069500618847,-0.2765013198973826,-13.413819925389994,,-3.5549812444915685,-0.0102888691301028,17.909084337515687,,17.33890370419829,,,,,8.37901368207736,2.0229388632872505,-2.9730159401018894,8.421848884715871,,,1.8537528661012728,-2.038095238095238,4.918728373598513,,7.83094738644124,12.368658973399649,2.383091238995789,5.392320180748482,9.576175631182144,,7.8599213283727485,1.864151411698556,-3.192920353982301,0.4933920704845815,1.1982765080554514,-1.274257043612505,,,,-0.8442992456138683,8.566337597552678,0.7841334292243355,1.9819479994611344,-7.628732689788485,,2.627228660492296,3.125145214884617,,54.5362,0.1576042146782892
2023-06-30,9.103819200639382,1.8938646331961824,,,6.934806729946588,10.160254538244509,,-49.59257784008656,4.032258064516129,0.8571428571428571,-15.04635528751772,,,-0.2338222872497217,1.1779356697856067,-0.2930930466393379,2.9018766931569857,,6.797439116406294,24.161203361344537,,6.489941378864344,10.459432803819151,2.090882407300203,3.11587754328548,,2.156603626294697,,4.927905942938212,4.4656192168186095,,12.08125186229464,,-1.7865329512893984,,0.843041112379935,,3.934104298494436,1.0490149115326686,-5.860945564128164,,,19.320653609822767,,7.964188243965184,,1.6606811909836123,0.7281973048563437,6.59806353760655,,,,2.063263588563326,9.103819200639382,1.2219889982597565,,,,-0.1845407135849641,0.8532277839022301,5.037957784402571,-0.0710197524308253,-2.430193357219526,-0.9588992395683376,0.9907295428424594,4.844236598966397,,-0.5024001665532336,2.14290906898953,1.750571399284588,9.491444865206226,-0.3335535667807876,12.150216055600689,-0.2797686715061026,-12.963302046930965,,3.296350394221175,-0.0014438966327776,6.185770678091815,0.1744670345192133,5.277704590238503,2.962784381469848,-0.1813255656672322,,-0.0336445274134775,-3.064936372676124,2.029083256528418,-3.6947582650875033,6.828479336226559,,,2.0067957678388906,-0.2476190476190476,4.647099569734209,,6.9780974401404245,11.789379022388427,10.852520640750186,10.16676006374896,10.84066328834392,-0.6366686028158344,7.662354164417962,7.782122153043927,2.577132743362832,0.4933920704845815,1.0701386286998875,-1.1422616750289465,,1315000.0,,-0.0509153289270125,8.10296981408943,6.813073652750648,3.5934258386097264,-0.3014046786355634,,2.583915053515918,3.0760826419474534,0.0,64.047,-0.0548331693912282
2023-03-31,8.733163202698824,1.83063091309102,,,6.599409345338651,9.782097963047924,,-49.60836463424168,3.584229390681004,0.2857142857142857,-13.40619716055741,,,15.052493158042166,1.8017626070863304,-0.2352231417743058,3.0332861363692167,,6.427330442932067,24.15520672268908,,6.149693551170308,10.014761608546802,1.9851577452702127,3.14865629132829,,2.0550834589042206,,4.939271531147892,4.464461639684651,,12.791778051971448,,-1.650429799426934,,0.7719420523971643,,3.4977089242854027,1.0490149115326686,-5.173021417830696,,,18.53450090174153,,7.634987185260455,,1.6601536556624612,0.4808034579201627,6.250759104388979,,,,1.9620524323986048,8.733163202698824,1.8685046594795007,,,,-0.2389459733911636,0.7314124285174818,4.8853060192994135,-0.0654761173912694,5.257917283405968,-0.9544191064634672,0.842621064053851,4.41971325544644,,-11.54522654022886,5.033575830267955,1.8599826149841028,10.011399446373458,-0.4333693715338259,11.614603273507848,-0.6300512974202569,-12.486819742454824,,-1.821868240465612,-0.4705884582766176,9.564996456885485,-0.2284668177009189,5.209201952293081,-0.9495809691110622,-7.839833018908967,,-0.8000682737257123,2.7022732135889336,1.6038912442396314,-3.58097006069788,7.190583808310965,,,2.009558275090472,-0.165079365079365,4.903993792256817,,7.202406302926903,9.238518814657835,10.441386985355813,8.936383881161742,8.497374389748202,-0.6354058968369215,7.509055161681261,1.7765585353025477,-2.7957522123893805,0.6563876651982379,0.7778943424503559,-0.8412196063296025,,,,20.10372179864274,7.882950562740128,6.570497335577628,1.7955004715074767,-5.924673499349434,,2.6351222617636925,3.141675257379576,0.0,66.4518,-0.089037467758586
2022-12-31,8.378524718898257,1.8187278954235333,,,6.262719742828013,9.43068350267228,,-49.61627161720062,3.584229390681004,0.2857142857142857,-11.959184107680672,,,14.35409891192554,4.46215687538244,0.011570887152912,2.714518386354894,,6.053220666581459,24.14935798319328,,5.844314111603694,9.597799633279651,1.900209436184108,3.560638656822974,,1.950100273243004,,4.566480237870396,4.7228790552509485,-0.2562785088869082,11.521682536165516,,-1.518624641833811,,0.7884467212639533,,3.4977089242854027,1.0490149115326686,-4.566107241252882,,,17.701715699294436,,7.308628386562208,,1.7851688814436757,0.5301296720061022,5.945823195938194,,,,1.8671481434718915,8.378524718898257,4.625658056726176,,,,0.1131650057658215,0.6196562742896623,4.782858205479564,-0.5501352266691683,-1.0098032343939187,-5.921096985832548,0.5759472013397658,2.3158732603901027,,-160.91976637728283,45.32895277274298,4.381176992336991,9.899272266429506,-1.326225799347308,10.914953001436482,4.377897380372681,-12.143668274282758,,15.58656474766075,-0.004512560560421,2.6191244234874125,-3.523788369518513,26.545125374433205,12.357421894947556,2.456675090866664,,-11.167359268945336,12.941803969942226,1.2856116743471582,-20.0607531478694,7.112496693069529,,,2.0088952733500927,-1.8984126984126983,4.285782009876974,,6.274279598781495,10.59048651791366,9.86777848419245,8.379888981685449,7.87899745802447,-0.3664495233284929,7.097115328124082,7.823162172054644,2.1374867256637167,0.5242290748898678,0.6047958036717872,-0.6629100733307604,,,,-0.0430822013997798,7.774818005632747,6.042470084984327,5.141317526606493,-4.974916678843036,,2.585534253776717,3.073005240419137,1000.0,67.3152,-0.0526576503081641
2022-09-30,8.17463854587963,1.7168758731094989,,-0.2380297383413105,6.02272050402711,9.259064145565713,2.2797116460917795,-50.27146433228256,3.584229390681004,0.2857142857142857,-10.572518528594852,1.7369002730464178,,13.484541163144051,41.60228806580382,3.45691082063578,2.7471579515971944,,5.056177119610483,24.461223529411765,,5.60109673351572,9.367199110738705,1.7340103353840732,12.224565166178165,,2.4113372857748088,,4.76935598741318,4.523534410018493,-0.2562785088869082,11.791600737560294,,-1.316618911174785,,0.8035299353958036,,3.4977089242854027,1.0490149115326686,-3.9845043341840425,,,16.670058462464578,,6.8689584620899575,,1.6943488263675686,0.5813628273582507,5.703257438783294,,,,1.81466139428126,8.17463854587963,43.11658404697115,,,,3.976506428460784,0.5525008085970375,4.2974901270744885,-0.2131979677464425,4.189017024066232,-1.0738017042294905,-1.4404096787041056,9.39272116216094,1.4295360760285107,162.21953075216786,4.707382486675762,39.52617507428575,12.793167724681457,3.6304783070054256,10.222836302978946,-0.6448107133079231,9.435927581531695,,-6.813157343469881,-0.0119134559153258,13.47761671743669,8.725337433362006,19.59063099628805,-4.764921409823006,24.818377807572286,,11.260017772592024,6.26754314196886,1.214336712749616,42.57477673128753,9.127850581913815,,,1.9279538108787533,-2.146031746031746,3.7322742586063167,,5.839222273347503,9.918748203385992,9.833913703692588,8.635142733498395,8.500841113962492,-0.6141924363911863,7.072795165479579,6.356257134340245,2.180814159292036,0.5176211453744494,0.6506556762832522,-0.7101505210343497,,,,-0.044760728727044,6.773267848667916,5.528117130602776,2.888050653374646,-5.381955316202921,,2.486897971223033,2.9492057732228525,0.0,64.1168,0.0051889676340678
2022-06-30,7.502490905480724,1.6485622869289354,,-0.2603189526977578,6.202860772147971,8.053907145176318,2.2073923007840515,-1.6517521789325245,3.1362007168458783,-0.2857142857142857,-9.438406022058937,1.4767910544792615,,12.82682834800224,4.212692802086027,-0.011570887152912,2.179452133275497,,6.051233429961494,0.3753210084033613,,5.837686236174514,8.07455841961043,1.613082073716508,3.320965677288384,,1.566851229150934,,4.251440339683335,3.757124910618694,-0.2562785088869082,9.635215064902994,,-1.140401146131805,,0.99892731497822,,3.061313550076369,1.0490149115326686,-3.508828626433894,,,15.890026176242026,,6.540057375023599,,1.3378035525174778,0.4830917874396135,5.938003512423725,,,,1.520444768051341,7.502490905480724,4.367120919814992,,,,0.2871207036023476,0.3408778400383385,4.001221526718337,-0.3125337852628341,2.602330621741933,-1.1540807416082226,0.2196005594012116,5.9224762773959645,1.883706389896211,0.967952598834055,4.464638161616311,4.096676255409826,9.386079123248845,0.6175145654393658,9.428165795971871,4.941571866525306,8.769448835322251,,-1.4448970749423449,-0.0137185523433513,12.975488446304904,0.7005283561137615,6.831950477793059,-0.6614242819062404,3.061002677550891,,0.0684048245110502,7.774050624944932,1.4957499231950846,0.8616465478284334,6.755100991753452,,,1.7362910577640267,-0.1841269841269841,4.154452045744469,,5.533021823380352,9.1474756301748,8.887602365454917,8.123781855516516,8.410056273600809,,6.393196912705646,5.975503763936341,1.9490265486725664,0.4691629955947136,0.4053203446983889,-0.4574295638749517,,,,-0.0570699291269811,6.4254068202548975,5.165178518649247,2.737168260810993,-4.905969963268479,,2.2543403337657497,2.6456860567728704,0.0,67.79,-0.0138663519693171
2022-03-31,6.983791336083251,1.5840097826504376,,,5.880942557042346,7.427803973622272,,-0.6205022674530328,3.1362007168458783,-0.2857142857142857,-8.346790958146844,1.232089455207385,,11.890099459106963,3.9827389537733566,-0.0329027767035346,1.901704819819451,,5.756153757180774,-0.1567798319327731,,5.5526020921767545,7.427143950308087,1.467571203111136,3.192771183184264,,1.3896504867119532,,4.10972566169389,3.653238851506992,-0.2562785088869082,8.668019922359404,,-1.1232091690544412,,0.564936125812748,,3.061313550076369,1.0490149115326686,-3.0509774299038925,,,14.77818129174327,,6.084576301780957,,1.2904602144807216,0.1483600305110602,5.643824034239699,,,,1.373087422550861,6.983791336083251,4.128803599092718,,,,0.3757250305502487,0.1763909985792399,3.751309614465922,-0.5805415148024359,-0.8380095572258482,-1.370673337063015,1.7099954877326955,7.180214162739286,1.883706389896211,-14.086175394868151,7.99158106203267,3.884958448406869,6.32596498116038,0.1227300938995335,8.572497644543153,-3.520530798168931,8.159635694542036,,-5.420749924486472,-0.3149891461808153,3.883057199720264,0.2615108753366025,6.525791195035581,-3.700565443666462,-3.63485206234699,,-0.9764219964468112,-10.039712009264038,1.3630310291858678,-0.8305466060229723,4.623989821521107,,,1.7462360838697202,-0.0634920634920634,4.135873660574505,,5.129715678759545,8.317001400732414,8.621059907700399,7.535901743614484,7.370255679577614,,6.201778104475593,5.503237276514509,1.7251681415929203,0.5154185022026432,0.1682278006744099,-0.2133539174064068,,1015000.0,,-0.045320237836132,5.9873794624497965,4.678316597276735,2.6194261080425703,-4.405948140684192,,2.2650675354935443,2.6579956628861376,0.0,61.7475,0.0826349244908699
2021-12-31,6.449462327801267,1.4581055142222883,,0.5542505174196766,5.386783790157002,6.890054652015848,2.005767559913892,0.2317944145846773,2.6881720430107525,-0.8571428571428571,-7.495792103837003,1.47412560135223,,12.540628624312784,7.0450105059226455,0.2511717843607394,2.0865750554496123,-0.1722370932031951,5.16153394751422,1.5608806722689077,-0.960670108385606,5.045077202050336,6.888189323571777,1.3201931812275218,3.930235372738269,,1.6853844057519682,2454.8122540753234,3.685718186546525,3.6525380761119934,0.93409531798878,9.588278897245312,,-1.179083094555874,,0.0236514273952311,,2.624918175867336,1.0490149115326686,-2.694046807954544,,,13.627964696272535,,5.589364502228531,,1.2901408545329396,0.0675057208237986,5.132969793241211,,,,1.2504165109373977,6.449462327801267,7.302450646042569,,,,-2.14498889864202,0.0,3.70845607256819,0.0,-2.4824186350786195,-0.9015040572205228,1.637682664709911,3.987001566757158,-0.8548205577091409,-41.60938640241763,18.41058021324211,6.961102931364079,6.19986416271085,-1.445662402146275,7.960091015289995,4.09172244636755,7.819642061966647,,-0.3387968702804045,-0.0010828773471725,3.748875150403133,0.6213975917343169,5.662141137583568,0.184078504094743,-1.269748025454531,,-2.8866614385188214,-7.263490125492467,0.972247619047619,0.8161312660725839,4.5361712466917945,,,1.5702643719439764,-0.1904761904761904,3.513177440395015,,4.758623753005447,7.722626206698101,7.907235995141545,6.338238244673427,5.446440410910821,,5.654574444974266,5.915597586932638,1.6090619469026548,0.0704845814977973,0.0454852004496065,-0.0867618680046314,,1919000.0,,-0.1583410778719182,6.035915092546352,4.255552939396801,4.326013741075037,-0.029413048387311,,2.0717755043606414,2.3974716420746383,0.0,65.7037,-0.1018785852242719
2021-09-30,6.151713859379037,1.3833196975601407,,1.6060153702608004,4.903981263362391,6.726873218668078,1.926596466699508,0.1944604125723773,2.6881720430107525,-0.8571428571428571,-6.5612352088935815,1.439604732804577,,-0.0107253097508051,15.154093674593293,1.0034186712042694,2.3849799071883977,,4.466154250935842,-0.1519663865546218,,4.53753647849002,6.683691160879333,1.2178964132957115,6.11542119624869,,1.635379527414584,2312.561551433389,3.643949649875952,3.6518243233948673,0.912074660514864,11.066697703736091,,-1.0558739255014329,,0.0397086012528728,,2.624918175867336,1.0490149115326686,-2.302069812838924,,,12.83568263575598,,5.260348483499962,,1.2898155805120504,0.0,4.622433038378104,,,,1.2038708931872153,6.151713859379037,15.70646296613211,,-1.478345499605111,,1.4306810554035214,-0.1007892923124859,3.648354597017627,-0.0801602930353045,4.1732120057667705,-0.9662862407447032,-0.4578849444509352,3.605235099490814,-1.8091784419157184,-61.86107407317716,33.900781651208085,16.04839117556707,7.064539390560041,-0.1227300938995335,7.202845357848392,-0.6417686962929079,7.1759699061776345,,-5.695604850235082,-0.0048735798460261,4.141041320513505,-0.7311054330391515,5.376734879864381,-3.9106644966158,-2.7789849827758726,,-4.292223185896228,2.058762445403854,-0.0231440860215053,0.5788015826313685,5.138344548448111,,,1.757949114616426,-2.2412698412698413,2.896246925957928,,4.543575651289482,6.987676562011229,7.836652660504196,6.733350571495325,6.429690066188432,,6.112558631403342,4.529057481967582,1.6026902654867257,-0.2092511013215859,0.0387411015361558,-0.0798147433423388,,,,-0.2293987347261007,5.2630321099728885,3.822533559358056,2.095648659571602,1.097454601117949,,2.30156700803906,2.8443982697441794,-1570000.0,60.3921,-0.0228870994716195
2021-06-30,5.8493305523704775,1.25866063307248,,1.1390146117123503,4.867293096454917,6.262313394840222,1.7946276676001205,0.1814723099800342,2.6881720430107525,-100000.85714285714,-6.072929093127509,1.331881419841373,,11.144677890137707,29.355703168102018,2.3208446128857605,1.966722048075428,,4.182089261531114,-0.1496134453781512,,4.536988641677193,6.572212824000255,1.1368667369204264,9.00805924891284,,1.6054984616341528,,3.2197290699496546,3.651375308049184,0.0048235725895244,9.333301337807631,,-0.997134670487106,,-0.048842764086646,,2.624918175867336,,-2.0972617749439664,,,12.049187588903472,,4.906069336100753,,1.2896109535825455,0.1807780320366132,4.626398440209031,,,,1.1784974228954388,5.8493305523704775,30.42458814329853,,-1.478345499605111,,2.946162716648595,-0.1205444609832878,3.3882751201627843,-0.1455168324490167,6.696517536011391,-1.0191046520863345,1.746002828581935,9.174096379807557,-2.341378016756284,130.8498364286765,1.134461168239195,29.55870280768046,7.529951705302275,0.9855546879692474,6.557145193592185,-0.6320793087636003,6.497035252892413,,-5.868343536209035,72.67733409460267,-0.1877377596589498,3.65748675944485,12.255792894761298,-4.042705915309655,9.23083929553122,,9.082814416267109,6.85677243948796,1.16641044546851,2.431923768405242,5.462464936334673,,,0.9693085444349292,9.968253968253968,3.251158146101382,,4.26535592941395,6.360988113380606,8.671286323722663,6.897388086590569,5.853997176353127,1.057882820885157,5.165711849794303,4.341498469712635,1.5294867256637168,0.0,-0.0387411015361558,0.0,,,,-0.1762453693627359,4.928444637856994,3.7162728825459146,1.8841438771386232,-2.4861932620715264,,1.3321383185630784,1.6048209341381998,,63.6949,-0.0398006747792994
2021-03-31,5.218388976222154,1.0997018600422763,,1.2545132679230313,4.339437997215152,5.590358507827306,1.6263479001453882,0.1351444544989778,2.240143369175627,,-4.941027116767084,1.5767780522688857,,1.365392631112853,1.0613745820622158,,1.8451012006580287,-0.2550239975885661,4.204917517376547,2.609620168067227,-0.6607094649525667,4.021391866950211,5.846336810624658,1.0000060438866285,2.2874552099831384,,1.0490580121433537,,2.780591155498153,2.611063852318074,2.585225187437739,9.049992938432434,,-0.8581661891117478,,-0.1147298233746412,,2.1885228016583023,,-1.6225132199230845,,,11.289904009079264,,4.548366374484273,,0.8155163798416122,0.2682430714467327,4.111654994052108,,,,1.013281525560362,5.218388976222154,1.1011885579516565,,-1.478345499605111,,0.0,-0.3251030008687126,3.255749121845062,-0.3336751716949628,-4.894058275163994,-1.1711663225603604,1.520553779892458,6.836505349006229,3.40727772914843,-0.4250512256011982,1.2405373609944803,0.9804301147503408,4.5598773790683005,,6.02226146701036,0.4856929433091962,9.971356150479112,1.2886056756394912,-2.5118686269803514,-0.3213069836789047,3.526576938829749,-0.3037993053901502,6.268119838527662,-1.4770171332859638,5.866696329342715,,-0.0282761495098765,-7.873173310508893,1.1959035330261136,0.2406880610164863,3.394058896833893,,,1.430150004143761,-0.1269841269841269,3.659882619840594,,3.965108825849272,5.8418532712895255,6.516687227313011,5.6148612489152665,5.377105926625049,0.0962059473451606,4.690512267335972,4.1897116531327,1.4026194690265488,1.1541850220264318,-0.173023604346197,0.1383249710536472,,,,0.1169374037994025,4.612225622435099,3.5651434212889703,1.8361848309308904,0.968416711418778,,1.851631735569485,2.2938071734493404,,60.2629,0.0148831204605154
2020-12-31,4.709323796862859,0.8965524971695152,,-0.000834355617621,3.96198305751783,5.016638420010753,1.41128630341106,0.7117564317209707,2.240143369175627,,-4.399778803297989,1.2435314003380575,,9.393018596020998,0.8559335805239929,,2.7101969995825934,-0.1000638945082564,3.7228179078183614,0.6465949579831933,-1.22217425907082,3.558856095898017,5.293216499489592,0.8905212084013002,1.7242602143026895,,0.9193863599239231,,2.575158148608192,2.610900338059241,-0.0048235725895244,9.783493888854592,,-0.988538681948424,,-0.7861302765107198,,2.1885228016583023,,-1.3954998741621958,,,10.39840324206962,,4.114426942689872,,0.815441862520463,0.4012204424103737,3.651246125104537,,,,0.8873863770025998,4.709323796862859,0.8882756216718583,,,,-0.7070618405879416,-0.5027399162445875,2.8498562455769827,-0.2329474665198045,0.3219413510129642,-1.0897624200103448,0.517037186032411,6.129524433820302,-0.065024384144054,-5.983331664668485,2.738456294526885,1.0729481124414169,5.270504511456806,,5.4825173703550965,-0.5270733880971508,4.946362539613841,-0.5888056702492714,1.7187976433098833,-0.0007218580615674,1.660554936976645,0.4498420945596808,15.613770378451392,1.756903358812707,0.375541739340223,,-0.4140467822275234,2.095736780495173,0.8665640552995392,0.22443260324654,3.888950704585142,,,1.0286472001989004,-0.2412698412698412,3.60478809830208,,3.5518804372243435,5.318001165753729,5.630305135465543,4.551651620728577,3.957049020347071,-0.537167371677505,4.075130174353705,3.938326223252129,8.06895575221239,-0.4955947136563877,-0.1524915698763581,0.1170204554226167,,141000.0,,-0.3021349189075473,4.182175806040896,3.296785358133379,1.7909201131617944,0.0936157238993985,,1.419912466033901,1.722465598277851,,59.0446,0.0358237671184154
2020-09-30,4.269891518695568,0.7516022684698056,,-0.1798632324271595,3.7146570068646674,4.469385684894235,1.257836510655912,0.6567879556868492,2.240143369175627,,-3.807577769283816,1.5265895202184372,,0.8497625793349591,2.286349904545808,,2.5287642307031257,-0.0236452135371447,3.454604209509573,-0.321472268907563,,3.3308609811583785,4.718782228866166,0.773870538166157,2.0538537922196665,,0.7846075913015046,,2.681781573000249,2.610905528988093,,9.287492765769354,,-0.9097421203438396,,-0.8881064921246604,,2.1885228016583023,,-1.147115657991716,,,9.517470324086393,,3.715446274590246,,0.8154442281497059,0.3799898296465802,3.4221322555057903,,,,0.7566399799151377,4.269891518695568,2.3707165043083114,,,,-0.4640539749746131,-0.6436792265917508,2.760841152919356,-0.703902939569638,2.101036671765503,-1.4703688615735546,4.504907780568731,8.461145636616408,-0.4601725647117669,-14.570509884941645,6.386680848776078,2.379409598608062,1.9996588854535773,,4.818347799819826,-0.2445038075912971,4.945660798370136,,-4.828093990841032,-0.001263386989975,11.328910793504416,1.1449267288687228,7.406438509653527,-3.247539360744451,-18.94632993596817,,-1.010037073039453,0.1510440922879403,0.8690218125960062,0.1707895926057173,1.6110828454065824,,,0.9016823669162132,-0.3174603174603174,2.2998166986049395,,3.145862212575743,4.673387116033182,5.356152614677348,4.566727901017678,4.3037214417759335,-0.4025629143253993,3.465213286460091,3.219574606727127,1.1909380530973452,-0.394273127753304,-0.3970775571375047,0.3691238903898108,,2868000.0,,-0.2763974998894969,3.672417613700831,2.669904341175969,1.3959315640576586,-0.6002792025711432,,1.2616356405407805,1.5172468792181009,,55.8905,0.0942789919574881
2020-06-30,3.704038858891656,0.6000241587959513,,0.4790393181741247,2.5797936876406293,4.302705753701654,1.0973701924974455,0.6567064403986127,1.7921146953405018,,-3.197913546883259,1.0850994669093743,,0.7149311888638337,4.725294781573443,,2.92862345825524,,2.186743917266972,,,2.171027114666881,4.527640957142471,0.6233039279987644,2.624157895037184,,0.7679557952067892,,2.304373009512571,1.7121974214060929,,11.009472226051347,,-0.826647564469914,,-0.9250643152330684,,1.752127427449269,,-0.8914069352600309,,,8.334907180018181,,3.197319400226156,,0.4058816545239312,0.0603864734299516,2.2513227597491525,,,,0.7131345104634871,3.704038858891656,4.898366346863774,,,,-0.4188396068914476,-0.8323786808099178,2.684761671106396,0.2625310581674779,1.2798628949021258,-0.6893374776458656,-3.7418167685420656,3.3452450561958464,-0.2380892834813054,-40.30674349030952,16.479486656393327,5.561334044795683,3.803497849637339,,4.355640568828552,1.404156747250073,3.957433691921647,,-6.242451629589088,-0.0005413484187648,-4.027824452425705,-0.6690669137656668,4.398325248534729,-4.328674070712921,-0.3070953121106773,,-2.796251934011447,-2.5457223054363287,0.8579619047619048,0.076507937540029,2.867304406883626,,,1.120583441531534,-0.1269841269841269,2.1915495574420447,,2.791902694802093,4.224303636096146,4.701877445357012,4.060107991680169,3.8911812602755873,0.6088645747837615,3.2299362073936027,2.87496095455654,0.9532035398230088,-0.4955947136563877,-0.6487073810415886,0.6283288305673486,,1128000.0,,-0.3021349189075473,3.2517531401429784,2.4008340750926824,1.1469756163276303,1.2166881413546828,,1.532042084094245,1.8670155443507848,,57.1526,-0.0490038948359304
2020-03-31,3.440956283441229,0.5600446222794087,,2.029272055713977,3.2999569097845693,3.402880781944303,1.055046343491179,0.5029142632591528,1.7921146953405018,,-2.80814181368972,0.7616044727603692,,0.6781024416535735,11.8540308333259,,2.587692232143588,-0.2592694798647389,2.8511833049968067,2.663401680672269,,2.938502155823359,3.5872930923314628,0.5240583092005698,4.826136582433546,,0.5012956756242564,,1.860475754998266,1.7131291931349966,1.378493157867142,10.339398529220654,,-0.7535816618911175,,-0.865758064903123,,1.752127427449269,,-0.7279267302721254,,,7.602980933307431,,2.8984982277937075,,0.4063062849730192,-0.6614543605390287,3.002752119833694,,,,0.4991028942796295,3.440956283441229,12.286376108196064,,,,0.746648078346328,-0.9113993554931256,2.230168038574864,0.5300126446058276,-3.168218994333557,-0.4731700889568503,1.57656369322701,4.559459668447047,0.0295110666499937,36.1306365781696,7.431694263070044,14.36412155207151,2.6329802435289658,,4.004235812519001,2.1001026399074325,3.630071401732959,,-0.939087662974417,-0.2936890083301138,3.705865169227323,-0.0458330135131606,3.5999035698573625,-0.2747836636314162,0.1153011948125912,,2.5088593851368506,-7.937681724923534,0.5998973886328725,0.0748823917630344,2.052137707373284,,,0.8965993535733031,-0.2857142857142857,2.237034569409888,,2.655240320718677,3.883245489043124,4.258591273645358,3.7020700396572543,3.577876059409253,-0.2320976071721699,3.293605846676404,2.7446129538777257,1.1216991150442477,-0.4955947136563877,-0.4703634319970026,0.4446159783867233,,,,-0.3021349189075473,3.1360452706034003,2.20084749299584,1.238582783241277,0.5202630601841574,,1.2585321733742487,1.5127626655625537,,53.3476,-0.03198644362633
2019-12-31,3.123727475522434,0.5284305922357831,,2.804626811803224,2.73034662171344,3.2649648791952046,1.0215785359418756,0.4527823609937281,1.7921146953405018,,-2.507067603787777,0.7411259914185412,,0.651703029790331,2.4344275095506305,,1.6647487784716368,-0.0968797828011267,2.539576614095268,0.6062588235294117,,2.463182470242929,3.364173372682908,0.4516913416134911,2.713886355388839,,0.4662130124301101,,1.793773959192708,1.7206560399701525,0.5301735437529492,6.625803306166736,,-0.3166189111747851,,-0.002382252842814,,1.752127427449269,,-0.6016485285460359,,,7.072275462636299,,2.6807624923678697,,0.4097364473751226,-0.7470124586829392,2.5240687489335096,,,,0.4483188429876459,3.123727475522434,2.52417972461388,,,,,,2.07854785706467,0.9474450149010184,1.838879520407028,-0.1358187720213376,-1.2533259977015676,2.232678866736256,-1.094410403901463,22.66469197952928,1.7558938810871398,6.472778414540703,3.699935157809709,,3.708725312053985,2.847988156413755,3.514985837765231,-0.1505320696068678,-1.2435276675362452,-0.0010828773471725,-1.0943568461235402,-0.8985461304660565,2.305704481738542,-0.5074975451968292,-1.6597133398986723,,1.5742599123491896,1.5080808589374048,0.5925241167434716,0.0667546628780613,2.795181734615406,,,0.9762700627089146,-0.0063492063492063,1.7001833013950605,,2.453554174261593,3.5964358716043443,3.5217469204096328,2.876382940553563,2.530275335903909,0.4467331270913567,3.131699145925075,2.4396917380040715,4.438513274336283,-0.3458149779735683,-0.4610715623829149,0.4350443844075646,,,,-0.2640882994895598,2.8897470593123167,1.9353382415510296,1.070187255826485,1.3703950393786952,,1.3512313883050022,1.6297039236385895,,59.8817,-0.0351994014865978
2019-09-30,2.940450824181865,0.5067131035100843,,-0.1877300139647291,2.9211206337084974,2.84314839324468,0.9985875812257936,0.4348218258189608,1.3440860215053765,,-2.382559491653218,1.0220387465869198,,0.6184560745174305,1.3922146364874055,,1.7628311630914284,-0.2656377032789982,2.7477171812809096,2.744073949579832,,2.641400435497966,2.9419960742636464,0.4114038843728092,1.619083856280215,,0.3418850005044675,,1.7005051009470231,1.4540473386756645,1.4063859906674356,7.141255453686688,,-0.3681948424068768,,-0.1754838516753575,,1.3157320532402357,,-0.5494266510701035,,,6.710116764930434,,2.5512126720400485,,0.2882365466487538,-0.6625985252987542,2.704854879004339,,,,0.352227499689951,2.940450824181865,1.444061338454189,,-1.3871928318199775,,,,2.038512473812359,0.3537116576144623,-1.5162509946853908,-0.6156491451366797,2.154510650395807,4.014934714686995,0.5096911341753158,-8.406449889633182,3.86058311857128,1.5224340158995968,2.886308786759121,,3.357077537240763,0.2352335424062805,3.474109410319377,,-0.315892293134687,-0.0003608387759623,4.7399736185665375,-0.3408325031197304,3.925836809959911,0.2015867585071878,0.8881127814493579,,-0.5822225087029496,-2.8863582010648607,0.6244749615975422,0.063503571324072,2.228559652159964,,,0.8598580071272687,-0.1015873015873015,1.7078709090515976,,2.258681302020672,3.255141861379086,3.519273649923688,3.0810979666175125,3.0008831479935902,0.008321611212829,2.892733053423746,2.1565768605898423,0.9352212389380532,-0.6629955947136564,-0.667740726863994,0.6479351601698186,,,,-0.3446576111982391,2.617572117058152,1.7648368606607734,0.7700390677623602,0.8213514694822228,,1.218794300307135,1.4584245471482753,,61.8967,-0.0317157457505812
2019-06-30,2.6563667580662416,0.4259531379425485,,1.6550039643811203,2.296059556719003,2.795788632251985,0.913092028094072,0.4284636333365167,1.3440860215053765,,-2.1867617813590576,0.9866077233129632,,-0.2018921672479093,0.7530463256951915,,1.6260527241924,-0.0597318128846141,2.118751798004967,0.1356705882352941,,2.030910724740983,2.870170068861504,0.330472436566611,1.8185999873919023,,0.3457137309867981,,1.6592338087606238,1.457200827953152,0.1786819063597756,6.585350813320625,,-0.2406876790830945,,0.0181761943421337,,1.3157320532402357,,-0.4673040980753283,,,6.118936406098272,,2.293685296523456,,0.289673666413773,-0.5893719806763285,2.0946179530470816,,,,0.3358792560287175,2.6563667580662416,0.7816463345901735,,-1.360150254887117,,,,1.9690762203454764,0.7239489917273421,0.7665433875239308,-0.3164388750913803,-0.944126340638626,2.5659203131223194,0.1075403276228585,-2.1122701805736326,4.389153908409905,3.3581110793025672,3.2410588997878262,,3.061324018272076,1.272110675339044,3.021486308129229,,-1.3256024023083997,-3.068663747133789,-0.1573049779109462,-0.0774853192649385,2.8311749277777074,-0.5702354568414234,0.8865307720601322,,-0.1453770282669304,0.8755837224816544,0.6134150537634409,0.0781334833170236,2.4756131584715613,,,0.746705710102489,-0.1777777777777777,1.738621339677745,,2.052497071615053,2.968096380768071,3.278985909635353,2.8459459218567,2.737195437444261,0.0972161121282909,2.442263523991567,2.027821457663683,0.808212389380531,-0.6387665198237885,-0.8021730985387786,0.7864145117715168,,1193000.0,,-0.3385030109982705,2.4060667124246824,1.6205445475097042,0.7598006196955409,0.5553689566464317,,1.0798804112660716,1.2784405206207223,,53.5895,0.1323973147565577
2019-03-31,2.45635095431797,0.3767817323380374,,0.0,2.373704028976121,2.421245913042574,0.8610373189212903,0.3582517984021767,1.3440860215053765,,-1.890661264351971,0.915095566246262,,0.5596524819547839,3.5553482987875897,,1.251499799481106,-0.0777751125583488,2.182216879070736,0.3642420168067227,,2.144502946203046,2.4675067891142235,0.2747089267847957,1.8042664902993253,,0.2421072686247506,,1.572642233588126,1.5061798371346071,,5.336961513188218,,-0.1375358166189111,,0.1171778843070357,,1.3157320532402357,,-0.3431119899900883,,,5.713017882846399,,2.1169974042563413,,0.3119945611344952,-0.5938215102974829,2.2083922845227373,,,,0.2442294785716013,2.45635095431797,3.685868651296352,,-1.360150254887117,,,,1.8025453264178213,0.8550638525593588,-1.107725630379719,-0.210477349059706,0.2373670719542233,1.7081003991152717,-0.5802175815930974,-20.69481107882616,9.570957822766232,3.819122262336598,2.048228548323772,,2.8375039763902663,0.47093352742153,2.933066911422317,,-1.7636524402202467,-0.2523523001283288,1.1562546996786078,-0.510172338891742,2.277070764284317,-0.9050808224794314,-0.8354864481120695,,-1.4350921907899934,-4.858584968595416,0.4757806451612903,-4.044250607141348,1.6449075154257369,,,0.7151578772894279,-0.1079365079365079,1.837919605241347,,1.8844804064786167,2.7508663991388635,2.7124167167781392,2.476245186968632,2.5376421248592727,0.2179308037123555,2.3130114236449364,1.9238125736633889,0.8227964601769912,-1.4427312775330396,,0.7705133153222694,,416000.0,,-0.542723835815409,2.2336445568883003,1.504170589124291,0.7511787686919036,0.9522869752063816,,1.065982275694212,1.2593606311451586,,58.3679,0.0376980519874021
2018-12-31,2.297813776036502,0.3491183947965067,,-0.3580577536190771,2.147050281963458,2.31429633054574,0.0077115868437835,-0.1176616260850389,1.3440860215053765,,-1.7251478174620445,1.1467299440904954,,0.4800654664278783,8.829779206785956,,0.4110882856043803,0.0005434217313501,1.9063172019420125,-0.3349176470588235,,1.9821944153274635,2.344450048676144,0.2264293829621431,2.821752645841556,-0.4345114345114345,0.2156165928551124,,1.4200592118731754,1.511059310255329,,1.1160892108550249,,-0.0587392550143266,,0.2059924820048766,,1.3157320532402357,,-0.2736914293862634,,,5.358238818305741,,1.946179071978352,,0.3142182526227554,-0.6770912789219425,2.0638059236082147,,,,0.2162206596824629,2.297813776036502,9.152131779973317,,,,,,1.617138937700278,,1.122843473970509,-0.6698475457090605,0.9392324050076428,5.292094709385142,1.2919844941853196,25.825878136382087,3.103568377781853,8.338610661491447,2.666674742828706,,2.549527049539079,0.0103496178888627,2.543951391787531,-0.3942194658146773,-1.3675941270755485,-0.0005413484187648,11.505547204745524,0.5381520276071411,4.118841547845032,-0.602333923264239,0.4854913918914109,,1.7936610018113133,1.8888378415799207,0.3086531490015361,0.0163627437912279,2.075603081702117,0.0,0.0,0.4453714190999751,-0.3809523809523809,1.2850524879420675,,1.8277913190684096,2.471368540039395,2.971729614650665,2.493123035342594,2.2808878627385214,-0.5891908580087126,1.9937068163404168,1.977715882214778,3.274336283185841,,,,0.0,668000.0,0.0,-0.3776686486344341,2.123366778561182,1.6790876281662583,0.538865687727334,-0.138209700486612,0.0,0.6052523348193094,0.8078618640621181,,48.8002,0.2281425076126737
2018-09-30,1.93497639126986,0.3221002992968654,,-0.0263417987848921,1.80668135951311,1.9573069257627185,-0.0029180596681605,-0.4798883952451344,0.8960573476702509,,-1.3035997129958146,1.153361071382135,0.0,0.4574911474949394,2.63586641365629,,1.3829419804719152,-0.0012725833122828,1.89181070748672,0.2370084033613445,,1.850770580610881,1.9552702349967384,0.1308259016432644,1.3296471267861416,0.0,0.11235784632166,0.807195053400787,1.3017860595661954,1.253656721279564,-0.2562785088869082,1.4249094611192346,0.0,0.0787965616045845,0.0,0.3001243733408217,1.599306715627263,0.8793366790312023,0.0,-0.0968834039151527,0.0,,0.4516609368124142,,1.6695086788038644,,0.1969137953585455,-0.6249682176455632,1.6300373162805857,,,,0.12788105975759,1.93497639126986,2.7329450062908256,12.612915489254377,10.993233052609757,,,,1.4464488913840812,,1.219735107893301,-0.1869982045567004,-0.8400072590636529,5.206943986959314,-0.484181568088033,6.693220003881905,3.103568377781853,2.69785465209424,-0.48978989056838,,-0.3229516638626382,2.5820933358420586,2.2172908428425484,-0.5077705181968835,-0.6480086617475906,28.84183090750185,12.981575002654502,-0.6519746686597069,2.480331637513187,-0.0522829304732627,-0.0539738098345613,,0.4657651328897422,-27.05734640703865,0.3983612903225806,28.84704264456792,-0.1226080719788978,0.0,0.0,0.5789662697864582,-0.1015873015873015,1.1409098443820005,,1.440426913147555,,1.3123553701575088,1.5926234510307244,2.1129684086089164,0.3550606730222868,1.7699066679600983,1.3857595483049752,0.6783716814159292,,,,0.0,488000.0,0.0,-0.3776686486344341,1.6775629938345336,1.1039125437595283,0.3249360096995823,1.0844875582805322,0.0,0.9126979843385552,1.0165976134399446,,42.3856,0.4236212392575665
2018-06-30,1.93497639126986,0.3221002992968654,,-0.189279531540311,1.7987020731040673,1.9573069257627185,-0.0006231585328309,-0.0728553893177298,0.8960573476702509,,-1.3035997129958146,1.1082434013782343,0.0,0.3663084568094808,2.63586641365629,,0.3421752616976175,-0.0004595734563957,1.6869722152206852,-0.402144537815126,0.9052581479852644,1.655902176270022,1.956330033284333,0.090156040178894,1.4373597068142732,1.356029106029106,0.033021434613177,0.0,1.3017860595661954,0.931502485806054,0.0304094793687411,1.4249094611192346,0.0,0.0974212034383954,0.0,0.2871206948397152,1.364734808519202,0.8793366790312023,0.0,-0.0265820482185247,0.0,,4.6602934157179625,,1.666287144312085,,0.0501004789192745,-0.6910755148741419,1.723009956165983,,,,0.0493377102607836,1.93497639126986,2.7329450062908256,,,,,,1.3835793105660703,,-0.7074463625781146,-0.037298364390764,0.7531922186401785,3.73731754410634,-0.0225084406652494,5.162144705410776,1.8105611340088057,2.69785465209424,4.6323374561577095,,4.927220089464832,0.5393225766109452,5.048465890573015,-0.5831317547554777,-1.9134865490484816,0.0045129215797066,-0.174857495184691,-0.0312729528673428,4.152627408406211,-0.3054231088531947,-0.5673358566383091,,-0.105139279867977,-1.0187609349629312,1.281925038402458,0.3642295400680778,3.444521223567806,0.0,0.0,0.5789662697864582,-0.2603174603174603,1.1409098443820005,,1.6378795688295482,4.779053817194838,1.880256324045616,2.876857037418,4.400789719776015,-0.0214782498895132,1.829340773299194,1.7907694075570049,0.5966725663716814,,,,0.0,1163000.0,0.0,-0.3776686486344341,1.895638138453449,1.536647042627197,0.3971440118550451,1.1012498331679246,0.0,0.7768875624640234,0.7824513200140171,,43.038,0.3886955433729858
2018-03-31,1.6476358675756582,0.1468010545567081,,0.6972829090118512,1.5890444925949094,1.6310279558979883,-0.0010276123882741,-1.820950745548676,0.8960573476702509,,-0.9240516818639236,1.2306592120660511,0.0,3.51355729599834,0.20442546931471,,0.180778013307907,-0.0006028584832165,1.5309158882236555,0.4314689075630252,0.5618493590457315,1.4612681067508353,1.610505409066454,0.0688735877761742,1.3317222175180428,0.660472972972973,0.052186297047646,4.988195615514334,1.1643334771553808,0.9332466379002692,1.35773082367745,1.078173808152573,0.0,0.1461318051575931,0.0,0.2546904682944456,1.3642287721764594,0.8793366790312023,0.0,0.0623087196998954,0.0,,4.193834513409684,,1.4150028566868034,,0.0508953303448654,-0.6383168065090262,1.5295275555412091,,,,0.0491682705788706,1.6476358675756582,0.2130720161157119,,,,,,1.3616713365937088,1.0196318483928029,-0.8682452444074287,0.0,0.035132390925547,0.3405055774731605,-0.2976116043516318,-34.46725989208016,10.44110843466838,1.5701139396243493,1.4066807740313902,,2.075397948875225,1.6314066850013915,2.1057139850933493,-0.5517069920206199,-2.4021175281571217,-0.2106545726409386,-0.155840163519756,-1.110933102060486,1.56845045845246,-1.393123414226332,0.1540604248486214,,-2.390964488167625,-3.8524110413231454,0.0935993855606758,-0.0161481717486646,1.1981236490242368,0.0,0.0,0.6234426365369209,-0.0063492063492063,1.086455956814864,,1.4691352724661433,2.0111994910072744,1.4124276990503546,1.5309908586538987,1.8581641788587024,0.4899176715701749,1.6530879091901522,1.613501026934595,0.5264424778761062,,,,0.0,0.0,0.0,-0.4196318318160378,1.712154686002797,1.3570294642624403,0.347029502896403,1.4244770960908475,0.0,0.9391449219316088,1.0926533940683438,,38.6077,0.5957442276561302
2017-12-31,1.6053071106963517,0.1085817836105831,,0.5901278089773804,1.490568576561491,1.6275714064685838,-0.0006471261687091,-0.0719858929098742,0.8960573476702509,,-0.9414043437415318,1.438434533870758,0.0,3.318362176700536,8.304837426881472,,0.2530630284082074,-0.0024029429683138,1.2482389686188018,-0.402144537815126,0.4230137289275316,1.34617804244214,1.6117175265411317,0.0456087777487524,2.8662133861528467,-0.2431133056133056,0.0598071225183515,4.4828555368184375,0.9888772091684496,1.0013490289718716,0.2512452157500131,1.2948131165305237,0.0,0.1103151862464183,0.0,0.2047026434490988,1.038423033257671,0.8793366790312023,0.0,0.0550305707751539,0.0,,4.019494773062613,,1.3316256823357022,,0.0819312031961732,-0.2789219425375032,1.424287251384634,,,,0.0494441593981238,1.6053071106963517,8.608097751232405,,,,,,1.288792614836571,-0.2201382735638676,1.477769210999743,-0.0061539015556116,-0.2784174190965989,1.658768644720772,0.8293109916218582,18.285440724506564,4.418297708808542,7.838445104007952,2.443885361171225,,1.7818315964395846,0.355449548147806,1.865718479746016,-0.4172060978151752,0.2634026371757511,-0.0005413484187648,0.3204013015608273,-1.02768753793331,1.412232985368395,0.6443996930219393,0.5582638237957942,,1.2703194138443767,3.937373343235113,0.1464411674347158,-0.0454079957345678,1.920449084885717,0.0,0.0,0.6226138843614465,-0.0634920634920634,0.7161695213583362,,1.314811304055393,1.7262767789463815,1.393973296193689,1.4072515770358098,1.5964265006799112,0.4873922596123493,1.57835122960283,1.3079672734637655,2.32070796460177,,,,0.0,0.0,0.0,-0.7284808600326418,1.5082916319646409,1.1026305784896768,0.1562710494409268,1.421630672053366,0.0,0.9415737223228076,1.0966100531761795,,40.7827,-0.1040621834698239
2017-09-30,1.4396145515337744,0.079608151922584,,-0.1483961062768811,1.3655226234548024,1.4422391123659928,-0.0011114991138475,-8.65918676041731,0.8960573476702509,,-0.96201753762799,1.4927187621895723,0.0,3.076754257676609,4.086459978900609,,0.0676035127636414,-0.0008766920900296,1.2169791041328777,3.8004773109243697,0.2936230134281977,1.236332011440049,1.4259224437499978,0.0080191701792086,1.9150148512130163,0.5654885654885655,0.0095946430485529,1.0,1.0000296925991978,0.9498160827953152,1.6318355790908614,0.7818980591542299,0.0,0.0945558739255014,0.0,0.1682449618215026,1.238756550582124,0.8793366790312023,0.0,0.0463848715747443,0.0,,3.741530575079042,,1.2133518073874203,,0.0584464188879787,-0.2561657767607424,1.317538888084992,,,,0.007155530543958,1.4396145515337744,4.23629698088333,,,,,,1.2321479507022628,1.1831092930709244,0.4909863293463457,0.0768271315438321,0.2366488224002114,1.2770223457922838,0.0400150056271101,15.422807021982642,0.5559295777171933,3.844541029620324,1.7115089365925868,,1.6437970863539522,0.0103496178888627,1.8144913689555024,-0.5026058002474045,-1.0583823356083624,-0.0023464448467904,3.0226050219987024,0.1700357117139644,1.0185193703728015,-0.3659724886962332,-0.2841561759669043,,1.0716392596550308,-0.0684418543179729,0.0604196620583717,-0.053535724619541,1.410410731163014,0.0,0.0,0.3801762479626509,-0.4317460317460317,0.8487807534335979,,1.2462816721336023,1.5923064971164254,1.9550251933514875,1.6330165038807674,1.4733577910726652,-0.515196287644422,1.4861258937318196,1.2508787694070669,0.4133097345132743,,,,0.0,0.0,0.0,1.9359015174446548,1.4318010878483844,1.0512095271100756,0.1279806008352418,0.1657251328489352,0.0,0.645462474629156,0.7158035954864719,,38.2741,-0.0591319651129688
2017-06-30,1.3356090851550464,0.0456706845263654,,0.284276878289447,1.195981088378263,1.3857765452303266,-8.688268005816778e-05,-1.121957148921007,0.8960573476702509,,-0.8189409720193025,1.5092315693667924,0.0,2.937229917125092,0.5284286072926052,,-0.0078570668587283,-0.0005137033554169,1.1175174119979163,0.054998319327731,0.0976410350867291,1.0741438146620814,1.363046799594502,-0.0080191701792086,0.8351606908953108,0.1053794178794178,0.0,0.0,0.9012201101012944,0.6927638815170489,0.8780999318408221,0.5748433135412112,0.0,0.1733524355300859,0.0,0.1629539914192305,1.196016166913244,0.8793366790312023,0.0,0.1063948319765148,0.0,,3.622337145496583,,1.1535505649056987,,-0.0586983584023401,-0.2997711670480549,1.1557384289100328,,,,-0.007155530543958,1.3356090851550464,0.5488592200050368,,,,,,1.2321479507022628,0.8397961363848441,0.1917217437195667,-0.1775431522922369,-0.2082186891007171,2.240363003459193,0.1600600225084406,1.3525286416983804,0.2168839991665959,0.4758439020870663,1.5510374750446594,,1.5162123719262108,0.6870294027844596,1.5541453675407044,-0.4852930837407004,-0.8350627084376168,21.480647674013664,-0.1556128647349161,-1.1865821128072351,2.171106749355621,-0.1952670081748957,0.6951076359638194,,0.09509619876073,0.4043576220625071,0.0223244239631336,-0.0519101788425463,1.2986559049280346,0.0,0.0,0.5339926517307108,0.0317460317460317,0.8987502032010878,,1.1025414306605807,1.4684783316926102,0.8169402666651701,1.0160268445022969,1.3596059027913197,0.559619041606162,1.2501656640292498,1.179824408134781,0.3772035398230088,,,,0.0,0.0,0.0,-0.5466403995790253,1.2771440455379517,0.9876810259596542,0.0918765997575104,1.5117674332402868,0.0,0.8332897048818618,0.9541703252940908,,35.6112,0.0208642224918003
2017-03-31,1.1686977879827898,-0.0456706845263654,,,1.1316884735148156,1.1584371079407696,-0.0005183001258642,-0.6297950103119896,0.8960573476702509,,-0.8418752225900268,1.5245091665583148,0.0,2.622310643237616,0.2160982534930181,,-0.0756570062938379,-0.0006665407173591,1.0626237451639924,-0.2004638655462184,0.0265003691525266,1.0159907786460989,1.1305326331820282,-0.0440173132364253,0.5102168533220387,-0.5615904365904366,-0.0489205962618945,0.0,0.8178251066127692,0.6940460409434513,-0.2562785088869082,0.4282558830187201,0.0,0.159025787965616,0.0,0.1736412251671035,1.0379622047726371,0.8793366790312023,0.0,0.0967756224103755,0.0,,3.3607665093689225,,1.0154670686586975,,-0.0581140479793611,-0.2341723874904653,1.098181367426548,,,,-0.0600778422598527,1.1686977879827898,0.2251693420407005,,,,,,1.0758749299481432,1.2455816116659548,-0.1604552944749779,0.1444813934950345,-0.2623584432191626,-0.0336372580838126,-0.215580842816056,-22.47961981911191,5.845619858766609,0.1801336466683199,1.1539156839667823,,1.3514458264366709,0.4775808979358225,1.5495840494566175,-0.506242925563939,-1.248299454441603,-0.1976578783591547,0.8292727699761995,-1.147966299790066,0.8041677467174349,-0.5111450981994219,-0.2588440257392927,,-1.558966256621684,-1.6913791584326658,0.12677910906298,-0.0584123619505248,1.0220941018015834,0.0,0.0,0.5174728583662532,0.0444444444444444,0.9205317582279424,,1.0245525927881955,1.3085631009167118,0.7223852334717398,0.9046140813595732,1.2127034642108392,0.5500224761664246,1.1772051760957394,1.059031993971895,0.3385486725663716,,,,0.0,0.0,0.0,-0.6775655311056291,1.175246037600432,0.8958068482869597,0.0,1.499749198415364,0.0,0.8131171682994053,0.9277046721505668,,36.8368,-0.0567150241063284
2016-12-31,1.108585060700262,-0.1329142006113075,,,0.990776248868806,1.1542191947717568,0.0,-0.2401791043044426,0.8960573476702509,,-0.9300753765921378,-0.4218567156416591,0.0,2.4319940850869863,5.401315739557173,,-0.0744129707078726,-0.0004829236089146,0.9112775351137824,-0.402144537815126,-0.0265003691525266,0.9704791562532812,1.1312105608315826,-0.0610096429900907,1.64617531861337,-0.5813409563409564,-0.030399104519521,0.0,0.7088575296524645,0.6988061227005807,1.1622712735280238,0.5023952949945185,0.0,0.1146131805157593,0.0,0.1543989397737657,1.038423033257671,0.8793366790312023,0.0,0.0597822285126444,0.0,,3.2287636560228936,,0.928261520639342,,-0.055944765963686,,0.9575000859772298,,,,-0.0599235398405889,1.108585060700262,5.598974336862397,,,,,,1.0442462712373075,-0.0433111434712502,-0.2350137503659205,0.0823896091434081,-0.93871914116597,1.1046637304793685,0.606227335250719,15.832684120298566,1.8806148654018016,5.089429104354341,2.5762968550748875,,1.2253192230309609,0.1384523344100571,1.2887117421090404,-0.5541074947295326,-0.5850210745968675,4.512741250573513,-0.2040527613263442,-0.4791530792549996,1.0136721827768511,-0.0041352308390393,9.593910450358525,,1.1000866453685054,8.483643183505984,0.0063490015360983,-0.1299363761382884,2.012662512432136,0.0,0.0,0.4145970883173568,-0.0792888888888889,0.4752911481201797,,0.9652837219369172,1.1861501145263116,1.203531468775935,1.0952010208632963,1.100251597509852,-0.008321611212829,1.2206535565505263,0.8655926207840683,1.925097345132744,,,,0.0,0.0,0.0,-0.7304324278051408,1.0907109139101607,0.7228839774425391,-0.0983429880102384,0.800477693207357,0.0,0.7175898177131333,0.7657310941046087,,33.3998,0.0247308974018697
2016-09-30,1.0136922243172295,-0.1533525252890502,,1.1046868377302286,1.1084349168716303,0.9235050074628356,-0.0054616250257255,0.159001262189516,0.4480286738351254,,-0.9179727238813218,-0.2515277597191522,0.0,2.2750072547120106,1.7487348161048737,,-0.0643297349058379,-0.0523022189013116,1.097495254093238,0.0415529411764705,,1.0782700075355744,0.9071468912912428,-0.0822023557124101,1.2417631915295104,,-0.0964567564890501,6.909499718943226,0.6440736768572899,0.7116303124290303,-0.2562785088869082,0.7053625064871986,0.0,0.0,0.0,0.002382252842814,0.8861133856820881,0.4429413048221688,0.0,0.0648583897053782,0.0,,3.0618482017242403,,0.8563280918946081,,-0.0501004789192745,,1.073887328347083,,,,-0.1109224426024334,1.0136922243172295,1.813548235991696,,,,,,0.9315117209162944,1.2185235069042912,0.8010670448876264,0.1415115677635922,0.1912906854704399,0.9353304061814504,-5.965737151431787,5.3887120425433634,0.530873150070117,1.631213709430572,0.1707229284418987,,1.1390593191156169,1.057934425379886,1.2678212561545448,-0.3586600190199831,-0.3322652483643507,-0.001614478245226,4.055445447183557,-1.0720007659857993,0.899174629884324,0.1890712746446918,-9.351480958539488,,0.3752055144880917,-7.7777669389656,-0.0205966205837173,-0.1597700177834708,0.337383347071172,0.0,0.0,0.501339816017017,0.1714285714285714,0.5470421529145242,,0.9295636435220844,1.1024300098148565,0.7948710838675083,0.8578726818559717,1.023344054177966,0.4591076456847023,1.180074408767282,0.7625637969392538,0.3318938053097345,,,,0.0,0.0,0.0,-0.4912489977793083,1.0144214842832546,0.6882709151565471,-0.2594638286407113,1.3858922369160955,0.0,0.7779670293045562,0.900271835669572,,37.1761,-0.1415855885905191
2016-06-30,0.9284078197613056,-0.1592700740153255,,,0.9525857990793752,0.888526321277044,-0.004536015899794,-10.947837164706986,0.4480286738351254,,-1.0725993096569526,-0.1418541151995839,0.0,2.1613530836576413,0.5054165470553693,,-0.1550461193455718,0.3254958192613285,0.9629290437101076,0.7272672268907563,,0.9266427111667396,0.8802831135705981,-0.0997983214474531,0.4579553089630451,,-0.1058320319843493,0.0,0.5979720096817763,0.4589620218667878,-0.2562785088869082,0.5700510321587452,0.0,-0.0949641833810888,0.0,-0.0333647014173127,0.7036594010833844,0.601789221034257,0.0,0.0,0.0,,0.8365985586732488,,0.8042502571134779,,-0.1652474042482585,,0.9272246081071592,,,,-0.1170368795863565,0.9284078197613056,0.5250102060386308,,,,,,0.8548774611557307,0.7798617264361324,-0.6521865212055243,-0.2440881502949441,0.0494508584073151,2.736493627168268,-0.194048768288108,0.2322029665126073,0.4723670612785512,0.4539900774447476,0.5442326511643422,,1.0208682419288089,0.1116814580049551,0.9704252468605084,-0.6206631781542906,-1.7817919109622735,-1.8050964280255482e-07,3.329002596958069,-0.5453082974145605,2.365450498738688,-0.9189466304634872,-0.2250958104436349,,0.0173403623461923,-3.223461867660201,-0.0208129032258064,-0.1669207936564701,0.5975013378794946,0.0,0.0,0.2997872869416282,-0.1206603174603174,0.5611361002848418,,0.7283405351185258,0.9877188994506452,0.6209811435480007,0.7251210084836789,0.9180319059963062,0.0388545994065281,0.827841940803631,0.7945382595117825,494.8825486725664,,,,0.0,0.0,0.0,0.0816883299268553,0.8590940603416539,0.6221784834664227,-0.0641250168395527,0.8596200593194769,0.0,0.5378885439692481,0.5835922710269285,,35.9274,-0.1117503632325188
2016-03-31,0.736900222043098,-0.2267944838985151,,,0.8274465230142505,0.6614625521941652,-0.0041889495525065,-13.079355248578189,0.4816308243727598,,-1.034762714644898,-0.246911975035756,0.0,1.7975052276118506,0.4514504309800361,,-0.1663032664118576,0.44845029283214,0.8396555833667619,0.2163428571428571,,0.808344504982066,0.6430215292406696,-0.148448701968144,0.3622527776770654,,-0.1600768163781976,0.0,0.444050974094841,0.4555983440936962,-0.2562785088869082,0.606305345564363,0.0,-0.0584541547277936,0.0,0.0101083857919229,0.0,0.4756709578878464,0.0,0.0158736891624978,0.0,,0.4758030033480129,,0.6375301270150657,,-0.1667803118897637,,0.8034892666037492,,,,-0.1710397462411165,0.736900222043098,0.4690813303653984,,,,,,0.7495257250605134,,1.0090088604306937,0.1719084784493479,-0.0125198215278601,0.4511191894716113,,0.7212926092364033,0.291388586237863,0.4029619810629394,1.262543143608886,,0.8800506839391258,-0.6302121863201622,0.9608836711698424,-0.414870408679403,-0.0847822466622543,-0.1269076653916217,0.9044645970493548,0.3780008561948705,0.532472433225577,0.3782472340605581,0.3046542716231021,,0.0512854687505154,2.5057853034098203,0.2238973886328725,-0.1736554298105589,1.0977439572933327,0.0,0.0,0.1206842730462167,-0.3841777777777778,0.5630746586822319,,0.6655586607034422,0.8510475125722442,1.0672382838680028,0.8925593152069035,0.7924173207941918,,0.7769630675103122,0.641678522076636,516.324814159292,,,,0.0,0.0,0.0,-0.3773933701527627,0.7504827166732928,0.540029579211993,-0.2449236157887646,-1.1538425775697991,0.0,0.323403137956132,0.3021861464791251,,28.3565,0.1254033466753654
2015-12-31,0.6940648776956788,-0.2270742585838712,,,0.7123287532584759,0.667923799501594,-0.003841883205219,0.0644112749528401,0.4480286738351254,,-0.9137174532935008,-0.4244571577168118,0.0,1.7182066617157548,0.2848009260853459,,-0.2743425844839298,-0.0215222739227619,0.7426620058267526,-0.348363025210084,-0.3444317316466249,0.7129071869945137,0.6387377001324548,-0.1623966789541693,0.3088946247214743,,-0.1580337519322226,0.0,0.4164067380321422,0.4792686915614962,0.5119278561317046,0.2918168130708629,0.0,0.0629111747851002,0.0,0.0861164660250404,0.0,0.470870608771547,0.0,0.0666329368503759,0.0,,2.480670088731165,,0.6011947429018741,,-0.155993173834882,,0.6991362187256979,,,,-0.1720147842050416,0.6940648776956788,0.2963707460563473,,,,,,0.6697744029917282,0.4137924166583468,-0.1624632189737183,0.0789122604818502,-0.5862212055828928,0.6660179520795452,0.0225084406652494,-13.496472129260924,3.670664556486568,0.2451153832445564,0.5564942935717206,,0.4481528528063655,-0.624077677341142,0.8182138869592223,-0.6295936301714966,-0.9347176605264904,0.0170823495369769,0.6767286408799857,0.3441325725174107,0.9194826927314816,-0.2714432345916418,-0.4397657835099251,,-0.9354938345120496,-1.617421834682241,-0.0682279569892473,1.1051256709440194,0.6060405367088314,0.0,0.0,0.1395066162048675,-0.3127238095238095,0.4112277509823721,,0.5733550837741677,0.4318662938849229,1.1888820974361078,0.7828660065721204,0.4032233601744455,-0.6474104425784456,0.8643221847703862,0.4322835245425592,0.935929203539823,,,,0.0,0.0,0.0,-0.7877071372660482,0.678761401557491,0.2504085552094724,-0.1576182136602451,0.0001470652419365,0.0,0.351589501429349,0.3311662125227997,,24.7516,0.2893105900224633
2015-09-30,0.6378484778945751,-0.2581488210003339,,,0.7461364837079578,0.5548161896232479,-0.0034948168579314,-18.634722025292984,0.4480286738351254,,-0.8136909628525102,-0.3040566896372383,0.0,1.5659504052860598,3.39776571238043,,-0.4651056202581374,0.6943592399737629,0.7128501278227126,-0.2273546218487395,,0.7436620489955605,0.523029476590796,-0.1822604314944119,0.9771122679998124,,-0.1856369486731825,0.0,0.3255530672810146,0.4853107951854135,-0.2562785088869082,0.1322266546126695,0.0,0.0519957020057306,0.0,0.0386556718195848,0.0,0.3945014182849661,0.0,0.1085930647399691,0.0,,0.2339703198849275,,0.5314289253064431,,-0.1532396440854029,,0.7513595131347574,,,,-0.1983510146758383,0.6378484778945751,3.522554751309006,,,,,,0.6069125544762107,,0.2926048319376815,0.238179678084539,-0.3025918153735455,0.5256460180803502,,13.378643668248223,0.3201730671098455,3.192467077269224,0.8872827719010865,,0.8992425842296058,1.550469090290445,0.750106215116059,-0.3776096601466467,-0.1390260114875998,2.978409286751797,-0.1563550962891004,-2.4109651500200595,0.5679571527876865,0.3367833105482856,0.6403210688055434,,0.9297647718537853,1.1546062154643977,-0.0598494623655914,-13.941480352028194,0.8364067872535773,0.0,0.0,0.5234398740296693,0.6019111111111111,0.3862430260986272,,0.5445805761622189,0.869674334873225,0.6879496982443537,0.7453175349087003,0.8879147393846738,1.5241397815518656,0.5045750598098382,0.5950960178716419,0.1723185840707964,,,,0.0,0.0,0.0,1.3679997717202834,0.5913436368531978,0.5634929622243294,-0.3917553549777718,2.7196000331450265,0.0,0.8204213806758703,0.9295038969355368,,21.4401,0.4884492143226944
2015-06-30,0.5805197687491741,-0.2696268052827882,,,0.698037969063581,0.4940182537554335,-0.0031477505106439,-21.466212025109503,0.4480286738351254,,-1.1349362606058129,-0.4548173189442205,0.0,1.5027046884089426,0.3113148215760743,,-0.4778406161249928,0.8173137135445744,0.7368500876718783,-0.3886991596638655,,0.7078816550756852,0.4679710676504865,-0.1912432449564692,0.248716993496339,,-0.2016602570845398,0.0,0.2938714901465322,0.480846874087532,-0.2562785088869082,0.1284320134544709,0.0,-0.0506146131805157,0.0,0.1042005290417614,0.0,0.3578442068514074,0.0,-0.0261304553029172,0.0,,0.1709824031791328,,0.5024489066798938,,-0.1552739586730722,,0.704616029422399,,,,-0.2108828028480533,0.5805197687491741,0.3238489578002499,,,,,,0.5787575293664438,,0.1337286649432325,0.1057466110701862,0.0052179339392344,0.7617731865497839,,-3.651030493916361,1.2340630928885326,0.2702207576521442,0.7739673819216277,,0.6872376159593168,0.2484800618318125,0.666999876800553,-0.4462550175507663,-0.4486405417695981,2.473447821273432,3.882059585353601,-0.7752173524270592,0.9323641419185906,0.100114022506861,0.5590334713636526,,-0.2521741836437541,0.4547756680554332,-0.0061339477726574,-5.741278134133536,0.7574921840291209,0.0,0.0,0.2797314842951462,0.0967428571428571,0.3702271768141753,,0.4960938771287513,0.6639115489517798,0.821316052909534,0.6781854189044039,0.5826263382638819,0.2253065218763811,0.6003527789884725,0.4319160019842543,0.167929203539823,,,,0.0,0.0,0.0,1.3058942606115098,0.5490425559265038,0.3592331625613153,-0.3642732049036777,1.093026830392977,0.0,0.5227968554051469,0.5486212955394427,,20.6297,-0.0428556886430728
2015-03-31,0.5130011638487234,-0.2837642169010867,,,0.5889855996048537,0.4569211725916695,-0.0028006841633564,-26.3687224779338,0.4480286738351254,,-1.2384443360732027,-0.343778442335197,0.0,1.3614947987104322,1.1530893148917796,,-0.4938166520710737,0.9402681871153858,0.6041479518401394,0.4785277310924369,,0.5976239547922783,0.4374570936225094,-0.2119242454476005,0.413110292590291,,-0.2098170521190786,0.0,0.2391745968874484,0.2272061149141874,-0.2562785088869082,0.0711588948548093,0.0,-0.1520816618911175,0.0,0.0623465840685643,0.0,0.3382064150120009,0.0,-0.0695435705921803,0.0,,0.0182592307610449,,0.4377435301716212,,-0.2708640609844078,,0.5973850871969758,,,,-0.2178280572818609,0.5130011638487234,1.196238975933709,,,,,,0.5686642184780367,,-0.2085355344913601,0.0952523921253237,0.3744428987962493,1.0335674554664949,,1.820074797148788,0.7779398084582549,1.0673013569714187,0.4141407812526059,,0.548702730774624,-0.5158476693079637,0.662052601032428,-0.5744241130351625,-0.1101318874182771,-0.0170819885176913,3.858717818540826,0.3041256406624511,0.8670538103629339,0.3588699734895847,-0.5648956071554284,,0.1275460864895099,-1.167641635304039,-0.0023084485407066,-0.3258227699950258,0.5069033326246634,0.0,0.0,0.0603331583745407,-0.3821206349206349,0.3215389949894415,,0.395151581460168,0.52945562485019,0.652562905137758,0.5406973282176385,0.4606409799736009,-0.6729746827451228,0.4791618561476042,0.3597590730370535,0.1009557522123893,,,,0.0,0.0,0.0,0.9992832688312582,0.4500942271661229,0.2682136284018551,-0.3508015627104944,-0.0319432030872947,0.0,0.2549100898575184,0.2061300695409215,,22.9505,-0.0915971329600663
2014-12-31,0.4358196148779193,-0.3093494052862469,,,0.3896402998955756,0.4634168847171954,-0.0024536178160688,-27.775252745113946,0.4480286738351254,,-1.1526205020097449,-0.4535821089585229,0.0,1.2196979767196654,0.7328690844726874,,-0.4944059320854783,1.0632226606861972,0.4080972396020937,-0.3886991596638655,-0.713988835930175,0.4031355528649414,0.4365360538236667,-0.2308698151293076,0.3003252685508452,,-0.2020162191129147,0.0,0.2096951024685915,0.2309810466210297,-0.2082525035390342,0.1277374145529182,0.0,-0.0524598853868194,0.0,0.1142823283654938,0.0,0.3355880427667467,0.0,-0.0335498791247808,0.0,,-0.1231127679384814,,0.3727715122070185,,-0.2691437351833248,,0.3985943183886072,,,,-0.2180376942088885,0.4358196148779193,0.7607352426341218,,,,,,0.4526206558662928,0.752212442502783,0.083908498564492,0.0545367028062653,-0.4881669148269695,1.2599751187249544,0.3001125422033262,2.8873672914461106,0.0545570133288537,0.669477756032803,0.5024438090696126,,0.4495837457559856,0.0122774680053043,0.4059026613843679,-0.4834193095201282,-0.1805529642101666,13.23436158094136,3.034849935858493,0.3647651280217071,1.111347715570242,0.3050401157879225,0.2219104345384289,,0.2016211723606655,0.2264103742117386,-0.1163877112135176,0.1358923758651967,0.5683989371048703,0.0,0.0,0.0177352965551534,-0.3845015873015873,0.3241015308749538,,0.3273495807653463,0.4332550562430475,0.5349874312674565,0.4431281935164788,0.3715895017190618,-0.7068980364922028,0.3947244375279238,0.2615080424502031,0.103646017699115,,,,134000.0,3020000.0,0.0,-0.5383909972746311,0.3549000355402821,0.210240310087457,-0.4572275360366428,-0.0743232943120224,137000.0,0.2028138057332103,0.1382687057763661,,21.3468,0.0183306162984614
2014-09-30,0.3439833578482354,-0.3353056785957173,,,0.3853817098615512,0.3176692128119087,-0.0021065514687813,-30.98830507631906,0.0,,-1.0256808066821457,-0.5555844493563906,0.0,1.0534707251281403,0.0665198619509841,,-0.5424977288166112,1.1861771342570089,0.4294641941474189,-0.3685310924369748,,0.4108084349313064,0.2783225218148684,-0.2543148046487306,0.1279774549846052,,-0.2407840987050086,0.0,0.1749590235027578,0.2712880251760049,-0.2562785088869082,0.0481972424085329,0.0,0.0476389684813753,0.0,0.165928517068269,0.0,0.222998036220816,0.0,0.0196782603870426,0.0,,-0.2930920083739903,,0.2966040010264248,,-0.2507748902460399,,0.3990102252259582,,,,-0.2540485144863454,0.3439833578482354,0.0701507512590616,,,,,,0.4131918156706443,,-0.1695871591785238,0.178107900321994,0.0305540785419777,0.5532773871708557,,-0.1602301384003877,0.0943196560814332,0.0385545862698949,0.3735831970152308,,0.4389983457730455,0.5925751124701291,0.4059026613843679,-0.503123945119998,0.0717132766858603,1.8050964280255482e-07,2.681533295221641,0.4785355427697825,0.5310094653375529,0.4978723823335877,0.0403622010496632,,-0.0098963287206298,-0.3266123956851737,-0.0157708141321044,0.5664734434586413,0.4786583990069516,0.0,0.0,-0.0240890632337909,-0.4649968253968254,0.3721490787283095,,0.2789290300252395,0.4229813281867989,0.4362468634055041,0.3666089595963274,0.3091884658618666,-0.7214345602626429,0.2937547735150696,0.2557501890367592,0.0979823008849557,,,,0.0,220000.0,0.0,0.9802599591222644,0.3169564352161795,0.179900465367637,-0.4125016839552741,-0.1622461701364575,0.0,0.1517823481804102,0.072876824849648,,18.5298,0.17314272145409
2014-06-30,0.2899072125497525,-0.3603472364105409,,,0.2515735008776809,0.3184158946061248,-0.0017594851214938,-34.8779134591448,0.0,,-0.938364864750231,-0.520868547653101,0.0,0.9489767110452256,0.1032057550828096,,-0.542366777702299,1.30913160782782,0.2859570833267214,-0.0073344537815126,,0.2749829055914277,0.2772219620546742,-0.2669232176180113,0.1277853169538736,,-0.2348677890806353,0.0,0.1589761650828956,0.1613305103331927,-0.2562785088869082,0.1107669595314389,0.0,0.0765888252148997,0.0,0.1472126963915753,0.0,0.222998036220816,0.0,0.0563019289551605,0.0,,-0.3907640015067163,,0.2487246198658689,,-0.3008851344828288,,0.2655231796044062,,,,-0.2542990117682515,0.2899072125497525,0.1081709184518827,,,,,,0.4128376644114019,,0.2123806205737359,0.2542728612349973,-0.2205343109251838,0.1795634111500413,,0.5744792590983498,-0.0498954534042221,0.0732349419163406,0.3558222517121088,,0.3182385630024256,-1.2201470533558518,0.4062177432027917,-0.5540815983972789,-0.1800166153620044,1.8050964280255482e-07,0.6155803176956378,1.203166971451994,0.1909638953540348,0.3054501007454139,-0.3932950487061141,,0.0410959362871879,-0.0908420078794668,-0.0133130568356374,4.201559548618449,0.4662893999527082,0.0,0.0,-0.1484018895549601,-0.7895746031746032,0.2888666624491597,,0.2180064518399412,0.305777144092055,0.3359842829368165,0.2916068356423747,0.2519875163261043,,-0.13075503174601,0.2158127377009571,0.0181238938053097,,,,0.0,2800000.0,0.0,0.6361618570331135,0.2597728820775583,0.1237788746652468,-0.3941802505725448,-0.8855541449943103,0.0,0.0,-0.120438241321299,,20.1409,-0.0843507489734817
2014-03-31,0.2708629709991419,-0.3611921129441801,,,0.191501282415666,0.3270027352396099,-0.0014124187742063,-37.25429781715169,0.0,,-0.7295250264206712,-0.5571447146014823,0.0,0.9154011740189678,-0.0296972304902127,,-0.5426614177095013,1.4320860813986316,0.2309801988788961,-0.3754151260504201,,0.2201580573805417,0.2761171116131538,-0.2721263723913324,0.0783674154497076,,-0.2320442047932107,0.0,0.1242400861170618,0.1143682600655354,0.7599232422796623,-0.0330205101186202,0.0,0.2300759312320917,0.0,0.169087305368133,0.0,0.222998036220816,0.0,0.1438869413273183,0.0,,-0.429726493938434,,0.2333387182456582,,-0.3222869443926437,,0.2056294201645066,,,,-0.2545504856477477,0.2708629709991419,-0.0295657781512011,,,,,,0.4110078829053164,,-0.4840486134875903,0.2440754482091955,-0.3814663765954859,-0.0533870222554381,,-9.9127005153825,2.431972305786891,-0.0525472229582306,0.3198739397501784,,0.2993873746540935,-0.5243603595889447,0.3478800638251205,-0.4470497294324291,0.2459417145316658,-0.0026224440906355,0.6220395430306938,0.282073795768245,0.3132958997768528,0.6310525670748521,0.7580534165470272,,-0.6867633398640653,-0.1892196999257366,0.0023084485407066,-0.4462285712427947,0.4412544353677656,0.0,0.0,-0.0016575043509489,-0.386215873015873,0.2728508131647078,,0.1963759599109591,0.2874810019585488,0.2931776783723863,0.2629713850303725,0.2353039060448403,,0.2210675458359919,0.2030719556797196,0.0066548672566371,,,,0.0,0.0,0.0,-0.4545787707696775,0.2377173264121346,0.1092499349402625,-0.3947191162602721,-0.5675326753666036,14573.0,0.1792142992654498,0.1196104203101818,,19.975,-0.0767459324155194
2013-12-31,0.2660035938870663,-0.3653102938662975,,,0.1763320446711517,0.3290749869606366,-0.0010653524269187,-40.26868760908996,0.0,,-0.6714986093140192,-0.564816018723183,0.0,0.8717248833990494,2.2566676819209666,,-0.5534648846402528,1.555040554969443,0.1667595018789026,-0.4626487394957983,,0.2024816117782102,0.2750161764183437,-0.279104924066247,0.7898161156426545,,-0.2304747170939509,0.0,0.1212566192120209,0.0996523193718976,0.7598175431237876,0.143352781538779,0.0,0.2798581661891117,0.0,0.1809327614926227,0.0,0.2195068732271438,0.0,0.1682324190170336,0.0,,-0.4916535444680616,,0.2077572288706935,,-0.3289933471645367,,0.191545735198941,,,,-0.2548010683819429,0.2660035938870663,2.3399547326704835,,,,,,0.3500348411057582,,0.4142460937553685,0.2821825210788233,-0.8817678601517976,0.1959205785376454,,6.296752464955327,0.854849211605894,2.112099052989091,0.3428248521611584,,0.2570183136314182,-2.2925413122810734,0.2297080664322646,-0.5477898080547122,-0.5742015249676592,3.483026881360624,-0.1570494183105246,0.2870691626619905,0.0724298710664149,0.0041352308390393,-0.4327345427795114,,0.4382484332520789,0.0071997683990584,-0.1291385560675883,-0.2285338552418974,0.4572378083842646,0.0,0.0,0.0,-0.2979873015873016,0.0761761839516385,,0.1666753761919591,0.2463594371950915,0.3142956032908386,0.2495070340803583,0.1804863294064014,,0.2362334899570025,0.0842396618277932,0.0181238938053097,,,,1213000.0,0.0,0.0,-0.1245512037558727,0.1801315442948126,0.0294832070383881,-0.5051865822443756,-0.5931539706666514,291328.0,0.1764170633482416,0.1282843842578954,,18.7929,-0.018671945255921
2013-09-30,0.2411836503736522,-0.3647489163098,,,0.2720293739334915,0.2259301257410725,-0.0007182860796312,-44.23061274179464,0.0,,-0.6375117078658373,-0.5221687686906774,0.0,0.8478763695752292,0.8037395598409867,,-0.575530147401848,1.6779950285402545,0.300257198099539,-0.0525647058823529,,0.3018902431555643,0.1698702437200154,-0.282650153200783,0.2341529307668841,,-0.2622082746226243,0.0,0.0571831156799512,0.1829675242513707,-0.2562785088869082,-0.027001122803338,0.0,0.2593567335243553,0.0,0.1604006375435072,0.0,0.1479380318568623,0.0,0.1825205147607582,0.0,,-0.5061251450174012,,0.2023979654617862,,-0.2910246346930268,,0.2891441480768606,,,,-0.2787332266318106,0.2411836503736522,0.8341832928929809,,,,,,0.3117274798977105,,-0.2039221870846888,0.2094270264999795,-0.0052179339392344,0.520460980437761,,3.323213393077559,0.0223266853488684,0.7365569356113022,0.186937307496226,,0.2169647329117286,-0.6267783124466942,0.2294922809998251,-0.505539432785215,-0.2620970762784452,1.8050964280255482e-07,1.5449894663113557,0.4440813749128572,0.37717812467448,0.2427078120372167,0.1477545354231677,,0.2318709282405789,-0.5735844336475889,-0.0725450076804915,0.4725217741856828,0.3486752932916733,0.0,0.0,-0.0417691096439128,-0.4341650793650793,0.2702882772791954,,0.1449125876762554,0.2074851767366974,0.2102279913053127,0.189581190415506,0.1620693570179931,,0.1000132531223399,0.135447804951613,-0.016,,,,0.0,-450000.0,0.0,0.5326526718518241,0.1714836212527468,0.0605352546859035,-0.4513000134716421,-0.1423212018740856,0.0,0.1302046831049676,0.0443288259805491,,19.2622,-0.049039050575739
2013-06-30,0.1986550152691162,-0.3675139624098782,,,0.1645302122001783,0.2279709161505452,-0.0003712197323437,-0.0640966802837729,0.0,,-0.5875537258997293,-0.5404368742686256,0.0,0.7786660159844977,0.0368376393261435,,-0.57549740962327,1.800949502111066,0.204114224406966,-23.46419163697479,,0.1958632364093688,0.1688687986984587,-0.2934693889725027,0.0353284965658305,,-0.2609554229985261,0.0,0.0163380330514146,0.0941831281834993,-0.2562785088869082,-0.035551398486372,0.0,0.3113080229226361,0.0,0.1745098919495661,0.0,0.1479380318568623,0.0,0.2034539081550453,0.0,,-0.5853570870269519,,0.170684871907855,,-0.3314857871457431,,0.1819100309900836,,,,-0.2789611645093812,0.1986550152691162,0.0393889796212335,,,,,,0.3119045555273316,,-0.0586070693785329,0.1997314386336319,-0.0380601793858752,0.4713804025229138,,0.0174794148805627,0.0175892791362429,0.0104437978622264,0.2284989652746067,,0.2443910721806269,-0.0103811647319814,0.2298115732657112,-0.5101009698721998,0.2212133604307205,6.690719335890583,-0.1549434698135627,0.2978714615689573,0.4175795295884689,0.6121502179048164,0.0724540525148016,,0.0024375445987715,0.0826423590569813,-0.0871993855606758,-0.2601897337030908,0.3776194793684816,0.0,0.0,-0.0481781264675819,-0.4389142857142857,0.2741320811074639,,0.1082664331543713,0.2341039867657174,0.0818081776120221,0.1364823415985484,0.1869864373081926,,0.0692714744986699,0.1349577748738731,-0.031433628318584,,,,0.0,0.0,0.0,-0.3821514356164475,0.1259647084964469,0.0777705655361299,-0.4849791189546005,-0.4823145349164511,0.0,0.1223593879746854,0.0341702356098176,,18.8879,-0.0054606879273788
2013-03-31,0.1588805463589777,-0.3781339021270226,,,0.0692752925153642,0.2264838448244238,-2.415338505617064e-05,-0.0636588344988921,0.0,,-0.5314062594422451,-0.4833571707190222,0.0,0.7020387444954663,0.0325020337742004,,-0.57549740962327,1.9239039756818768,0.1017365870808996,-25.021467912605043,,0.0983862839674182,0.1679107002850008,-0.3041595689779867,0.0317163015880765,,-0.2589997425610985,0.0,0.0115076580623007,0.0164749232715829,0.6953813243852567,-0.0410048737501659,0.0,0.299958452722063,0.0,0.1408687965560152,0.0,0.1479380318568623,0.0,0.2269736868028941,0.0,,-0.6651320914483874,,0.1355720997857172,,-0.3668992569109078,,0.0868927803928233,,,,-0.2791792363097961,0.1588805463589777,0.0348956871348092,,,,,,0.2898881522444321,,-0.2030553161896987,0.2810044548101092,-0.9366514362187536,0.0552997067443002,,-0.0527620981514687,0.0304409710424665,0.0063119061940128,0.1730646397979141,,0.1623944418751988,-0.0103496178888627,0.0798603464750901,-0.514543354733815,0.7079318073476929,3.1124911273869635,-0.1585282999709543,0.0031530444374633,0.1677911125370902,0.9841977061268676,-0.0665571125164627,,-0.0024375445987715,0.0148644693946908,-0.0684774193548387,-1.7585186726443405,0.3390141513472696,0.0,0.0,-0.0532058896654603,-0.2826730158730158,0.2049436121986317,,0.0670560463905919,0.1545216296847954,0.0483239002638456,0.0876503645615248,0.1135352180179524,,0.045224572108599,0.0756641354673449,-0.0434690265486725,,,,0.0,0.0,0.0,-0.9020366691079914,0.081719520839366,0.0140996238001695,-0.4949481341775562,-0.455488885979211,7014.0,0.1162469069901684,0.107865473414482,,18.6893,0.043005969140669
2012-12-31,0.1457534790214956,-0.3833187077645086,,,0.1814308946222033,0.1313721051549936,0.0003229129622313,-1235.4067370714663,0.0,,-0.5216246634156952,-0.4594331036276167,0.0,0.6753809820933248,0.0443415720121987,,-0.6036846369789578,2.046858449252689,0.2192698162506902,584.6869983193277,,0.2104236622208199,0.0707684951203655,-0.3077152855281457,0.2258141402331329,,-0.2869676469298413,0.0,0.042905095491541,0.109047111572527,0.6954333350810046,0.0223844644385941,0.0,0.2920458452722063,0.0,0.1344459270129585,0.0,0.0693868644992363,0.0,0.2311082548626031,0.0,,-0.7048223097789352,,0.1181427132113916,,-0.3247119178106593,,0.2015021004045347,,,,-0.301289674318,0.1457534790214956,0.0471658320015833,,,,,,0.2055411273348786,,0.0629269931846012,0.1846099573119079,0.019389770096957,0.574355014538548,,0.5241294358623666,-0.1011660959489936,0.0175209510439673,0.1729432719860552,,0.0981046257843118,-0.2625143509969366,0.0066790854399349,-0.5820263596292765,-0.4450263903674801,1.8050964280255482e-07,2.090581255460972,0.1763199604979224,0.5321149772158108,0.1028766791510247,0.5629782117756869,,0.0376014233024803,0.2995684229738064,-0.1285708141321044,-0.7920553075695165,0.3389296289119781,0.0,0.0,-0.0817702146468134,1.6159428571428571,0.232490872967889,,0.0224059483720508,0.092124735059321,-0.0370990572891728,0.0195700548283541,0.0552509171652249,,-0.0161223550115247,0.0485899736722152,-0.0338407079646017,,,,3569000.0,0.0,0.0,0.4882774449009417,0.0368039515511172,-0.0180919485316583,-0.4936009699582379,-0.477041692521685,1242288.0,0.0295654498286751,0.0512345150100919,,16.3915,0.129957599975597
2012-09-30,0.0971921556645751,-0.3819496484820759,,0.0305870001673479,0.0637785922248111,0.1304303632291424,0.0006699793095188,-0.1368264137846863,0.0,,-0.5233930875560884,-0.4521518658171889,0.0,0.5770497570791021,-0.0768886293825155,,1.258734848546852,-0.0002451766014489,0.1002120403942259,0.1469647058823529,,0.0948585948952223,0.0698648583249822,-0.3234711144583769,0.1201382233307561,,-0.2875673146912876,1.8442945474985948,-0.0115076580623007,0.0140104986536028,-0.2561979761967178,-0.0819360309367134,0.0,0.2908180515759312,0.0,0.1345512199562873,0.0,0.0693868644992363,0.0,0.2303599730736304,0.0,,0.386631454563942,,0.0783016525058858,,-0.3680223535877168,,-0.0964713370973119,,,,-0.3014953501652014,0.0971921556645751,-0.0784735386765119,1.2081339844073382,1.1266794620459688,,,,0.2040654970880355,,-0.1448763566546686,0.2849508877101565,-0.3258206428885747,0.0606018619248161,,-0.056018705431739,-0.0874989206837895,-0.097264676190363,0.027881578372053,,0.0996565419487605,0.3646715917297697,0.1042541001534752,-0.5069797344105625,-0.3173772732196344,1.8050964280255482e-07,0.4533365160214295,0.3858148609158119,0.204829387824282,0.200451640012781,-0.0403622010496632,,-0.0026635683600399,-0.6710495676362859,-0.1398875576036866,0.2635090981797138,-1.2748427878779602,0.0,0.0,-0.0662085140473493,-0.4297079365079365,0.1646919391429759,1.983466122403124,0.0146004497554762,0.0936309572772191,-0.0146493713398272,0.028483075879772,0.050050830843792,,0.0,-0.0024956619321696,-0.0570619469026548,,,,0.0,0.0,0.0,-0.2815701616030159,0.0167595407791973,-0.0517079267188768,-0.5423683146975616,-0.4251434755849559,142091.0,0.1003761807005901,-0.0103127242244211,,15.4406,0.2004783324475325
2012-06-30,0.0743463341029417,-0.3737791126461497,,0.0305772262872557,0.0063099063844942,0.1313280593188179,0.0010170456568064,-0.1416198931376687,0.0,,-0.4864772336253803,-0.4550773631517358,0.0,0.5342990135354343,-0.0643820749057568,,0.921928582536032,-0.000123118986009,0.0394332239051946,0.0070521008403361,,0.0372755624995226,0.0689809779717659,-0.3315153490920145,0.0986956191011102,,-0.2891481761046007,1.8442945474985948,-0.0564727664168463,-0.0335629756999643,-0.2561807791118334,-0.0566477258792497,0.0,0.3279942693409742,0.0,0.1390788165194256,0.0,0.0693868644992363,0.0,0.2458366090798199,0.0,,0.3861849257318399,,0.0587126999986121,,-0.3897027127924311,,-0.1211336600938207,,,,-0.3016965292687985,0.0743463341029417,-0.0655121180425956,1.0047842209452054,0.9507656868295612,,,,0.2025308416313186,,-0.1180851327003079,0.2743436410759183,-0.2768511607531097,0.1334840835914678,,0.1092861018049411,-0.1152255359065197,-0.0853443794980906,-0.0443477083007469,,0.120486386953989,-0.3307755228044242,0.1042169078675588,-0.5072223306691754,0.1365990806675348,1.8050964280255482e-07,0.3794992886842375,-0.0826468607638809,0.1498009202273298,0.5474710785522424,-0.7247885051197779,,0.0088093576245409,-0.9161807557239418,-0.1398875576036866,-2.090455120306643,-1.0560771434775795,0.0,0.0,-0.088637697173955,-2.1348444444444445,0.168159050196074,0.0033329900478415,-0.0089483426809691,0.1138474973590695,-0.129561323148342,-0.0158923906315425,0.0795179866652453,,-0.239102722628545,0.0662310564708517,-0.0850973451327433,,,,0.0,0.0,0.0,-1.0863719806790315,0.0138768997651753,-0.0163826615051896,-0.4580358345682339,-0.362334599043222,132981.0,0.0729876106892045,0.0805181886959744,,12.8762,0.4647565421632436
2012-03-31,0.0438545214709991,-0.3975641662947251,,,-0.0677984720551345,0.1308771138532099,0.0013641120040939,-0.1435605547764769,0.0,,-0.5067035847311275,-0.4851124691197503,0.0,0.4843796696017288,-0.0898954460383446,,0.4652038335938714,0.0,-0.0362948047450853,-0.1818420168067226,,-0.0352510648079296,0.0680970976185496,-0.3357692068043673,0.6797594516395974,,-0.2838841833028557,0.0,-0.0676252498475945,-0.0944633708594231,-0.2562785088869082,-0.0491179242317761,197759889.0,0.3364684813753582,197759889.0,0.1538987982929539,0.2883968039502917,0.0693868644992363,1.1854461283659736,0.237368575521156,-197759889.0,,0.3831128073669773,,0.0143329879523867,,-0.4174564655024664,,-0.150764641109065,,,,-0.3018977083723955,0.0438545214709991,-0.0919534161357848,0.8972511865417397,0.8577388685672238,,,,0.1754972955091525,,-0.789602222048138,0.290305404411623,-0.8240878268778706,0.0385880808188861,,-1.112767165591432,0.1630608303521277,-0.1095271000174418,-0.1699516737488973,,0.0825237374398924,-0.555184667332906,-0.0069108354856687,-0.5267327437771423,0.4746591870497521,2.516955518949203,-0.1619600822798871,-0.0031530444374633,0.0515561799475059,0.8058841595527224,-0.1403689245895674,,-0.0760068489965981,-1.5938093949425405,-0.1398875576036866,-1.6898166059254394,-0.663172130920465,0.0,0.0,-0.0902405038813227,-0.2567873015873015,0.2707175020400188,3.378472254730318,-0.0215165184195214,0.0770026036345925,-0.1369811346061766,-0.0319168646495172,0.0513508524241502,,-0.0878889688934189,0.0657410263931118,-0.0865132743362831,,,,0.0,0.0,0.0,-0.9103470579052764,0.0109942587511534,-0.0378911899215878,-0.4184292065202748,-0.3592965157872165,64983.0,0.0710304023739634,0.0503180648349591,,13.1339,-0.0849947534102833
2011-12-31,0.0469188337754253,-0.3980116133506858,,,0.0528191744283037,0.0563611148930083,0.0017111783513814,-0.0045047386161675,-0.0067204301075268,,-0.5078914131209279,-0.4741256013522298,0.0,0.4859473306387384,0.1665161016469381,,1.4501816128266616,0.0001232919894117,0.0783301086244424,0.1685297210084033,,0.0786640162047215,-0.0079639732985344,-0.3353935128450691,0.0273872011900568,,-0.3066170664755646,0.0,-0.0535829945796089,0.0,0.075079955958685,-0.2190797071972455,162224281.0,0.3248209169054441,162224281.0,0.152541361667559,0.2365745874965273,0.0,0.9724325130380902,0.2368569494663285,-162224281.0,,0.3898350965078709,,0.0365580291545687,,-0.3744072697111384,,-0.1259696343068571,,,,-0.3192098909659406,0.0469188337754253,0.1737838763470102,0.906748333409879,0.8659527131678644,,,,0.1754972955091525,,0.7899073276187885,0.2124048809082629,,0.110306831411331,,0.8052133186201672,-0.0389321349499152,0.1331899199115427,0.4044192984061487,,0.0842311854466911,-0.6257699401398652,-0.0069108354856687,-0.4888744882973856,2.068879789621459,1.8050964280255482e-07,1.6980055434511587,,0.1616966729514252,,,,,3.0490169546993595,-0.2498500768049155,-0.4508955131685463,-0.80171429078182,0.0,0.0,0.0771347827288046,-0.6349206349206349,0.2819362841467916,,-0.50879778916528,0.0786597782827215,-3.388893483992922,-1.6388372755435805,0.082881142493632,,0.2683831054115094,-0.0112126844775653,0.3003595044247787,,,,0.0,0.0,0.0,1.6150336740557305,-0.5166531344547902,-0.0555256192924947,-0.5543184696214468,3.1152529743549846,0.0,-0.1832307255123622,-0.1178205156555548,,13.8435,-0.0543063942781275
2011-09-30,0.0314464965801221,-0.4054237577266576,,,0.0135826105905822,0.0571611634613032,0.002058244698669,-0.1622500268304174,0.0,,-0.4620508751861992,-0.4575477831231309,0.0,0.4541601813235013,-0.0195252328491156,,0.8778307947914195,0.000246237972018,0.0480712122281606,-0.0070521008403361,,0.0463449534355809,-0.0086558842785311,-0.3391066315819523,0.6429073773452776,,-0.3046886679120305,0.0,0.0791329079098953,-0.0271137215715537,-0.2562785088869082,-0.0406853413415174,162630349.0,0.3604340974212034,162630349.0,0.1492395855506546,0.2371667637663395,0.000436395374209,0.9748666352500688,0.2560731864695595,-162630349.0,,0.3820857910531424,,0.0044477156856031,,-0.3867636349132906,,-0.1096025636567301,,,,-0.3193673761167511,0.0314464965801221,-0.0190238227022825,0.8128846097319729,0.7847530839455514,,,,0.1221924548251294,,0.1010146821748255,0.2707716065986539,,0.1886660879160435,,0.0238111847291503,-0.0452550725146628,-0.0429851879238278,-0.0069208952324199,,0.1242320311510838,0.0921460754037151,-0.0065320706493786,-0.4931338530130728,0.2876919868814034,1.8050964280255482e-07,0.5595223760531992,,0.1570927596018051,,,,,-4.808777392475487,-0.2491987711213517,17.55753944386828,-1.0656667121063046,0.0,0.0,-0.4009693085444349,-1.573479365079365,-0.0469478996414852,-0.000936233159506,0.3532797117627805,0.1174828564327405,3.073894710877772,1.5914856185560755,0.1042183966920517,-0.0514723151714123,-1.1485010991893734,0.0923251581105016,-0.0552212389380531,,,,0.0,13500000.0,0.0,6.510447993348556,0.4101394819485165,-0.0480044714948612,-0.3408325474875387,-3.523240419727363,0.0,-0.3084046208737043,-0.5115099433261339,,12.258,0.0808125305922663
2011-06-30,0.0305898756148524,-0.4195492153871274,,,-0.0063099063844942,0.0684662614130581,0.0215048983765947,-0.1730497428230017,0.0,,-0.1451713745294921,-0.0347159017032895,0.0,0.4525900120288324,-0.0253616249382697,,0.5648903693639868,0.0071355943356775,0.0050410484320213,-0.2229310924369748,,0.0052983594016466,-0.0093489322890792,-0.3373539909655308,0.4529212925578773,,-0.298016111710501,0.0,0.0792039428362058,-0.0596566200564513,-0.2562785088869082,0.016182265683516,168220786.0,0.6471547277936963,168220786.0,0.1486867975981784,0.245319398618827,0.0,1.0083777882499771,0.3889871825307366,-168220786.0,,0.3819339712502277,,0.00937138809473,,-0.4015942046436308,,-0.0990969474369247,,,,-0.319525120065923,0.0305898756148524,-0.0250724856647767,0.8571895151723384,0.8230759250713932,,,,0.1311693628939848,,0.0340151480792779,0.3342241144490241,,-0.1148164717558159,,0.0365976152670905,-0.0547798457405973,-0.0484999552606013,-0.0086284963959281,,0.0534485176235803,0.1049901472448902,-0.0065318952140677,-0.5061108251724424,-0.4440481740518817,1.8050964280255482e-07,0.2754532446683708,,-0.0837134496776058,,,,,-0.3239502435585988,-0.2045794162826421,-0.2385049530379825,0.1105903472239716,0.0,0.0,203.74712008619025,-0.3542222222222222,0.2273491447136086,-0.0040258025858759,-0.0087498978008867,0.0487834619819523,-0.1133899392017795,-0.0243313148185233,0.0418173608348565,,-0.0708260520861371,0.1011456995098198,-0.0766017699115044,,,,0.0,0.0,0.0,-747.4834679045993,0.0386810201183873,-0.0280627895193926,-0.359153980870268,-422.6936532966967,0.0,0.0747168491010605,-0.029092611013853,,12.3456,-0.0635935069984448
2011-03-31,0.0297008068857467,-0.419488936196372,,,-0.0085187714694067,0.0684599691507472,,-0.1598598627205106,0.0,,-0.1313555609326702,-0.0308802496424392,,0.4529236102975081,-0.0341995901018458,,0.530941292978565,0.0073181500735529,0.0044685112483796,-0.2390521008403361,,0.0045858548762929,-0.0101198754737655,,0.4239468775235529,,,,0.0248622242086744,-0.0634506336177529,,-0.0536477577338259,,,,0.1514770605963916,,0.0,,,,,0.3818059663183584,,0.0094506909416558,,,,-0.0980079699925629,,,,,0.0297008068857467,-0.0342318895794109,0.8583317478782999,0.824066042304633,,,,0.130697161214995,,,0.3393884438951907,,-0.2272867406005663,,0.1474451536370448,-0.0920618261288108,-0.0568073136266577,0.0812367616678754,,0.0551399264091367,0.1091588372284295,0.1816051076587293,-0.5056430181142298,-0.2629664958526014,,-0.1585002664541574,,-0.0575978301291871,,,,,-0.3917894948833814,-0.2045794162826421,-0.1896865622632799,0.0454789561502785,0.0,0.0,-0.043855189369872,-0.1587301587301587,0.176721123223542,-0.0035015120165526,0.0450286647014449,0.0504250696607137,0.0547924538424706,0.0602475657970592,0.0435507229420008,,0.0498880316107462,0.0712538647676857,-0.0625840707964601,,,,0.0,0.0,0.0,-0.4094985623413442,0.0815854445131324,-0.038176071092666,-0.4057658628586825,-0.4126963795383859,0.0,-0.1832307255123622,-0.0259380985958124,,12.1965,-0.0516705612265814
2010-12-31,0.0353653648741276,-0.4206468711506947,,,0.0088723522059312,0.0662059591406105,,-1025.1632028522415,-0.010752688172043,,-0.1643616501419865,-0.0117670003900663,,0.4658311042118307,-0.0685040685072368,,-0.526073512681797,9.91689043896164,0.018474877830239,380.9928672268908,,0.0172590430346019,-0.0108908186584518,,-0.0064649836028443,,,,-0.0160447298406786,-0.1378729805664601,1.1870182981177582,-0.0373289120309096,,,,0.1483778944256876,,-0.0039275583678813,,,,,-1.6865110055697052,,0.0273397547442113,,,,0.0218474940950694,,,,,0.0353653648741276,-0.0697840294645926,0.9131378674927187,0.8714804492777174,,,,0.130697161214995,,,,,0.2451106705270478,,0.1838707217270645,-0.1384650919722225,-0.0893240743236861,0.2789955252803405,,0.0379867083459601,0.050459175568322,0.1812454652713302,-0.5107269918816817,-0.2238846067403399,,0.8231521693197139,,0.1806643279254021,,,,,0.5243361926819138,-0.274258064516129,13.52951015803556,-0.9818056236692329,0.0,0.0,0.5339926517307108,2.380952380952381,-0.2861900937167421,,-0.0947078190193277,0.0337769035116193,-0.1568078220793897,-0.0460433392804044,0.0416505247320438,,-1.15414378681328,-0.0499718584914417,-0.0745861946902654,,,,6466000.0,0.0,0.0,9.762927038333649,-0.0593120148175792,-0.1806536911839675,-0.4028767344739323,7.184126631712579,0.0,-0.1832307255123622,0.116765406560132,,13.9771,-0.1179858482804015
2010-09-30,0.021107341111427,,,,-0.0513656616323634,0.0822358287698801,,1.891554261442992,0.0,,0.2865451687439986,0.0142374203614614,,-0.2443038696037809,-0.1112399656786794,,2.423582298683123,0.0076843229198728,-0.0454154552286794,-0.4841963428571428,,-0.0443331224911053,-0.0115401188821971,,-0.0368588759806076,,,,-0.0540575789222893,-0.1035453680692989,,-0.0252143065949403,,,,0.1427377463001014,,-0.0039275583678813,,,,,-1.7006069652274685,,0.0156229338070635,,,,-0.324293936610815,,,,,0.021107341111427,-0.1140742406843353,0.8881658075132803,0.8232173703904274,,,,0.1083997979330965,,,,,-0.0365048730334559,,-0.0162382173888371,-0.1347593038867511,-0.1297962776583521,0.2280016615106945,,0.0229589301158979,,0.1793069050855933,-0.5046807802404875,2.395024744100997,1.8707851506088973,-0.1518393765861075,,0.0477241089962357,,,,,0.9075358415043993,-0.2750642089093702,-0.2080275952651102,-0.3672939298686669,0.0,0.0,242.3385176386088,-2.06984126984127,0.1351869009571872,0.012096132420818,0.0087793999397256,0.0191915966668995,-0.0083710693370441,0.0143549893195458,0.0106168429062589,,0.004537076634472,-0.005435842398609,-0.0918938053097345,,,,0.0,0.0,0.0,-665.3738276186006,0.0173628842472484,-0.0689432375691032,-0.5162333288427859,-376.2336876182452,0.0,-0.1832307255123622,-0.0681424624127276,,13.2153,-0.0202946584640529
2010-06-30,0.0162998804214889,,,-0.2698544454705694,-0.0649625948351676,0.0833474617781232,,-0.1014400837259828,0.0,,0.3188189093061745,0.008971525159277,,0.4201156001149702,-0.107738130425187,,-0.1214898963030863,0.0078668786577483,-0.0627347050338402,-0.5369089613445378,,-0.0607428933816968,-0.0121849396346377,,0.2274280996912783,,,1.178752107925801,0.1029296082239123,-0.1169950647243941,0.5589052587427253,-0.1160762435054016,,,,0.1492395855506546,,-0.0043639537420903,,,,,-1.710264964128735,,0.0034616020238311,,,,-0.0910391493209181,,,,,0.0162998804214889,-0.1104450429068387,0.8133412269127377,0.7583558512807848,,,,0.1129895982528774,,,,,-0.0858065766045506,,-0.1517217548956638,-0.0971272358589664,-0.1265641471997655,0.0615085759825609,,0.0192536269904126,0.4740882117333976,0.0486012827742217,-0.5107372485750743,-0.0520754648555508,,0.6130779853733358,,0.0772798674631248,,,,,-0.146965901796166,-0.294726267281106,-0.2170428721443224,-0.6277581722874871,0.0,0.0,236.8019006049891,-0.2920634920634921,0.0230227833463995,10.4245630131728,0.024482277152353,0.0155953908798197,-0.0234009438285551,0.0054419682681279,0.0073667889553633,,-0.0063190067536271,-0.0028631844904745,-0.0882123893805309,,,,0.0,0.0,0.0,-676.973570468214,0.0134746707864746,0.0554073936064973,-0.5958208271588307,-382.797541448678,0.0,-0.1832307255123622,-0.0052755454771143,,11.9681,0.0818007870923539
2010-03-31,0.0118865146961759,,,0.8043683999490805,0.0204920806195079,0.0197958473500708,,-0.1009209671987303,-0.0784050179211469,,0.3566058779157894,-0.0048108178390326,,0.392705360415064,-0.0731703473595453,,-0.2331890361179542,0.0080504076724355,0.0334187374345615,-0.2004638655462184,,0.0313869279321749,-0.0794628829004484,,0.4187304452720085,,,5.4929735806632936,0.0777504972089667,-0.0414852181812283,,-0.0635105547178459,,,,0.1591482569523186,,-0.0698232598734453,,,,,-1.7110792421995211,,-0.0061680794659441,,,,0.0050347268835084,,,,,0.0118865146961759,-0.0746200219125777,0.6995542691818519,0.6867042584712353,,,,0.0205732369014869,,,,,-0.1367128933037649,,-0.0906269348530352,-0.0747938528665281,-0.0937420455342482,-0.0291806759905393,,0.0083583784152909,,0.0429415642084246,-0.5078364229076191,-0.3471026425678703,,-0.1413165035756845,,-0.1007736560811258,,,,,-0.8958244175362191,-0.3070150537634408,-8.4629603139254,0.1796950898272579,0.0,0.0,528.2292881018813,1.3714285714285714,0.2000132931549061,,0.0220943899103214,0.0050209372789704,0.019454935894018,0.0302439664536644,0.0152345195596913,,0.0244921799746687,0.0053537623605875,-0.0675742300884955,,,,0.0,0.0,0.0,2145.26432665037,0.0330720710867318,-0.0611045897063031,-0.5073307288158426,1214.103904597987,0.0,-0.1832307255123622,-0.0260260243537643,,11.4908,0.0437480419117902
2009-12-31,0.0051842084310612,,,,0.0217618852254827,0.0085771736211548,,-0.0919135278486011,-0.0806451612903225,,0.0605296214773785,-0.0124821219607333,,0.4056178708447051,-0.0525967317371579,,0.7327367637068987,0.0082333741607212,0.033621728495799,-0.2004638655462184,,0.0319707351401291,-0.0800549969234769,,0.0224364574074081,,,,0.0306044035119099,-0.0514543970411705,,-0.063363826337871,,,,0.1666443511434899,,-0.0720052367444905,,,,,-1.7111118566654178,,-0.0002504527570491,,,,-0.0873726924350674,,,,,0.0051842084310612,-0.0532981393319018,0.7522798657742708,0.732318411305979,,,,0.0205732369014869,,-0.0474150548983874,,,-0.1445254620021657,,0.2351176481006316,-0.1340298037898163,-0.0742632178872654,0.0970825296613015,,0.0203073552223339,,0.0405319602128504,-0.5056639679560531,-0.627702799750531,,-0.0537885905745975,,-0.0961179484455053,,,,,-0.0087267297695318,-0.2851938556067588,-0.1476515740159758,0.2448622013550429,0.0,0.0,0.5569214619188375,0.0,-0.374366312903249,,-0.0683508992331296,0.0166180935946343,0.0869959575820794,0.0685678709485578,0.0258879797404636,,0.051350793752724,0.0024956619321696,-0.0770642123893805,,,,0.0,0.0,0.0,6.639928472355495,0.0446863658085524,-0.2838659970249859,-0.0922532668732318,0.7100094817547382,0.0,-0.1832307255123622,-0.0139801955143531,,11.465,-0.1374007849978195
2009-09-30,0.0040826483819675,,,,0.0207470995043257,0.0074879473590006,,-0.1024398415644403,0.0,,0.0496315971856966,0.0,,-0.2443032550806544,-0.1070711141864265,,-0.578134797803295,10.831726064501613,0.0363575008953986,-137.8366588235294,,0.0335388720998896,-0.0806852057606608,,-0.0269415562415779,,,,-0.0374354061656327,-0.0397203023716056,,-0.1505906768702794,,,,0.1659021938324369,,-0.0724416321186995,,,,,-1.7122712598473944,,0.0002504527570491,,,,0.0387414266371408,,,,,0.0040826483819675,-0.1097537671396965,0.7607156191110491,0.7396143465087467,,,,0.0371422035651403,,,,,-0.1086623656476089,,0.0679441771970261,-0.1514040342622482,-0.1259278886149617,0.0474299098069248,,0.007804296226919,,0.0264769602779807,-0.5082449448231723,0.1859794402789395,,-0.1117198277800041,,-0.0709376756002046,,,,,-0.3512011152088814,-0.2824374807987711,-0.1422710174941236,0.0871618582661568,0.0,0.0,243.75220309953315,0.019047619047619,0.0844807221226125,-0.0038198312907846,-31.16803578199322,0.0044831692462726,-0.0359575478341213,-0.0040399690206144,0.0,,0.0062849858519503,-0.0175640868226716,-0.0852389380530973,,,,0.0,0.0,0.0,0.1046282033994654,0.0115976022192045,0.0383145233418099,126.44887511787688,0.0499705553246789,0.0,-0.1832307255123622,-0.0623393623879018,,11.0553,-0.040424050003166
2009-06-30,0.0027652691702269,,,,0.0196458497645855,0.0061288186998657,,-0.1046030942836595,0.0,,0.0364236793871349,0.0182030945260694,,-0.2443032575889121,-0.1232462579763677,,-0.5739234427047952,11.014692552787263,0.0341605558884015,-140.15446722689074,,0.0311416902079217,-0.0813202265969521,,-0.0346696168308457,,,,-0.044894073428235,-0.0416850689420238,,-0.1212375305543175,,,,0.1629276681833983,,-0.0724416321186995,,,,,-1.7124108507140272,,-0.0006849668471546,,,,0.0372321578718984,,,,,0.0027652691702269,-0.126517204492895,0.7528771927811322,0.7328338115275425,,,,0.0365519514664031,,,,,-0.0627916190391368,,0.0008493925758751,-0.1519771353309568,-0.1410814209296156,0.0954441205465225,,0.0063702440367512,,0.024442612412478,-0.5083663520662381,0.2409504254286615,,-0.0549913547222878,,-0.0261047214014728,,,,,0.0680162561204325,-0.2848952380952381,-0.0143389392988695,-0.0986155507625501,0.0,0.0,233.93878283930496,0.5206349206349207,0.0301966025578912,-0.0002434206214715,-8.367759110141406e-05,0.003091340666909,0.0083710693370441,0.0172943898790559,-0.0017333621071443,,0.0164613343571484,-0.0364302448156578,-0.0829734513274336,,,,0.0,0.0,0.0,-799.1328727827354,0.0063015873329781,0.0163786731687945,-0.524588980196686,-451.9185214281964,0.0,-0.1832307255123622,0.0,,8.6516,0.1970271394886494
2009-03-31,-0.0010029532416619,,,,0.0122670850235918,8.079894033310825e-05,,-0.1046804522921959,-0.0927419354838709,,0.028498376075454,0.0327005590950461,,0.3975161986054392,-0.1236983282321876,,-0.5591372613211331,,0.0242148560222478,,,0.0216714917262011,-0.0870958826955057,,-0.0366175890416149,,,,-0.0482710027901098,-0.0494481030399377,,-0.0571757225280355,,,,0.1616617311257562,,-0.0837879118481344,,,,,0.3869755109827945,,-0.0039630396715255,,,,0.0284402302153242,,,,,-0.0010029532416619,-0.1269857166440756,0.7213244704263838,0.7055381712382648,,,,0.0,,,,,-0.1300249514608613,,-0.2952119921219742,-0.0784138387073475,-0.1415812707260148,0.0140875687356516,,0.0,,0.0230280775004783,-0.5262492970800685,0.3706160997227115,,-0.1396874026738961,,-0.0846240789340424,,,,,-0.3277727604566566,-0.287352995391705,0.0479292172346865,0.1308627825743148,0.0,0.0,221.2903118870687,0.7682539682539683,0.1921885898284942,,0.0,-0.003091340666909,-0.0346849550433148,0.0,0.0077823625205511,,-0.0143886553272769,0.0057171196632317,-0.0879824424778761,,,,0.0,0.0,0.0,-800.8874692899437,0.0141938562003915,-0.0681472795771109,-0.4932100229017917,-452.9112908786025,0.0,-0.1832307255123622,-0.0193436667494194,,7.2037,-0.0407845968044199
2008-12-31,-0.0011650181408276,,,,0.0120634302090051,-8.079894033310825e-05,,-0.0982602266754039,-0.0958781362007168,,0.0260042901417013,0.0256793654921336,,0.3959610788567256,-0.0559314794228408,,-0.5337546794562255,11.38062659072914,0.0204263874642044,-144.79009747899158,,0.019354322509087,0.0377852211170629,,-0.0176063378804527,,,,-0.041995706364914,-0.0601621801901177,,0.018802656953558,,,,-1.371463856598066,,-0.0868426794675976,,,,,-1.7120723401832694,,-0.0046751505040029,,,,0.0257755182832776,,,,,-0.0011650181408276,-0.0567541725297292,0.7162368854316327,0.7011367818845463,,,,0.0,,,,,-0.0646695938185496,,0.3669874720016713,-0.1706711636214412,-0.07742051296888,0.1100917617287284,,-0.0106821213474015,,0.0198590140439036,,0.0838803789371417,,0.0406463263676799,,-0.033642387018397,,,,,0.2511241771243722,-0.3085671274961598,0.6407543832841877,-0.0515585285687793,0.0,0.0,0.5569214619188375,0.7111111111111111,1.6080473236314656,,1.8049390020127605,-0.0134589422657075,-0.0383541469350019,-0.0059965667801464,-0.0017415955771532,,-0.0170237039607707,-0.0131698646080584,-0.039787610619469,,,,0.0,0.0,0.0,5.8156462246283605,0.0025656845788057,0.0434237247045105,-7.891757241007679,0.4990885117693308,0.0,-0.1832307255123622,-0.0176730773483332,,8.0543,-0.0661882472716436
2008-09-30,0.0010029532416619,,,,0.0178921254680627,-0.0014806238546735,,-0.4219648813253902,0.0,,0.0320026190361519,0.0368612664152906,,-0.2012965087272564,-0.14092218830352,,-0.0049106667867051,-0.0741025092922993,-0.2154423552474772,-0.1977747899159664,,-0.2066479867402464,0.0332382037616339,,-0.045342154313469,,,,-0.0570627825147813,-0.0587528430068455,,9.37882801094106,,,,-1.336092719175915,,-0.0894610517128518,,,,,-0.3365606881908909,,-0.021632577103358,,,,-0.0198428834614032,,,,,0.0010029532416619,-0.1448360123221633,0.6826630815260828,0.5921222400857837,,,,0.0343680187010752,,,,,-0.0155895806171624,,-0.0171403807375113,-0.166739465828532,-0.1578859100733745,-0.0367318499339407,,-0.0113992689517372,,0.0209460112304037,,0.1951260014191294,,-0.0080916346969347,,-0.0069666925985852,,,,,-0.4815285662139539,-0.3085671274961598,0.0,-0.2842422791266705,0.0,0.0,-0.0674604270836211,0.926984126984127,-0.0815741657944702,0.0,0.048005337902681,-0.0141549744869754,-0.274533023939879,-0.1288222637404649,-0.0134335563303684,,-0.1866367537774814,0.1342227297572633,-0.0369557522123893,,,,0.0,0.0,0.0,-0.2612907539441196,0.0,0.214798408824707,0.1891418563922942,0.0,0.0,-0.1832307255123622,-0.0153870076415836,,12.3142,-0.1090935667765668
2008-06-30,-0.0128416068372245,,,,-0.0153535411185877,-0.0019530615909145,,8.453140539170239,-0.0985663082437276,,0.0347278711630066,0.0480431673384475,,-0.2388338111354107,-0.137297455308036,,0.0278271117913294,-0.3683529014687245,-0.1537672417835686,0.0516369747899159,,-0.1479059469833046,0.029785912985136,,-0.0481789570544025,,,,-0.0638496014443389,-0.0731758388216591,,-0.0568188385144942,,,,-1.3009652296246277,,-0.0894610517128518,,,,,-0.3495770185309622,,-0.016607184426591,,,,-0.0373046209074381,,,,,-0.0128416068372245,-0.1410794469845708,0.6349072905924972,0.6307766378797742,,,,-0.0058258472397465,,,,,0.0049289400885002,,0.0,-0.1670998714595487,-0.1544567446982036,0.0639651190937148,,-0.0185826529017745,,0.0166910031991944,1.2436598267979102,0.443051824946043,,0.0517083520957431,,0.0233237678954715,,,,,0.9622908983347388,,-0.9023762228168108,-0.3622236039848444,0.0,0.0,-0.0724329401364678,0.8825396825396825,-0.0230227833463995,,0.032136428473718,-0.0211268539950946,-0.0560648563817013,-0.0179059748341798,-0.0087855458400609,,-0.0297427391334644,-0.0358435563050837,-0.0509734513274336,,,,0.0,0.0,0.0,0.4273832710133437,-0.0160823882935546,0.017060821132941,0.1861780951097938,0.0,0.0,-0.1832307255123622,-0.0226848455515919,,9.3147,0.1188229357896657
2008-03-31,-0.0206533527664029,,,,-0.0340435824963438,-0.0022853077228707,,0.3836742158903471,-0.0985663082437276,,0.0420553918519802,0.0595501235209985,,-0.2382341494355338,-0.137629462640879,,0.0441960010803466,-0.1853853518125025,-0.1770615462251913,1.7274420168067226,,-0.1700727544387543,0.0263442695343493,,-0.0487716644516033,,,,-0.0648038136094678,-0.0895739830645946,,0.007152620912783,,,,-1.266396477077114,,-0.0894610517128518,,,,,-0.3309943937285555,,-0.0237816325357969,,,,-0.057623733571915,,,,,-0.0206533527664029,-0.1414235294976658,0.5711192448384644,0.5755921002718597,,,,-0.0063677576915972,,,,,-0.0797778570527911,,-0.2659386709644726,-0.1008668741970747,-0.1547710848575943,-0.0691381826066064,,-0.0317508535417395,,0.0200691855463934,1.1726764524978155,0.2376082658801489,,-0.0811759221816344,,-0.0571402524100714,,,,,-0.92055867433635,300.0972860215054,1.461071429732533,-0.061481870565466,0.0,0.0,-0.0835934694328572,0.7873015873015873,-0.045099030000088,,0.0307244270036384,-0.0339073358458657,-0.0906447925551514,-0.0402781317701032,-0.0205260407322761,,-0.0545764944261739,-0.016191757589961,-0.0494159292035398,,,,0.0,0.0,0.0,0.4305987698632728,-0.0175133849234456,0.0399101427810185,0.2292873501279806,0.0,0.0,-0.1832307255123622,-0.0391269622885984,,11.3401,-0.0491794604985845
2007-12-31,-0.0239424774557009,,,-0.5171816468463503,-0.042289848762811,-0.0022235093172954,,0.3857533991756318,-0.1008064516129032,,0.0597102884678326,0.0701469249772461,,-0.2354642604364009,-0.0766153194786834,,0.0638386682271674,-0.7342858780400306,-0.1914278789177426,8.680880672268907,,-0.1825811672171867,0.0230181569689544,,-0.0803769871131293,,,,-0.0558075243319484,-0.1052246335528663,,0.0809368402684692,,,,-1.2332189601898045,,-0.091643028583897,,,,,-0.3226115204213929,,-0.0270181230847798,,,,-0.0677832899041535,,,,,-0.0239424774557009,-0.0781902884309254,0.5423435949099197,0.5506976091975102,,,,-0.0063677576915972,,0.0920814109620858,,,0.0,,0.2864758991181859,-0.1729633868788818,-0.0970036996542139,0.0671816478345593,,-0.0385036087032702,-0.4287148379449936,0.0012828707111494,1.3602526798248404,-0.2631325540369079,,0.015857979577343,,0.0415654682503594,,,,,0.8924180585799338,,-2.0321728020182777,-0.449178197857682,0.0,0.0,-0.0186192988756595,1.384126984126984,0.2298123823335572,,0.0578104994275526,-0.040461265812783,-0.060242400484038,-0.0277606470777427,-0.0265466573411785,,-0.0327428634668801,0.0143951848174471,-0.0430442477876106,,,,0.0,0.0,0.0,-0.0853055563171096,0.0099370669188016,0.0754738535348981,0.2963761282500337,0.0,0.0,-0.1832307255123622,0.0560087078153645,,12.2218,-0.1116284017084226
2007-09-30,-0.035045941299463,,,,-0.0660257432435945,-0.0043851887677041,,0.3688839733056723,-0.1008064516129032,,0.0164004207412609,0.081328825900403,,-0.2390155920927471,-0.1430309601423612,,0.0147320003601155,,-0.2122379911214079,,,-0.2036396342998639,0.0198499436217077,,-0.0617800239738306,,,,-0.0865493093913429,-0.1136235564351296,,-0.0429797165280992,,,,-1.200845275955102,,-0.091643028583897,,,,,-0.2999190204334473,,-0.0357793269170062,,,,-0.0868324580271006,,,,,-0.035045941299463,-0.1470214806599834,0.4644476979149486,0.4833080379007683,,,,-0.005289957359303,,,,,-0.0537130837735476,,-0.0124849865344168,-0.170197441101918,-0.1598851513784293,0.0131828883330486,,-0.0385077400178327,,0.0014272539720418,1.1678395850243692,0.5607574925405041,,-0.0516516536766358,,-0.0303001067183785,,,,,0.0681767404684884,,0.5949546310173641,-0.1353897947909851,0.0,0.0,-0.0814939639216553,0.8126984126984127,-0.1282232096883075,,0.0096858961519421,-0.040465275486711,-0.0794309841718774,-0.0373256461371346,-0.0265503407356562,,-0.0465232414677901,-0.0623762348643108,-0.0468672566371681,,,,0.0,0.0,0.0,0.4443906694022932,-0.0388349397409035,-0.0137889608831088,0.1279806008352418,0.0,0.0,-0.1832307255123622,-0.0361374865182336,,12.8392,-0.0650156503137927
2007-06-30,-0.0390889521420838,,,,-0.075792061979583,-0.0045160426547197,,0.3737429094351086,-0.1008064516129032,,0.0266303122874005,0.09251072682356,,-0.2382817812484823,-0.1404829581102963,,0.0245533339335259,,-0.0687292958373416,,,-0.0670675395516328,0.0166848796345545,,-0.0586546299107382,,,,-0.0818573104386818,-0.1221782071829477,,-0.0258998847315378,,,,-1.1685250805356109,,-0.091643028583897,,,,,-0.2895330426003457,,-0.0397891834264752,,,,-0.0973095004947215,,,,,-0.0390889521420838,-0.1443808072295002,0.4287960482549685,0.4524649578504441,,,,-0.0053279105692518,,,,,-0.0697860994491058,,-0.006266709991712,-0.1689886069462528,-0.1574727366946074,-0.002637749649194,,-0.0377784414883133,,-0.0012828707111494,1.1823806665548615,0.4267456747330543,,-0.0724413097332288,,-0.0454826378394897,,,,,-0.0485842763099928,,0.6195361342570768,-0.0721710156481085,0.0,0.0,198.7762092875494,0.8063492063492064,-0.122164734220985,,-30.896065353984653,-0.0397574501068312,-0.1060072268012341,-0.0502864113977437,-0.0259001132752137,,-0.0656091039386366,-0.0541055072122167,162.7729557522124,,,,0.0,0.0,0.0,-819.1148157452577,-0.0436736202783471,-0.0041725120721957,125.1189546005658,-463.2248339744113,0.0,-0.1832307255123622,-0.0370167440977526,,12.4928,-0.0649773277278996
2007-03-31,-0.0430897302732062,,,,-0.0854966025148536,-0.0046212052347203,,0.3773505315465897,-0.1008064516129032,,0.0373840442218772,0.1037576387985957,,-0.237672818929205,-0.1393693744996857,,0.0049106667867051,,-0.0770144381486611,,,-0.0749282726444356,0.0135125815586852,,-0.0593937080597503,,,,-0.0836978964143132,-0.1286227453524965,,-0.1291835559348035,,,,-1.1360432078016385,,-0.091643028583897,,,,,-0.2796914697424841,,-0.043588854061409,,,,-0.1052466538792828,,,,,-0.0430897302732062,-0.1432267223362563,0.3950131620145046,0.4232385889563491,,,,-0.0056737392739019,,,,,-0.0953721772293495,,-0.2149931885944287,-0.1155128105104491,-0.1564184104342303,-0.0425534480403775,,-0.0446502757166433,,0.0022579401692784,1.1405412864461324,0.3521845956220764,,-0.1057862940234417,,-0.066895201396632,,,,,-0.3022164147167294,300.0972860215054,0.610707795142219,0.0047299602367852,0.0,0.0,-0.0819359650819083,0.8126984126984127,-0.1087985470421529,,0.0105979488208008,-0.046426953028144,-0.1007981386546826,-0.0503714643752237,-0.0320268983131786,,-0.061868171055454,-0.0469282816785992,-0.0658407079646017,,,,0.0,0.0,0.0,0.3861317834184999,-0.0379106175478492,0.0041725120721957,0.1613902734743365,0.0,0.0,-0.1832307255123622,-0.0368408925818488,,12.6958,-0.0637720383544695
2006-12-31,-0.0444921745426192,,,-0.5029817485900582,-0.0888227745792086,-0.0047303675961297,,0.3815653066966188,-0.1008064516129032,,0.0480323891302373,0.1149395397217526,,-0.2352252962209498,-0.090107223694151,,0.0376484453647397,-0.7342858780400306,-0.0846691471179954,8.680880672268907,,-0.0812749082873675,0.0103998917731414,,-0.0803769871131293,,,,-0.0585227633552409,-0.1403931765240242,,-0.0100976187717608,,,,-1.1042927261752638,,-0.091643028583897,,,,,-0.2751955822890283,,-0.0453246428201354,,,,-0.1115963765869319,,,,,-0.0444921745426192,-0.0921728961918525,0.3795802574794643,0.4098872205197412,,,,-0.0056737392739019,,,,,-0.0408984445935825,,0.2150206583117762,-0.1697162968692498,-0.10977765643781,0.0345811492010459,,-0.0452116484601254,,-0.0014804108712525,1.2988467293932573,-0.2138237712290834,0.9975367202869057,-0.1586866767131466,,-0.0221056150816229,,,,,0.6631048057195363,,-0.453101378787928,-0.1605555062442616,0.0,0.0,-0.0751401972430177,0.8698412698412699,-0.1447765508747456,,0.003341877928881,-0.0469717969560088,-0.0773669448255685,-0.0389126379811514,-0.0325274066216165,,-0.0450409412176203,-0.0754545251015916,-0.0808495575221238,,,,0.0,0.0,0.0,0.3911707224549469,-0.0452643018127823,-0.0289952055923313,0.0991512865418294,0.0,0.0,-0.1832307255123622,-0.0268173561753315,,13.2945,-0.0728860989260323
2006-09-30,-0.0508550823896519,,,,-0.1039762256222515,-0.0050405761280527,,0.3860236495278984,-0.1021505376344086,,0.0514894925349428,0.1258613964373943,,-0.2393314218641648,-0.1400397258196399,,0.018005778217919,,-0.0977435929288186,,,-0.0946612089748919,0.0073671116366185,,-0.0584833196425379,,,,-0.0817294475713229,-0.1447950841903773,,-0.1177942763810156,,,,-1.072620477205782,,-0.0929522147065241,,,,,-0.2637789742354107,,-0.0497324088346122,,,,-0.1249307942729949,,,,,-0.0508550823896519,-0.1439214544822342,0.3403907928788708,0.3759834936141593,,,,-0.0064450216913219,,,,,-0.0629795072745984,,-0.0387648313883448,-0.1603696447587952,-0.1570530902136127,-0.0502819970402932,,-0.0535267695817627,,-0.0037710697260187,1.172727735964779,0.4977088265173924,0.9882565390407836,-0.1520547043016124,,-0.0461301546910905,,,,,-0.089450356841668,,0.4423305124695617,-0.1021851129229937,0.0,0.0,-0.0938147462637089,0.7111111111111111,-0.1026234761920396,,-0.0125229964541868,-0.0550420912572303,-0.1453763658933526,-0.076052153689308,-0.0399409963538728,,-0.0938822494237624,-0.0610435980678971,-0.0835398230088495,,,,0.0,0.0,0.0,0.3663363511389647,-0.0613426007783868,-0.0122394921936149,0.1306749292738785,0.0,0.0,-0.1832307255123622,-0.0543381184142783,,12.379,0.0002774400443904
2006-06-30,-0.0539078783337375,,,,-0.1117448200399023,-0.0049221138029478,,0.392639294462356,-0.1021505376344086,,0.0722148708278073,0.1369132752567936,,-0.2383792671906654,-0.1314295467016005,,0.0311008896491328,,-0.1070274830838417,,,-0.1033297163648052,0.0041446082985502,,-0.0614983111931719,,,,-0.0909705942398346,-0.1518988703241086,,-0.0957321633401186,,,,-1.0414657693759977,,-0.0929522147065241,,,,,-0.2558806710399864,,-0.0527818147731644,,,,-0.1338204060637035,,,,,-0.0539078783337375,-0.1349981212420791,0.3132785129417709,0.3525280230140021,,,,-0.0070984897898339,,,,,-0.1301252486050165,,-0.0176854377606686,-0.1563014598509756,-0.1489010863010171,-0.0262249133747103,,-0.0557474726683164,,-0.0029756460262783,1.1830319302140402,0.4246728105013669,,-0.1517818952489635,,-0.0966074501915361,,,,,-0.2106734678464888,,0.9636462942432922,0.1613824448706928,0.0,0.0,-0.0904444874167794,0.7428571428571429,-0.092391270401189,,-0.0089900161057864,-0.0571974089251214,-0.1372710780077597,-0.0728790233756303,-0.0419209292207584,,-0.0880613961139659,-0.0597196593053633,-0.0860884955752212,,,,0.0,0.0,0.0,0.3588361315316394,-0.0577620924863191,-0.0107001367856942,0.1336386905563788,0.0,0.0,-0.1832307255123622,-0.0494142759689715,,12.5884,-0.026222554097423
2006-03-31,-0.053469170289659,,,,-0.111113211937726,-0.0046867433415289,,0.399489024132866,-0.1021505376344086,,0.0895796353581264,0.1478351319724353,,-0.2383570666021237,-0.1276819159641248,,0.0245533339335259,,-0.1054293620403654,,,-0.1017382124232998,0.0011892985587141,,-0.0539561633624401,,,,-0.0786250792217015,-0.1505959471822989,,-0.1594540012871504,,,,-1.0105215421399272,,-0.0929522147065241,,,,,-0.2562762687934989,,-0.0526290809379354,,,,-0.1322329753867913,,,,,-0.053469170289659,-0.1311141883443906,0.3146364700586785,0.3537028236322384,,,,-0.0076302479055863,,,,,-0.2408911920592897,,-3.9600713200608815,0.8349751309253555,-0.1453528789970765,-0.0738311840224515,,-0.0560412820392557,,-0.0029298574101265,1.1586610083180693,0.5884720308868223,,-0.1543493360454119,,-0.104004322664117,,,,,-0.4293467657683739,,0.8533790220066387,0.1643964505599866,0.0,0.0,-0.0949749993093731,0.6984126984126984,-0.0737597126116004,,-0.0020359783213521,-0.0574825675003545,-0.1500401930235413,-0.0793576518475365,-0.0421828835692005,,-0.0972316003623431,-0.0386183516202859,-0.0841061946902654,,,,0.0,0.0,0.0,0.3634934853556883,-0.0507145044741772,0.0138345418704813,0.1799811397009295,0.0020231749519745,0.0,-0.1832307255123622,-0.0560087078153645,,11.7193,-0.0190028414666404
2005-12-31,-0.0445635492397739,,,-1.1286620464025685,-0.0899797042696628,-0.0042931392623593,,0.4031367517661595,-0.1021505376344086,,0.1111135703259313,0.1591470549993499,,-0.2219835067423223,0.7854866604673065,,0.0474697789381501,-0.7342858780400306,-0.1040426636667671,8.680880672268907,,-0.0830777885713944,-0.0014298942234047,,-0.0803769871131293,,,,-0.0586318019671275,-0.1430431457028842,,-0.0797114257290821,,,,-0.983701455231395,,-0.0929522147065241,,,,,-0.2593162132675791,,-0.0514554079979678,,,,-0.1135012933992266,,,,,-0.0445635492397739,0.8152665315251345,0.325071600685501,0.3627305003969397,,,,-0.0076302479055863,,,,,-0.0041105291066628,,3.992257154144512,-0.1650818895536853,0.7192230730097648,-0.0118582099408464,,-1.2086756147699842,0.4532447618157011,-0.0054089337888277,1.342541116155925,-0.0631097448955002,,0.1371870150189755,,0.0515242880211709,,,,,1.1613803856659155,,2.291138499751292,-0.5529174405727623,0.0,0.0,-0.0540085085223348,0.5079365079365079,0.230615096699694,,0.0016426605690287,-1.1761792347832138,0.6593843753895698,-0.125676346586806,-1.069847776139751,,-0.1543816598647635,0.0202210299041773,-0.0913274336283185,,,,3140000.0,0.0,0.0,1.4122921913230209,-0.0469863781469264,0.0822476155802082,0.3079617405361713,0.0020231749519745,0.0,-0.1832307255123622,-0.085639688245157,,10.665,0.0882397485896029
2005-09-30,-0.0545960837235035,,,,-0.1070787676021741,-0.0088639162095,,-1.015684852494248,-0.1039426523297491,,-0.0001802687358113,0.1705890001300221,,-0.2375516725925225,-0.1357704883834536,,0.0245533339335259,,-0.1018660670307211,0.1108122487394958,,-0.0985019567020943,-0.0043422306444172,,-0.0672045801402634,,,,-0.0996696733856709,-0.147943382539013,,-0.1691289126510872,,,,-0.9523197094925576,,-0.0946977962033602,,,,,-0.2537620554589003,,-0.0535997776665383,,,,-0.1287406278975843,,,,,-0.0545960837235035,-0.1394969439346405,0.3060060017083726,0.3462364026183721,,,,-0.0064603092206792,,,,,-0.1249093534055085,,-0.0311376475006352,-0.1576451519650071,-0.153011032573874,-0.0351185708303451,,-0.0513182174203926,-0.4932731990414266,-0.0051492895286566,1.1826200621431957,0.5093758455009922,,-0.1551293497087207,,-0.0745452190439259,,,,,-0.2107308960690775,,0.8190296141929653,0.0473132578030806,0.0,0.0,-0.0423437111522417,0.6666666666666666,-0.1630909948485021,,-0.0405721880294344,-0.052898566747951,-0.1906689877993091,-0.0977637988736975,-0.0379718970001568,,-0.1255353509959653,-0.0846097570440062,-0.1016637168141593,,,,0.0,0.0,0.0,0.2099149490203275,-0.0897691282756145,-0.0396400754308364,0.0786743904081907,0.0020231749519745,0.0,-0.1832307255123622,-0.0622514366299499,,9.9844,0.151456271783983
2005-06-30,-0.0526895919969308,,,,-0.1034236433287111,-0.0082479855286817,,0.4051530595924511,-0.1039426523297491,,0.0166510395999073,0.1816408789494214,,-0.2371127425517058,-0.1289197313492046,,0.0605648903693639,,-0.2769301092467437,,,-0.2649150234802858,-0.0011892985587141,,-0.0607070867826192,,,,-0.0905771317830008,-0.1476215449501995,,-0.0337909398255778,,,,-0.9912931027686372,,-0.0946977962033602,,,,,-0.2571104709807733,,-0.0523070090902376,,,,-0.1284231417622018,,,,,-0.0526895919969308,-0.1323970233492648,0.3175000120962423,0.3561801411514664,,,,-0.006265939204565,,,,,-0.0948390070498021,,0.0506765682949582,-0.1706954199522078,-0.1465248262613441,-0.0276050355584023,,-0.0544322565264441,,-0.0068689064463573,1.2604378131405771,0.4426939409281412,-0.022881221812009,-0.0895659244168023,,-0.0702404991511804,,,,,-0.0981849534910065,,0.6107663147901908,0.0314974385464213,0.0,0.0,-0.0954170004696262,0.7047619047619048,-0.2128003472236125,,-0.0204870525299473,-0.055920917436981,-0.1566864415740026,-0.0820422727520981,-0.0407483097552752,,-0.1020046372265177,-0.0685103088699394,-0.1094513274336283,,,,0.0,0.0,0.0,0.2701606518504924,-0.0694137945031588,-0.0209211034416351,0.0859490771925097,0.0,0.0,-0.1832307255123622,-0.0568000396369316,,10.5089,-0.0798370904661763
2005-03-31,-0.0542450664101471,,,,-0.1075871853252272,-0.0080613905872755,,0.411215867842089,-0.1039426523297491,,0.03000949450342,0.1929528019763359,,-0.2369107174468019,-0.1409416985285038,,0.0605648903693639,,-0.2826817978213807,,,-0.2706150596831157,-0.0040342755735852,,-0.0582809214409652,,,,-0.080971078698032,-0.1508113707296499,,-0.065240850195821,,,,-0.9604064970958036,,-0.0946977962033602,,,,,-0.2531151542555395,,-0.0538495356616894,,,,-0.1325504615221737,,,,,-0.0542450664101471,-0.1448562321383522,0.3037854024121434,0.3443153099759138,,,,-0.0264820735863159,,,,,-0.1043257091369105,,-0.3112984031781017,-0.0931039432648043,-0.1579070660660206,-0.1152407094461345,,-0.0582960077163235,,-0.1051049614114683,1.2266535744703773,0.5590606451169589,,-0.1646629931521,,-0.0822349932596806,,,,,-0.8378832743841806,,1.253151120488704,0.0291148790171602,0.0,0.0,-0.1075720323765849,0.6666666666666666,-0.1578019207808046,,-0.0137261016138331,-0.0596709060123586,-0.1837036873561608,-0.0970149154666326,-0.0441931502729611,,-0.1214072083322516,-0.038591889996088,-0.0981238938053097,,,,0.0,0.0,0.0,0.3119408755534244,-0.0625618908891549,0.0138653090369577,0.1473797655934258,0.0,0.0,-0.1832307255123622,-0.0756161518386397,,9.2217,0.0486027522040404
2004-12-31,-0.054631761986707,,,-0.5052405876342776,-0.0093223718647509,-0.0734976906891316,,0.405242970955376,-0.157258064516129,,0.0553423361043158,0.2043947471070082,,-0.2339256023827048,-0.0694640716288728,,0.0638386682271674,-0.3292520097051725,-0.0044685112483796,3.5499361344537816,,-0.0045858548762929,-0.0744344468095281,,-0.0803769871131293,,,,-0.0659702781344125,-0.0709696940596308,,-0.0201623963211065,,,,-0.9299074484241272,,-0.1466288457342352,,,,,-0.2503971421851106,,-0.0548989157555587,,,,-0.0376221070428205,,,,,-0.054631761986707,-0.070778948112452,0.2944553599583948,0.3362436709628973,,,,-0.0264820735863159,,0.0,,,-0.0054811895156589,,0.2670266163488914,-0.1603301829669511,-0.0902329926047569,0.0,,-0.0574211411031047,-0.3952526507798267,-0.1086777015184847,1.392867218993243,-0.2659116427305882,0.9567012873631832,-0.1525432451564949,,0.0,,,,,1.256166060392463,,-1.3736999697648486,-0.2927259929404539,0.0,0.0,-0.1063012790408574,0.9015873015873016,-0.1927792543501048,,-0.0243437626260554,-0.0588217985923096,-0.160041147610823,-0.0848804062213645,-0.0434131373247462,,-0.1044138362597229,-0.0734928121928794,-0.0819823008849557,,,,598000.0,0.0,0.0,0.3965498430297194,-0.0733223875655201,-0.0267143044960943,0.0732857335309174,0.0,0.0,-0.1832307255123622,-0.0768471124499663,,10.6357,-0.1069793243510065
2004-09-30,-0.0625832993720435,,,,-0.0269602900626885,-0.074700546818936,,0.4044779771470395,-0.1581541218637993,,0.050036897893373,0.2158366922376804,,-0.2371061383092891,-0.131393194316588,,0.0343746675069363,14.492571467387268,-0.1999876593271641,-184.2120268907563,,-0.1917645588773016,-0.0779528140784509,,-0.0676313187065183,,,,-0.1023231830579995,-0.0832877682250267,,-0.1430486126204448,,,,-0.8993062655974221,,-0.1475016364826533,,,,,-0.2349470421679733,,-0.0608639471778493,,,,-0.0496865801873537,,,,,-0.0625832993720435,-0.1349604467127698,0.2414202426228773,0.2903617444585569,,,,-0.0771732189519206,,,,,-0.0471805793104961,,0.0111621027779474,-0.1634856781753302,-0.1488666683428317,-0.0905400495748633,,-0.0764013722768865,-0.3952526507798267,-0.1151277561600052,1.1648502317267095,0.2883982113433964,,-0.0633723155169032,,-0.0071846073866323,,,,,-0.9316344544161516,,0.9595873064381366,-0.32064963143274,0.0,0.0,214.9201359153568,0.9777777777777776,-0.3070376044133274,,-30.04041832709908,-0.077243184070273,-0.1680005125377453,-0.0962528521667364,-0.0603355182362693,,-0.1069964189243656,-0.1114145248038983,152.169203539823,,,,0.0,0.0,0.0,0.0389088229550921,-0.0953409381649033,-0.0708062179873686,121.4261080425704,0.0072533209861783,0.0,-0.1832307255123622,-0.0669115018014009,,9.3847,0.0206506334778948
2004-06-30,-0.0828374687154966,,,,-0.0734833237282447,-0.0766144055182335,,0.0299150646699161,-0.1581541218637993,,0.0099540726434926,-0.6722792874788714,,-0.2370383049891533,-0.1343000510851061,,-0.4010377875809237,,-0.2115800992955398,,,-0.2028479626050265,-0.0782953327327069,,-0.0671034002532802,,,,-0.1001090244049013,-0.0868876773837718,,-0.0746872824973762,,,,-0.9000306284010525,,-0.1475016364826533,,,,,-0.1883711259819947,,-0.078846148151511,,,,-0.054131386082708,,,,,-0.0828374687154966,-0.1379730265059756,0.0782225236384971,0.1491755620891112,,,,-0.0772925089010754,,,,,-0.0469913196280603,,-0.0153064156609195,-0.1600132215104417,-0.151618841953328,-0.0861632580755234,,-0.0824763488316764,-0.140173890705962,-0.115035301751147,0.27649001112633,0.3449877866114157,,-0.0717665101518803,,-0.0374817287510611,,,,,0.3702885256837891,,-0.2639041058035235,-0.1694607335213231,0.0,0.0,168.59620431503632,0.6666666666666666,-0.3219951263770627,,-31.512670970186434,-0.0831392916498245,-0.2260131645529161,-0.127536038947247,-0.0657518414805685,,-0.1517919724335055,-0.1141084651562735,163.82938053097345,,,,0.0,0.0,0.0,-771.865688159836,-0.118794239531312,-0.0739384864633726,127.32857335309174,-436.48995433703305,0.0,-0.1832307255123622,-0.1077969792490375,,8.2191,0.165395237921427
2004-03-31,-0.0873090846664479,,,,-0.084347960842672,-0.0766992000451339,,0.0302848723608822,-0.1581541218637993,,0.0143514803215978,-0.6730594201014173,,-0.2374421294557716,-0.1311012079580707,,-0.4141328990121375,,-0.2232944197812356,,,-0.2139313663327513,-0.0808262147117681,,-0.0556442496728417,,,,-0.0802890013355986,-0.0945832294066119,,-0.1329853855150758,,,,-0.8721356058340767,,-0.1475016364826533,,,,,-0.1777066927691942,,-0.0829635117378123,,,,-0.0636559701441816,,,,,-0.0873090846664479,-0.1346578407457033,0.041586303720402,0.1174807071678953,,,,-0.0771174991537998,,,,,-0.1197944007369672,,-0.5697696483478591,-0.0176982516072986,-0.1485902195135534,-0.1643271715597691,,-0.0832236307304674,-0.1292451629112778,-0.1178710381169615,0.1836167435936856,0.3612662604603534,,-0.1456466717039865,,-0.0250662034338953,,,,,-0.488069090085214,146.81925222734256,0.6492559876978695,-0.2846022646519092,0.0,0.0,159.69026768695267,0.7111111111111111,-0.3415511189873498,,-29.98949194670988,-0.0838645709044497,-0.2703503430449945,-0.1499247892734257,-0.0664181025405021,,-0.1836329404306308,-0.0868166074991079,156.032,,,,0.0,0.0,0.0,-731.7040415021477,-0.1194825873901952,-0.0422060001387371,121.12164892900444,-413.765369899129,0.0,-0.1832307255123622,-0.1019938792242117,,10.2713,-0.1123811007370049
2003-12-31,-0.0858032202883158,,,-0.5543012939186918,-0.0809958393877733,-0.0765275219602458,,0.0318201584712905,-0.1599462365591397,,0.0276569377641531,-0.6730594201014173,,-0.2227168886745273,0.0,,-0.3813951204341029,,-0.0357213088945315,,,-0.0329983535002091,-0.0834358500012326,,-0.0803769871131293,,,,-0.0663226824038389,-0.0942536054245206,,0.0,,,,-0.8442984943859316,,-0.1492472179794894,,,,,-0.1656002125542731,,-0.0876376261328804,,,,-0.0633384840087992,,,,,-0.0858032202883158,0.0012115471913876,0.0,0.0815034184062687,,,,-0.0771174991537998,,-0.0065281597323866,,,-0.0845726978628903,,0.5551774453379733,-0.1570800156616249,-0.0244653266897727,-0.1041151013111329,,0.0077114631585163,-0.187832157274533,-0.1178712135522725,0.3567240499564981,-0.7474126178452424,3.1991518212904,-0.4675901702645317,,-0.0202200109559279,,,,,0.239875325688824,,-2.384786191963952,-0.2663655878637398,0.0,0.0,-0.6561926572557253,0.984126984126984,-0.3631898126385871,,-0.0688391397864256,0.0043930695144786,-0.0154164656936218,0.0126120196071292,0.014657743318539,,-0.1318980793903017,-0.2490261188175317,-0.0883539823008849,,,,1211000.0,0.0,0.0,3.724643746562516,-0.1184163454058227,-0.2308084457581264,-0.0285598814495487,1.8691530496903408,0.0,-0.1832307255123622,-0.0746489685011687,,8.8827,0.026377115066365
2003-09-30,-0.0903977379853933,,,,-0.0888575944409218,-0.0785248747855661,,0.0287999355268413,-0.1599462365591397,,-0.0207718546898041,-0.6698088675074763,,-0.2399881138184393,-0.128399125174852,,-0.417406676869941,,-0.181406680703553,,,-0.1740311129129418,-0.0853346459700296,,-0.0653982136581434,,,,-0.0994706335221489,-0.0982324523894494,,-0.1393774431825709,,,,-0.8229998904558541,,-0.1492472179794894,,,,,-0.1743998669427432,,-0.0842402232115855,,,,-0.0681007760395359,,,,,-0.0903977379853933,-0.1318574826130103,0.0301775980259423,0.1076107677300071,,,,-0.1243031963302138,,,,,0.0026349328358046,,0.0223415548510617,-0.1630349448648171,-0.1460319232087988,-0.1865379318924859,,-0.0857891770737315,,-0.2842144140546139,0.2473764233026109,0.7235422310298805,,0.9876959316314552,,-0.0129087667807788,,,,,0.2341970118443742,,0.5424088637760128,-0.359515197518415,0.0,0.0,-0.1954750131219094,-0.019047619047619,-0.3927633986593132,,-0.1038837779777514,-0.0863545784137435,-0.3006222225350803,-0.1660129819099807,-0.0687054905111424,,-0.2053728431226542,-0.1302784776615348,-0.0630088495575221,,,,0.0,0.0,0.0,0.7766389280700684,-0.1539324268053033,-0.0927395042298444,-0.0296376128250033,0.0,0.0,-0.1832307255123622,-0.2060100508813172,,7.5582,0.206239580852584
2003-06-30,-0.0956252752134153,,,,0.0318143697536679,-0.1667603798636449,,0.0099927553966873,-0.2473118279569892,,0.0490731067368587,-0.6707190222337798,,-0.2386043155926231,-0.1338848334764778,,-0.4337755661589583,,-0.1880936187537823,,,-0.1804967526450416,-0.1743054416293998,,-0.0566630423669929,,,,-0.0809864932770414,0.0019810245595821,,-0.1122927373539446,,,,-0.8719769030452443,,-0.2343443159502509,,,,,-0.160091094620459,,-0.0897646066409584,,,,0.0544488722180905,,,,,-0.0956252752134153,-0.1375427073409295,-0.0183145334565687,0.0656590850620146,,,,-0.1947700889867015,,,,,-0.1038438472088674,,0.0102418672468078,-0.1659600049309138,-0.151225719403412,-0.1560821613883125,,-0.0868562713233548,,-0.288734504840633,0.2227804360920528,0.2595384441397924,,-0.1669020377152959,,-0.093000901865798,,,,,0.3716345488187093,,-0.135811098576347,0.0533132519955966,0.0,0.0,-0.1595071687063178,0.9015873015873016,-0.3841814659787325,,-0.0805156365304743,-0.087390253603031,-0.2533686776369213,-0.1428786668547883,-0.0696568896377013,,-0.1714374719054301,-0.117428051410403,-0.0101946902654867,,,,0.0,0.0,0.0,0.6262434390563095,-0.1302499219591983,-0.0777981990097245,-0.0514616731779603,0.0,0.0,-0.1832307255123622,-0.1615196173576525,,7.3597,0.2387733195646562
2003-03-31,-0.0954081529485727,,,,0.0333772245541141,-0.1673759497880907,,0.0055529165358374,-0.2473118279569892,,0.0379381688736185,-0.6703289559225069,,-0.238444238588812,-0.1365794123270103,,-0.4501444554479756,,-0.1873740893056497,,,-0.1798634152891716,-0.1767210330012235,,-0.058407194554762,,,,-0.083062773138171,0.004169001070629,,-0.159736463989811,,,,-0.8447594405685893,,-0.2343443159502509,,,,,-0.1605342119722838,,-0.0895935262644906,,,,0.0573062474365326,,,,,-0.0954081529485727,-0.1403352886212422,-0.0168221815950842,0.066950153732497,,,,-0.194924557960941,,,,,0.039412844827148,,-0.6596765874514716,-0.0011315397285209,-0.1537769110837706,-0.1924461890957838,,-0.0861272158123391,,-0.3093011372111584,0.1674922759278934,0.7433279682542561,,0.0403388163672122,,0.0308005868628054,,,,,0.0333925447153448,,0.2449713741388671,-0.5773510951305895,0.0,0.0,-0.1654189342247023,0.819047619047619,-0.3904635227020659,,-0.0849358639377232,-0.0866826640863235,-0.3002837649816576,-0.1659761919933004,-0.0690068788475222,,-0.2051297781263364,-0.0954046296265385,-0.0230796460176991,,,,0.0,0.0,0.0,0.5609968438091156,-0.1347296131331515,-0.0521913700661964,0.0140105078809106,0.0,0.0,-0.1832307255123622,-0.1697846386051317,,5.7885,0.5750194350868102
2002-12-31,-0.1033555681699914,,,,0.0147298231843443,-0.1679010537598732,,0.0021921227171363,-0.2486559139784946,,0.0327487282336346,-0.6700689117149915,,-0.2381915115635848,0.0152613315428394,,-0.4239542325855479,,0.0679895078932809,,,0.0659543699815218,-0.1792813404728204,,-0.0081236343669379,,,,-0.054793713863645,-0.0131531285079323,,-0.0295432871272838,,,,-0.8174628504450226,,-0.235653502072878,,,,,-0.1381109539858014,,-0.0982507801548301,,,,0.0360346763659083,,,,,-0.1033555681699914,0.0170279367436011,-0.0942101539265866,0.0,,,,-0.194924557960941,,,,,0.1239416765552027,,0.6513814556998399,-0.1646036415993176,-0.0100160994735828,-0.2107230321172812,,-0.095708463338107,,-0.3093011372111584,0.2257836104659153,-0.7193153821891145,,0.112237740688972,,0.0669032907428186,,,,,-0.3244395634825733,,0.2514036587784348,-0.7666071870439114,0.0,0.0,-0.1524351501422691,1.0285714285714285,-0.397341369018781,,-0.0777049955455739,-0.0959818055148937,-0.2283277652246088,-0.1338524314721428,-0.0775493206520561,,-0.1534542145612192,-0.1283471466176424,-0.0185486725663716,,,,0.0,0.0,0.0,0.5890131434284815,-0.127401470408366,-0.0904939283988211,-0.0417620907988683,0.0,0.0,-0.1832307255123622,-0.1520236354988465,,4.9014,0.8600807932427472
2002-09-30,-0.1187392217329992,,,,-0.020815596601577,-0.1691701044891873,,0.0026540426838096,-0.2486559139784946,,0.0036908669707637,-0.6698738785593551,,-0.2387825072332491,-0.1353299241577523,,-0.4501444554479756,,-0.2436541382862391,,,-0.233380421860186,-0.1692877815846305,,-0.0676048420858835,,,,-0.1005972474534334,-0.0400265671738636,,-0.1446989897588947,,,,-0.7919323388599099,,-0.235653502072878,,,,,-0.1081365659939953,,-0.1098234020819846,,,,0.0030161182861332,,,,,-0.1187392217329992,-0.1390403562904431,-0.1964000775610546,-0.0884069047310435,,,,-0.1968604667943795,,,,,-0.0748295150232738,,-0.4127144309629979,-0.0616166916862874,-0.1525939121815534,-0.2031670124766561,,-0.1006645827019915,,-0.3095028878187237,0.1674772182290829,0.5410872325592382,,-0.120360666851953,,-0.0662468659802385,,,,,0.1533034601684141,,0.1134939806039877,-0.1102939301041054,0.0,0.0,-0.1760269620707754,0.6666666666666666,-0.4250865856851941,,-0.1306938797217644,-0.1007919990494714,-0.3389337531170937,-0.1909110321202522,-0.0819680940036938,,-0.2328864617305845,-0.1552614360999094,-0.0269026548672566,,,,0.0,0.0,0.0,0.5071194736585909,-0.1811031954310274,-0.1217874128388252,-0.1080425703893304,0.0,0.0,-0.1832307255123622,-0.184556165941052,,5.1074,0.7850569761522498
2002-06-30,-0.1196009824240606,,,,-0.0223431541199026,-0.1695283586386948,,-0.0001738313521642,-0.2486559139784946,,-0.0013274233703826,-0.6708490443375373,,-0.2380497448406859,-0.0404578699620159,,-0.453418233305779,,-0.2488766560401906,,,-0.236547108639536,-0.1715264896187777,,-0.04419420643506,,,,-0.0977359606216465,-0.0411893352366739,,-0.1441247616897133,,,,-0.7669171309394482,,-0.235653502072878,,,,,-0.1034768471120413,,-0.1116224434810089,,,,0.0017461737446034,,,,,-0.1196009824240606,-0.0407177844646226,-0.2126448072844812,-0.1024606022186511,,,,-0.1968909238026743,,,,,-0.0952619370946315,,0.4019354584533176,-0.1626253025026922,-0.0627703038225523,-0.1939199571955899,,-0.1005284923399352,,-0.3095028878187237,0.1767366846024227,0.4932328904001668,,-0.1616815402467761,,-0.099277977701974,,,,,0.4120553639533273,,-0.26193719541336,0.0576548171235076,0.0,0.0,-0.1866349899168485,0.5079365079365079,-0.4341297748251669,,-0.1391998887650299,-0.1006599156730193,-0.3445642485041351,-0.1936641126120385,-0.0818467586561936,,-0.2369300303455512,-0.1673890679863748,-0.0286017699115044,,,,0.0,0.0,0.0,0.4997697620016103,-0.1897236328262153,-0.1358883186042646,-0.1643540347568368,0.0,0.0,-0.1832307255123622,-0.1992397675190204,,5.2665,-0.1322702588605529
2002-03-31,-0.1189310931480247,,,,-0.0201751116626257,-0.1698503106295104,,0.0003866134262241,-0.2486559139784946,,-0.0054997438133684,-0.6708490443375373,,-0.23762008281192,-0.133507469039399,,-0.4468706775901721,,-0.2470192222543885,,,-0.236547108639536,-0.1737594030877938,,-0.0601921952878647,,,,-0.087671021912712,-0.0398111436265126,,-0.1188420946103466,,,,-0.7418765210964086,,-0.235653502072878,,,,,-0.1057426683647771,,-0.1107476468806716,,,,0.0033336044215157,,,,,-0.1189310931480247,-0.1371516180756688,-0.2047724450553292,-0.0956500366281494,,,,-0.1968909238026743,,,,,-0.1098185156151742,,-0.6508783261400023,0.0,-0.1508684357365607,-0.2559660674980831,,-0.1007574157703941,,-0.3118563525148016,0.1788796788389248,0.5345202994200847,,-0.1552961112505315,,-0.0963237613148526,,,,,0.0069960162120659,,-0.0286291122244293,0.0,0.0,0.0,-0.1748667090251112,0.692063492063492,-0.4427341296947459,,-0.1411494112669594,-0.1008820987812655,-0.3965084460046765,-0.2196418710213791,-0.0820508620443099,,-0.2742340173492935,-0.1375515040753504,-0.0380884955752212,,,,0.0,0.0,0.0,0.4467568334246266,-0.1916993815695933,-0.1011959169121274,-0.0374511652970497,0.28871025996707,0.0,-0.1832307255123622,-0.1830614280558696,,4.7679,-0.0542321126053583
2001-12-31,-0.117179387638234,,,,-0.0157332558482134,-0.1699791174338543,,0.0001738313521642,-0.25,,0.0001802687358113,-0.6728643869457808,,-0.2376921124471197,0.0163037111699623,,-0.4239542325855479,,0.0361574790386252,,,0.0356914939385751,-0.1761173362839548,,-0.0124135770342945,,,,-0.0631678792565371,-0.0379553865619829,,-0.0190737027505721,,,,-0.7168596548120896,,-0.2369626881955051,,,,,-0.1061445770591167,,-0.1105924764942037,,,,0.0055560073691929,,,,,-0.117179387638234,0.0181082279487026,-0.2033241148300702,-0.0943970521098169,,,,-0.1968909238026743,,-0.0116819700474287,,,-0.0511946835938719,,0.7221579053328481,-0.1811951528610432,-0.0090291882046973,-0.2194964486673881,,-0.0977967213401595,-0.5942230970211894,-0.3118561770794906,0.2548483880678867,-0.3369320559577907,,0.2732940830003358,,-0.0749612425620949,,,,,0.4057004984455045,,-0.5717841015120827,-0.0790561802655574,0.0,0.0,-0.040300450288682,0.8253968253968254,-0.4349171139759906,,-0.1337842618392876,-0.0980085777539162,-0.57012404355182,-0.3050148638848938,-0.0794111682253925,,-0.2443329238983854,-0.1239483916248101,-0.0301592920353982,,,,0.0,0.0,0.0,0.3692860831620769,-0.1842351513736806,-0.0853794567344555,-0.066280479590462,0.28871025996707,0.0,-0.1832307255123622,-0.1707518219426027,,4.8585,-0.1270968405886591
2001-09-30,-0.1199117826810082,,,,-0.0220450050754802,-0.1702195888225865,,0.0004650854770331,-0.25,,-0.0025496807676662,-0.6728643869457808,,-0.2385215907467646,-0.1506141010067693,,-0.4272280104433513,,-0.1920869890494782,,,-0.1846134454581965,-0.1782851086290751,,-0.0699825886437931,,,,-0.0984817563129804,-0.0429516555818706,,-0.034679485173668,,,,-0.6921761459863495,,-0.2369626881955051,,,,,-0.1053217405190488,,-0.1109101602510382,,,,-0.0004762292030736,,,,,-0.1199117826810082,-0.1548804220376813,-0.2061773769776519,-0.0968654762546107,,,,-0.1986122169730119,,,,,-0.0920067471964195,,-0.0388429032165954,-0.1718289508720603,-0.1670647690320158,-0.2260326180783722,,-0.097074956384254,-0.5942230970211894,-0.3118563525148016,0.2251810115434719,0.4161045899341064,,-0.1518874629068114,,-0.09019054422842,,,,,0.1305744710310018,,-0.1858551508669035,-0.0091428632418364,0.0,0.0,-0.0845167546064808,0.8888888888888888,-0.4521693868252022,,-0.1459312713940117,-0.0973080641323758,-0.3638962818801593,-0.2019515154411452,-0.0787676575431152,,-0.2398830172850773,-0.1772079231615687,-0.0223716814159292,,,,0.0,0.0,0.0,0.4810597773937058,-0.196545570381306,-0.1473047890946348,-0.1250168395527414,0.0253015469998374,0.0,-0.1832307255123622,-0.1663555340450073,,4.4766,-0.0759140628404586
2001-06-30,-0.1196724882101812,,,,-0.0208755510563385,-0.1705714080851708,,-0.0025459262398453,-0.25,,-0.0081168457513872,-0.6728643869457808,,-0.2383779077150141,-0.1419859124502833,,-0.4305017883011548,,-0.1922592228806177,,,-0.1846134454581965,-0.1804717470999871,,-0.0611560365052267,,,,-0.0858410201411009,-0.0419939292087077,,-0.0331552577951389,,,,-0.6675131429613227,,-0.2369626881955051,,,,,-0.1050162909830199,,-0.1110280893309999,,,,0.0007937153384561,,,,,-0.1196724882101812,-0.1459384243518134,-0.2072546297428618,-0.09779743294073,,,,-0.1986122169730119,,,,,-0.0780221024007824,,-0.0137225695896494,-0.1687531033169446,-0.1588957140208697,-0.2070690383387056,,-0.1008798970962448,-0.6032364807693824,-0.3118563525148016,0.2393591807098803,0.5019347210007773,,-0.1079060319800172,,-0.0749920912195764,,,,,0.6608997193097285,,-0.7898088033057099,-0.0702507004492716,0.0,0.0,-0.1702256968424542,0.7682539682539683,-0.4413471571467124,,-0.1444954565383222,-0.1010009738200723,-0.3555571748078566,-0.199279979610042,-0.08216006385706,,-0.2448246557262369,-0.1701179229817889,0.0,,,,0.0,0.0,0.0,0.5272080887112882,-0.195090440012693,-0.1390611826471471,-0.1093897346086488,0.0,0.0,-0.1832307255123622,-0.1767307734833323,,4.8693,-0.1096195025531214
2001-03-31,-0.1212529577848356,,,,-0.0246038065878073,-0.1706743788604664,,0.0019461095772386,-0.25,,-0.0071273019183284,-0.6727993758939019,,-0.2376945278992455,-0.1391524274680288,,-0.453418233305779,,-0.1946458774176735,,,-0.1868301262037415,-0.182596475330042,,-0.056789661329245,,,,-0.0789766310720122,-0.0428686007202413,,-0.1551216379679486,,,,-0.6431336675094446,,-0.2369626881955051,,,,,-0.1002420612705028,,-0.112871341492527,,,,-0.0004762292030736,,,,,-0.1212529577848356,-0.1430018848929933,-0.2236717060114553,-0.1120002314752646,,,,-0.1986122169730119,,,,,-0.1115801594218366,,-0.68779112026929,0.0031154903643536,-0.1562130078489127,-0.2803972840655895,,-0.1013980125460732,,-0.3136478979099821,0.1521206932026237,0.6075477262196807,,-0.1772986841338711,,-0.1003858168722896,,,,,-0.1917843027427089,,0.2034468072655394,0.0028475506426334,0.0,0.0,-0.1814414762838752,0.5968253968253968,-0.502281057334338,,-0.1403078065305299,-0.1015038341032791,-0.3481988146090189,-0.1958148056278711,-0.0826220048586139,,-0.2395402122958916,-0.1671005627781054,0.0145840707964601,,,,0.0,0.0,0.0,0.6471595680813481,-0.1908464550202584,-0.1355528710253201,-0.1023844806681934,0.0,0.0,-0.1832307255123622,-0.1922057068828679,,4.09,0.0392943834266625
2000-12-31,-0.1190733714008032,,,,-0.0197559874697703,-0.1704088097347972,,0.0005853748707074,-0.2508960573476702,,0.0035726588696293,-0.6727993758939019,,-0.2373193402103224,0.0191737152912889,,-0.4141328990121375,,-0.0246479005127633,,,-0.0220998082799156,-0.1846633501584338,,-0.0088771997234672,,,,-0.0578533302096908,-0.042201566362781,,0.0210763125706332,,,,-0.6187587723006012,,-0.2378354789439232,,,,,-0.1010842116709885,,-0.1125462009694482,,,,0.0004762292030736,,,,,-0.1190733714008032,0.0210826147557737,-0.2208096047934616,-0.1095241604429105,,,,-0.1986122169730119,,-0.0116819700474287,,,-0.0109476561446834,,0.6592204455660442,-0.1623195641245971,-0.0063119061940128,-0.2503536232066976,,-0.1075692244283171,,-0.3136478979099821,0.2841447778100148,-0.3105793855942616,,-0.0404050613352827,,-0.0459277444832344,,,,,0.511930909914786,,-0.8025709632008947,-0.2425078159708791,0.0,0.0,-0.180281223238211,0.6222222222222222,-0.5231618809974351,,-0.1447345826188215,-0.107493343499036,-0.3548612345434269,-0.2015431284021191,-0.0881241295272168,,-0.2443248627208797,-0.1710089201706395,0.0066548672566371,,,,0.0,0.0,0.0,0.6184192636748223,-0.1953327829723602,-0.1400971530257727,-0.1110063316718308,0.0,0.0,-0.1832307255123622,-0.1907109689976855,,3.299,0.3348973607038122
2000-09-30,-0.1253246784088985,,,,-0.035510803623582,-0.1701824309162204,,-1.407952885576331,-0.2508960573476702,,0.0128048276210608,-0.6726043427382655,,-0.2374133371661015,-0.1332258214325824,,-0.453418233305779,,-0.0327977476274019,0.1082083764705882,,-0.0327470705708942,-0.1866596861858214,,-0.0636737748323273,,,,-0.0942268352619079,-0.0517009661616325,,-0.1648625136756206,,,,-0.5951460400620433,,-0.2378354789439232,,,,,-0.0911028187283602,,-0.116399853856806,,,,-0.011270757806077,,,,,-0.1253246784088985,-0.136859726882993,-0.2551023265715756,-0.1391916000434166,,,,-0.1999225766322086,,,,,-0.0597387780746288,,0.013362571714938,-0.1660260762796436,-0.1506017755008947,-0.2897445213194901,,-0.10751381620948,,-0.3136478979099821,0.1505320696068678,0.2111983340737556,,-0.1126742553775467,,-0.0760304005333832,,,,,-0.2768614610998527,,0.2365656769260279,-0.1227502768561013,0.0,0.0,-0.1793972209177049,0.6412698412698413,-0.4934979655867446,,-0.1524803493264913,-0.1074395666957662,-0.344334424600518,-0.1962750588638666,-0.0880747287071632,,-0.2367649811518739,-0.1921326467317735,0.0123185840707964,,,,0.0,0.0,0.0,0.6417435199053758,-0.2031827507588468,-0.164657898309102,-0.1576182136602451,0.0,0.0,-0.1832307255123622,-0.1895679341443107,,3.5109,-0.1031138193202146
2000-06-30,-0.1268270604930157,,,,-0.0395687975164297,-0.1699844050316161,,-1.4190839340438337,-0.2508960573476702,,0.0212829845296321,-0.6726043427382655,,-0.2378780345378514,-0.1366402775587972,,-0.4501444554479756,,-0.0376162005927029,0.1126719462184873,,-0.0373958364300891,-0.1886496913129121,,-0.065966173676986,,,,-0.0970099126398269,-0.0555111079388768,,-0.13981903781702,,,,-0.571675821822281,,-0.2378354789439232,,,,,-0.0883860867072499,,-0.1174487397445278,,,,-0.0157155637014313,,,,,-0.1268270604930157,-0.140398367534994,-0.2644555856357012,-0.147283324291736,,,,-0.1998888732373707,,,,,-0.0173594127689942,,-0.0542657037325924,-0.1527978681943569,-0.1538345374816498,-0.2424478118409006,,-0.1065820832664019,,-0.3133250969378775,0.1946627659225072,0.4612561919899831,,-0.035854413385686,,-0.0340645738479462,,,,,0.5515673971326797,,-0.6162395274213317,-0.2950082556523495,0.0,0.0,-0.1866349899168485,0.526984126984127,-0.4781669540176959,,-0.165312059865793,-0.106535267293414,-0.3835275809849828,-0.2154449759386359,-0.0872440149173142,,-0.2649117437693246,-0.1906597388256067,0.0016991150442477,,,,0.0,0.0,0.0,0.589460191206643,-0.2161870817928941,-0.1629453351491659,-0.1543850195338811,0.0,0.0,-0.1832307255123622,-0.1995035447928761,,3.7174,-0.0977564964760316
2000-03-31,-0.1307796095658829,,,,-0.0502288727174962,-0.1694328358045544,,0.0033401296931331,-0.2508960573476702,,0.035981628615291,-0.6727343648420231,,-0.2377128306553848,-0.1244543911388226,,-0.4468706775901721,,-0.2225675239099204,,,-0.2131136264723462,-0.1905130848700858,,-0.0551516077620459,,,,-0.0822097857430345,-0.064281182234046,,-0.1341630181900906,,,,-0.547812281792714,,-0.2378354789439232,,,,,-0.0782867714537812,,-0.1213479205112373,,,,-0.0265100923044347,,,,,-0.1307796095658829,-0.1277692777261313,-0.2991519310464219,-0.1772999481832754,,,,-0.1996864757927137,,,,,-0.1028742341981274,,-0.5844377545240999,-0.0068098743540168,-0.1422971011040547,-0.3131034865129596,,-0.1157438808548321,,-0.3160529405874723,0.1664690070913396,0.3221967779940458,,-0.1630813471855021,,-0.1004105343189709,,,,,-0.3076217478318879,,0.4220827142713166,-0.0198086999091756,0.0,0.0,-0.1952540125417829,0.3936507936507936,-0.4959772190559778,,-0.1647349821545134,-0.1154273088867051,-0.3995943265648323,-0.2270271623368348,-0.0954124838472318,,-0.2764501580127421,-0.1792452232097723,-0.0126017699115044,,,,0.0,0.0,0.0,0.6182363041961505,-0.2156022408578632,-0.1496735760321494,-0.1293277650545601,0.0,0.0,-0.1832307255123622,-0.2113735221163835,,2.8415,0.1803624846032026
1999-12-31,-0.1292704744531561,,,,-0.0471739900254432,-0.1691367995447762,,0.0075599044475074,-0.2526881720430107,,0.0582912386216758,,,-0.2377811280031876,0.0100304234444201,,-0.4043115654387271,,-0.0490418724628202,,,-0.0454800869425255,-0.1928106202905572,,-0.0177640832036833,,,,-0.0703861643285047,,,0.0271818200013474,,,,-0.524906275789779,,-0.2395810604407593,,,,,-0.0789328599746675,,-0.121098476279524,,,,-0.0271450645751996,,,,,-0.1292704744531561,0.0116067793587302,-0.2987202369786455,-0.1769264794990303,,,,-0.1996864757927137,,,,,-0.0120171225961458,,0.8877005424907732,-0.229458372425548,-0.0149686541998138,-0.2447577444383792,,-0.1616116792748716,,-0.3016093514389006,0.2783842987336875,-0.0954357381071562,,-0.0002888462446903,,-0.0464252874245816,,,,,0.3204691492441502,,0.2759770342892626,-0.2361779723860416,,,,,-0.4750240037541151,,-0.1767837614935967,-0.1599445957408418,-2.5809481215819816,-1.3320872171348468,-0.1363072627005608,,-1.8430003702676447,1.2030659221843876,,,,,,,,-5.8454042761043175,-0.2278131081932601,1.4575519220861393,,,,,,,3.0006,0.1177764447110578
1999-09-30,-0.1361436078115829,,,,-0.0650071540731918,-0.1685779417805377,,0.0312396337602332,,,0.0733947965722303,,,0.1392083000864564,,,-0.4468706775901721,,-0.0091991496587873,,,-0.0109467437764186,-0.2619071602551546,,,,,,,,,,,,,,,,,,,,-0.0653420524309436,,,,,,-0.0407969683966451,,,,,-0.1361436078115829,,-0.3407779646000748,-0.2133116081574273,,,,-0.2016816459368653,,,,,-0.0529585257493606,,-0.579749107505269,0.0901718235203502,,-0.2739873281636881,,-0.1127406581864549,,-0.319152882531542,0.1760090413115968,0.3817429524286248,,-0.070426331261044,,-0.0692408870866909,,,,,0.0,,0.2000494165916206,-0.1449747331284547,,,,,-0.4907848807179585,,-0.1854319893675879,-0.1125125118042147,0.2806210743668201,0.113156775868242,-0.0927348727322206,,0.2120499574397153,-0.2635591858481028,,,,,,,,2.5737419018050325,-0.2365776776391492,-0.7035160461456218,,,,,,,3.3896,-0.1052631578947369
1999-06-30,-0.1374415183650219,,,,-0.0688265173324065,-0.1681584576264838,,-0.3138417531074596,,,0.0899737728884166,,,0.136700042427241,,,-0.4468706775901721,,-0.0128607246704492,-0.4196235294117647,,-0.0144300992337036,-0.2621216943214692,,,,,,,,,,,,,,,,,,,,-0.0611744499979905,,,,,,-0.0446068020212345,,,,,-0.1374415183650219,,-0.3550839745154987,-0.2256880735729241,,,,-0.2016816459368653,,,,,-0.0106050162528567,,0.9383142195907518,-0.145150788394106,0.0696172671738605,-0.2401801382308382,,-0.0884388078192661,,-0.319152882531542,,0.3817429524286248,,-0.060324163045939,,-0.0259051039440859,,,,,0.3146751922665424,,-0.2876143165067671,-0.3333255638615656,,,,,-0.4907848807179585,,-0.192046818703668,-0.0889261945806308,0.2615959167826289,0.113156775868242,-0.0710678463929167,,0.1983869447180842,-0.2635591858481028,,,,,,,,2.461840079987422,-0.2432814939508281,-0.7035160461456218,,,,,,,3.66,-0.0881420765027322
1999-03-31,-0.1419842053020584,,,,-0.080921167653253,-0.1677389734724298,,-0.2105890546746066,,,0.1010264237658741,,,-0.2337696138388782,-0.1174098658872137,,-0.4468706775901721,,-0.0258426724390686,-0.4707159663865546,,-0.0258301716393634,-0.2621216943214692,,-0.0688487436968398,,,,,,,,,,,,,,,,,,-0.0489693285871992,,-0.1326669066489577,,,,-0.0563537890303852,,,,,-0.1419842053020584,-0.1204685415304007,-0.3969801464106688,-0.2619334365754504,,,,-0.1969845968107439,,,,,-0.0932952014603167,,-0.5074603776435537,-0.0184386127478603,-0.135627437601564,-0.285256391474638,,-0.1370425085536437,,-0.319152882531542,0.1905575425777347,0.5726144286429372,,-0.1638713872507644,,-0.0901062641553526,,,,,0.3146751922665424,,-0.2876143165067671,-0.0507993177618992,,,,,-0.5548482778557661,,-0.192046818703668,-0.1360988290277985,0.3186713895352026,0.1226387131569844,-0.1144018990715246,,0.2393759828829776,-0.2268069300176101,,,,,,,,2.7415946345314475,-0.2432814939508281,-0.7462482218073403,,,,,,,3.1227,0.0687546033880936
1998-12-31,-0.1403645790639174,,,,-0.0794126528435772,-0.1662160970763391,,-1.1117486089704762,-0.2531362007168459,,0.1259860173466382,,,-0.2368433807616826,-0.0016560345667825,,-0.4010377875809237,,-0.0609160107116614,-0.035095206722689,,-0.0569982039312592,-0.1991685583158799,,-0.017386070842022,,,,-0.0647091240526959,,,0.0264092760526034,,,,-0.4375130012106977,,-0.2400174558149683,,,,,-0.0523454437809569,,-0.1313634436814882,,,,-0.0592111642488273,,,,,-0.1403645790639174,-0.0005047177194847,-0.3969933181583696,-0.2619448317639651,,,,-0.2016816459368653,,,,,-0.0391667306002976,,0.2112045362623762,-0.0727438308819656,-0.0260332383537148,-0.2337387416422991,,-0.1357562116137085,,-0.319152882531542,,,,0.0769095997564518,,-0.0565857469893267,,,,,0.5093718139136783,,0.5537714287572052,-0.1788235748375533,,,,,-0.5099257425147926,,-0.213640796774715,-0.1348504052571542,-2.348470018230381,-1.206134472076074,-0.1132550633673852,,-1.6760450496855457,0.9851080165643642,,,,,,,,-4.926925312807555,-0.2651659682239777,1.204130321170759,,,,,,,3.4914,-0.1056023371713352
1998-09-30,-0.1448396085196242,,,,-0.0930158179740995,-0.1648025843940519,,0.6643417057300948,,,0.1618160035918905,,,-0.2312613561796627,-0.0507082420111673,,0.3159195632780338,,-0.0408218429413218,,,-0.0388135874346983,-0.2614780921225252,,-0.0534777012383123,,,,,,,,,,,,,,,,,,-0.0382526366167483,,-0.1368044464885602,,,,-0.1417575594482648,,,,,-0.1448396085196242,-0.0513409648161804,-0.4337670290503304,-0.2937586333581564,,,,-0.2027767996808624,,,,,-0.0327901878938826,,-0.3628829179201231,0.0177648660082098,-0.0724752207475872,-0.285256391474638,,-0.1370425085536437,,-0.319152882531542,,,,0.0912083601806345,,-0.0483755100180292,,,,,-8.181554998930105,,17.10572549733573,-0.2548460510561027,,,,,-0.5548482778557661,,-0.2118913067119085,-0.1360988290277985,0.1854952864458642,0.0562651521357874,-0.1144018990715246,,0.1437348938315596,-0.2758099377916004,,,,,,,,2.293987347261007,-0.2633929428858649,-0.6892719875917157,,,,,,,3.5124,-0.0765003985878601
1998-06-30,-0.1592464156627972,,,,-0.1270718070354304,-0.1641733581629709,,0.376321020627926,,,0.1783949799080767,,,-0.2302580531159766,-0.0006820241041325,,-0.0311008896491328,,-0.0777704635135463,,,-0.0730138046516779,-0.2614780921225252,,-0.0419494193944166,,,,,,,,,,,,,,,,,,-0.0031257018247148,,-0.1503663826294795,,,,-0.1442974485313245,,,,,-0.1592464156627972,0.0005047177194847,-0.5543462554803322,-0.3980745561459149,,,,-0.2027767996808624,,,,,-0.038840689250526,,,0.0177648660082098,0.0064650503198837,-0.307794518096538,,-0.1370425085536437,,-0.319152882531542,,,,-0.09315620974503,,-0.0596107130550009,,,,,-0.3146751922665424,,0.6877131496900084,-0.2156062946533713,,,,,-0.5548482778557661,,-0.2383506240562292,-0.1360988290277985,0.1093946561090993,0.0183374029808176,-0.1144018990715246,,0.089082842945035,-0.2758099377916004,,,,,,,,2.182085525443397,-0.2902082081325806,-0.6892719875917157,,,,,,,3.5653,-0.0978038313746388
1998-03-31,-0.1614528636036435,,,,-0.1343922532822585,-0.163124647777836,,0.16981562376222,,,0.2060266071017205,,,-0.2297564015841335,0.0326687878338906,,-0.0671124460849709,,-0.086092224903687,-0.5029848739495798,,-0.0802971842441828,-0.2614780921225252,,-0.0342638981651529,,,,-0.0768656151319168,,,,,,,-0.359094607565369,,-0.2408902465633864,,,,,0.0031257018247148,,-0.1527799475359144,,,,-0.1477897960205314,,,,,-0.1614528636036435,0.0350685060765948,-0.5758052703534682,-0.4166392542691601,,,,-0.2027767996808624,,,,,-0.0146386838239523,,-0.4351716477818384,0.1263753022764204,0.0064650503198837,-0.319063581407488,,-0.1613443589208326,,-0.319152882531542,1.0416448666468008,0.5726144286429372,,-0.0628497050997153,,-0.0339302489704942,,,,,0.4720127883998137,,-0.7752780496051549,-0.3490214664226582,,,,,-0.5548482778557661,,-0.231735794720149,-0.1596851462513824,0.1284198136932905,0.0183374029808176,-0.1360689254108285,,0.1027458556666662,-0.2758099377916004,,,,,,,,2.238036436352202,-0.2835043918209016,-0.6892719875917157,,,,,,,3.6277,-0.1009179369848664
1997-12-31,-0.1652278312566787,,,,-0.1440229432461096,-0.1629861991302112,,-1.152722839209552,-0.2540322580645161,,0.2315631490582879,,,-0.23498320169994,0.1303813306823884,,-0.1358617810988435,,-0.1196819362547135,0.0947163159663865,,-0.1103964090810595,-0.207205115997741,,0.0064649836028443,,,,-0.0768656151319168,,,0.0198183387077359,,,,-0.359094607565369,,-0.2408902465633864,,,,,0.0087357263440074,,-0.154945886429532,,,,-0.1506471712389735,,,,,-0.1652278312566787,0.1363348757567903,-0.613560731175875,-0.4493023908024898,,,,-0.2027767996808624,,,,,0.0212531322437106,,0.3498608261228337,0.0358666053862449,0.0989779958336114,-0.2698631890637797,,-0.1631806067345773,,-0.319152882531542,0.9016663162296424,0.1908714762143124,5.902492752425023,-0.8383837387014589,,-0.0214480828490292,,,,,0.6889010912935668,,-0.6968747256891501,-0.3757903573635247,,,,,-0.6145451138446607,,-0.2427053646530508,-0.1614673283807964,-2.238222654558359,-1.1618886236474966,-0.1377060859210263,,-1.5968703503059831,0.8602891477602088,,,,,,,,-4.789266489153077,-0.2946215315250481,1.059002309104332,,,,,,,3.7435,-0.0661680245759316
1997-09-30,-0.1740425959720019,,,,-0.1671751212571845,-0.162075937392701,,0.1969873865077077,,,0.2502372106115506,,,-0.230007227350055,0.0493441938029022,,-0.2471702282641611,,-0.1180477886418271,,,-0.1103807086480075,-0.2621216943214692,,-0.030421137550521,,,,,,,,,,,,,,,,,,0.0320012329673186,,-0.1639283187703989,,,,-0.1627116443835067,,,,,-0.1740425959720019,0.0523504002551498,-0.6749254819103341,-0.5023904789336734,,,,-0.2036051004510204,,,,,-0.0650595284626474,,-0.4351716477818384,0.1444770416544555,0.0222531045333779,-0.307794518096538,,-0.1613443589208326,,-0.3366964136241834,,,0.6498348945988401,-0.1613458451969882,,-0.0708459160919726,,,,,-2.281395143932433,,5.2392413252749614,-0.1606706356895473,,,,,-0.5548482778557661,,-0.2515802827283895,-0.1596851462513824,0.0332940257723346,-0.0290722834628945,-0.1360689254108285,,0.0344307920585104,-0.3003114416785956,,,,,,,,1.9582818818081769,-0.3036158407559384,-0.6607838704839034,,,,,,,3.6437,-0.0405906084474572
1997-06-30,-0.1743021780826897,,,,-0.1697213634299943,-0.161027227007566,,0.112754921996696,,,0.2833951632439231,,,-0.2282514469886042,0.1493966296169717,,-0.3486573418560683,,-0.1240394568427283,,,-0.1141807327832274,-0.2623362283877838,,-0.0073645738627297,,,,,,,,,,,,,,,,,,0.0364665212883398,,-0.1656522937035666,,,,-0.1547744909989454,,,,,-0.1743021780826897,0.1560417653264802,-0.6902533496768597,-0.5156509775931343,,,,-0.2577658066782126,,,,,-0.0287565203227869,,1.0828916793141825,-0.1270490490160709,0.1169814298143431,-0.3303326447184379,,-0.1613443589208326,,-0.4595011312726731,,,,0.6771341166567195,,-0.1045515252028877,,,,,0.7866879806663561,,-1.2629417827035427,-0.0115595613591678,,,-0.215586065913423,,-0.5548482778557661,,-0.2449654533923093,-0.1596851462513824,0.0523191833565257,-0.019590346174152,-0.1360689254108285,,0.0480938047801416,-0.3003114416785956,,,,,,,,-0.2797545545440252,-0.2969120244442595,-0.6607838704839034,,-1.3915850849910592,,,,,3.3809,0.0339850335709426
1997-03-31,-0.176508626023536,,,,-0.0761469635792346,-0.2262570129629607,,0.9061703941649346,,,0.3220794413150245,,,-0.2277497954567611,-0.1007344599182021,,0.6072857926225416,,-0.0178537815045336,,,-0.0179134546909885,-0.3305580614758405,,-0.0650059830822079,,,,,,,,,,,,,,,,,,0.0376572648406121,,-0.1661120203524113,,,,-0.1544570048635629,,,,,-0.176508626023536,-0.1031866473518456,-0.6943407810812665,-0.5191871105689905,,,,-0.301223943800681,,,,,-0.059009027106004,,0.0708494612501685,-0.145150788394106,-0.1198393833880698,-0.4542923411388876,,-0.1613443589208326,,-0.4595011312726731,2.474672241361382,0.0,,0.096259444288187,,-0.1045515252028877,,,,,-0.9440255767996274,,1.175376882788396,-0.097887025445177,,,,,-0.5548482778557661,,-0.2449654533923093,-0.1596851462513824,0.071344340940717,-0.0101084088854096,-0.1360689254108285,,0.0617568175017727,-0.288060689735098,,,,,,,,2.405889169078617,-0.2969120244442595,-0.6750279290378096,,,,,,,3.1668,0.1038903625110522
1996-12-31,-0.1770513213632455,,,,-0.0765581212168918,-0.2270078119941488,,0.6238890646486814,-0.3293010752688172,,0.3376008999952556,,,-0.235542322431271,-0.1183455229161349,,0.3093720075624268,,-0.0558476419369962,,,-0.0543924798814372,-0.2821392780806062,,-0.0445193039830578,,,,-0.0651578516821994,,,-0.0972353892502363,,,,-0.28791968401693,,-0.314204669430504,,,,,0.031240660407599,,-0.1636346741200324,,,,-0.1258832526791422,,,,,-0.1770513213632455,-0.1214382286127594,-0.690918681323712,-0.5162265716382792,,,,-0.301223943800681,,,,,-0.0470225200467227,,-0.3669867491143727,-0.054630144355941,-0.1365133053234832,-0.3178478748575027,,-0.1786691480476015,,-0.4595011312726731,1.847871159636668,0.1908714762143124,,0.1161555888215745,,-0.0696071386554062,,,,,0.1441920399763364,,0.3054107916733043,-0.1737290772637866,,,,,-0.5517341561208973,,-0.2587594893034241,-0.1764998318000753,-2.120099636652784,-1.1090605789595054,-0.1515153484881182,,-1.512039710180174,0.7544944716491108,,,,,,,,-4.281719550535143,-0.3108916266753297,0.935993895566266,,,,,,,3.3744,-0.0674786628733997
1996-09-30,-0.1800129845178214,,,,-0.0831491295544615,-0.2273057233480956,,0.6235840616118633,,,0.3276057667537532,,,0.0544291912049748,,,0.2668128954109819,,-0.0235125792498292,,,-0.0245634969276234,-0.3318452658737283,,,,,,,,,,,,,,,,,,,,0.0427179249377695,,,,,,-0.1281056556268194,,,,,-0.1800129845178214,,-0.7117123645499956,-0.5342156757163794,,,,-0.3029330187525748,,,,,-0.0126218500384045,,0.8660254897290366,-0.1089473096380358,0.0854053213873547,-0.4430232778279376,,-0.1613443589208326,,-0.4770446623653144,,,,-0.0451709107232817,,-0.0676358580814093,,,,,0.0,,-0.2876143165067671,-0.2705419536171953,,,,,-0.6189116749935737,,-0.2780396000727102,-0.1596851462513824,-0.0237814469802389,-0.0575180953291218,-0.1360689254108285,,-0.0065582461063829,-0.288060689735098,,,,,,,,2.238036436352202,-0.3304311060026541,-0.6750279290378096,,,,,,,2.9155,0.0793002915451894
1996-06-30,-0.1824790145693555,,,,-0.0911061363444921,-0.2262570129629607,,0.6099981802391196,,,0.355237393947397,,,-0.2310105304137412,-0.0840590539491905,,0.2504440061219646,,-0.0338315633736036,,,-0.0327968825539333,-0.3318452658737283,,-0.061163222467576,,,,,,,,,,,,,,,,,,0.0477785850349268,,-0.1700196968675915,,,,-0.1344553783344684,,,,,-0.1824790145693555,-0.0859047531732906,-0.7290839480187247,-0.5492442408637683,,,,-0.2933104339129107,,,,,0.0317484932436471,,-0.073727998473262,-0.0908455702600007,-0.1040513291745756,-0.3641398346512878,,-0.1613443589208326,,-0.4595011312726731,,,,0.0204931826749002,,-0.0339302489704942,,,,,0.7866879806663561,,-1.1003872050040802,-0.3804132715448433,,,-0.2321611094229122,,-0.5548482778557661,,-0.2780396000727102,-0.1596851462513824,-0.1189072349011949,-0.104927781772834,-0.1360689254108285,,-0.0748733097145386,-0.3493144494525859,,,,,,,,-0.2797545545440252,-0.3304311060026541,-0.6038076362682788,,-1.2018234824922782,,,,,2.7359,0.1581523739418476
1996-03-31,-0.1884494031151749,,,,-0.1070201499245533,-0.2256277867318797,,,,,0.3718163702635833,,,0.0381255164200745,,,,,-0.0488107338758568,,,-0.0486303164506832,-0.3318452658737283,,,,,,,,,,,,,,,,,,,,0.0587929628934458,,,,,,-0.0788953046425393,,,,,-0.1884494031151749,,-0.766892688509488,-0.5819534708904385,,,,-0.3029330187525748,,,,,0.0115801553881691,,-0.5074603776435537,0.0358666053862449,-0.0882632749610814,-0.4092160878950877,,-0.1856462092880214,,-0.4595011312726731,,,,0.2856750983214041,,-0.0291151619546492,,,,,-0.1573375961332712,,0.5251585719905458,-0.4353489305086673,,,-0.2376861239260753,,-0.5548482778557661,,-0.2912692587448705,-0.1832714634749662,-0.1379323924853862,-0.1238916563503189,-0.1577359517501323,,-0.0885363224361698,-0.3370636975090883,,,,,,,,-0.2797545545440252,-0.3438387386260119,-0.618051694822185,,-1.2018234824922782,,,,,2.5589,0.2297080776896323
1995-12-31,-0.1932516721628993,,,,-0.1197513607886022,-0.2252083025778257,,,,,0.3939216720184983,,,0.0288449630809774,,,,,-0.0671186089341663,,,-0.066047093737108,-0.3322743340063576,,,,,,,,,,,,,,,,,,,,0.0709980843042371,,,,,,-0.0963570420885742,,,,,-0.1932516721628993,,-0.808788860404658,-0.6181988338929647,,,,-0.3029330187525748,,,,,0.0357821608147427,,-0.2905941880584078,0.1082735628983853,0.0222531045333779,-0.3979470245841378,,-0.1856462092880214,,-0.319152882531542,,0.0954357381071562,,0.0002888462446903,,-0.0114598428965509,,,,,0.4720127883998137,,-0.6127234719056923,-0.5138284433141301,,,,,-0.5548482778557661,,-0.311113746753111,-0.1832714634749662,0.0142688681881433,-0.0480361580403794,-0.1577359517501323,,0.0207677793368793,-0.202305426130615,,,,,,,,2.293987347261007,-0.3639501875610487,-0.7747363389151526,,,,,,,2.118,0.4369805461685999
1995-09-30,-0.2028562102583479,,,,-0.1448955022450989,-0.2243693342697177,,,,,0.4160269737734134,,,0.0102838564027832,,,,,-0.1237065863871227,,,-0.1198807689860574,-0.3322743340063576,,,,,,,,,,,,,,,,,,,,0.0912407246928666,,,,,,-0.1503296851035911,,,,,-0.2028562102583479,,-0.8782751942795743,-0.6783130944825204,,,,-0.3069957239481833,,,,,0.1104050108800115,,0.0708494612501685,0.0901718235203502,0.0854053213873547,-0.4317542145169876,,-0.2099480596552102,,-0.5998493800138042,,,,0.0533252293739911,,0.0366910272618991,,,,,0.0,,0.037494838892158,-0.7728108355721577,,,-0.2376861239260753,,-0.5548482778557661,,-0.3309582347613515,-0.20685778069855,-0.2901336531589157,-0.2092290919490008,-0.1794029780894362,,-0.197840424209219,-0.3615652013960834,,,,,,,,-0.2797545545440252,-0.3840616364960855,-0.5895635777143727,,-0.948808012493904,,,,,2.3336,-0.1137404580152672
1995-06-30,-0.2134990767965478,,,,-0.1722676056028041,-0.2237401080386367,,,,,0.4326059500895997,,,-0.0102838564027832,,,,,-0.1263695500319677,,,-0.1224141184095373,-0.3322743340063576,,,,,,,,,,,,,,,,,,,,0.1159486534025173,,,,,,-0.1528695741866507,,,,,-0.2134990767965478,,-0.9630893959210164,-0.751687853731537,,,,-0.3069957239481833,,,,,0.0297316594580993,,0.1431381911118838,0.05396834476428,0.0696172671738605,-0.3754088979622378,,-0.1856462092880214,,-0.4770446623653144,,0.477178690535781,,-0.0325432004544005,,-0.1045515252028877,,,,,0.6293503845330849,,-0.6127234719056923,-0.0429513664813529,,,-0.2376861239260753,,-0.6189116749935737,,-0.3309582347613515,-0.1832714634749662,-0.2520833379905333,-0.1807832800827735,-0.1577359517501323,,-0.1705143987659567,-0.3370636975090883,,,,,,,,-0.2797545545440252,-0.3840616364960855,-0.618051694822185,,-1.0120618799934975,,,,,2.2223,-0.0596229131980381
1995-03-31,-0.2192098832316794,,,,-0.187863338911264,-0.2229011397305288,,,,,0.4547112518445147,,,-0.2320138334774274,,,,,-0.1316954773216577,,,-0.1274808172564973,-0.3322743340063576,,-0.0688487436968398,,,0.1686340640809443,,,,,,,,,,,,,,,0.1302375760297851,,-0.2018557673000885,,,,-0.1579493523527699,,,,,-0.2192098832316794,-0.1204685415304007,-1.0121385727738983,-0.7941214494418117,,,,-0.3019182573444257,,,,,-0.069093196033743,,-0.2183054581966926,0.1082735628983853,0.0380411587468721,-0.4542923411388876,,-0.2099480596552102,,-0.4595011312726731,,0.1908714762143124,,,,-0.1045515252028877,,,,,-0.3146751922665424,,0.3626039942910832,-0.097887025445177,,,-0.2376861239260753,,-0.6189116749935737,,-0.3243434054252713,-0.20685778069855,-0.2520833379905333,-0.1902652173715159,-0.1794029780894362,,-0.1705143987659567,-0.3493144494525859,,,,,,,,-0.2797545545440252,-0.3773578201844065,-0.6038076362682788,,-1.0120618799934975,,,,,2.0787,0.0053398758839658
1994-12-31,-0.2181715547889282,,,,-0.1869084980964603,-0.2220621714224208,,,,,0.4768165535994297,,,-0.2315121819455843,,,,,-0.1313626068660521,,,-0.1271641485785623,-0.3322743340063576,,-0.0688487436968398,,,0.1686340640809443,,,,,,,,,,,,,,,0.1284514607013766,,-0.2011661773268215,,,,-0.1576318662173874,,,,,-0.2181715547889282,-0.1204685415304007,-1.0060074256672882,-0.7888172499780274,,,,-0.3019182573444257,,,,,-0.0670763622481952,,0.1431381911118838,0.0720700841423151,0.0854053213873547,-0.4204851512060377,,-0.2099480596552102,,-0.4244140690873903,,-0.0954357381071562,,0.7124917054095867,,-0.1045515252028877,,,,,-0.1573375961332712,,-0.1250597388073045,-0.0743431716035381,,,,,-0.5548482778557661,,-0.311113746753111,-0.20685778069855,-0.0618317621486213,-0.0954458444840915,-0.1794029780894362,,-0.0338842715496452,-0.2513084339046053,,,,,,,,1.8463800599905664,-0.3639501875610487,-0.717760104699528,,,,,,,1.892,0.0771609710839647
1994-09-30,-0.2180417637335843,,,,-0.1884998994544665,-0.2214329451913398,,,,,0.493395529915616,,,-0.232766310775192,,,,,-0.1313626068660521,,,-0.1271641485785623,-0.3322743340063576,,-0.0688487436968398,,,0.1686340640809443,,,,,,,,,,,,,,,0.1266653453729681,,-0.2004765873535544,,,,-0.1576318662173874,,,,,-0.2180417637335843,-0.1204685415304007,-0.9998762785606778,-0.783513050514243,,,,-0.3019182573444257,,,,,-0.0610258608915518,,,0.0720700841423151,0.0538292129603663,-0.4655614044498375,,-0.1856462092880214,,,,,,0.672083032549167,,-0.1045515252028877,,,,,-1.7307135574659835,,2.150704348985172,-0.1057349767257232,,,-0.2376861239260753,,-0.6189116749935737,,-0.3309582347613515,-0.1832714634749662,-0.2901336531589157,-0.1997471546602583,-0.1577359517501323,,-0.197840424209219,-0.3615652013960834,,,,,,,,-0.2797545545440252,-0.3840616364960855,-0.5895635777143727,,-0.948808012493904,,,,,2.0404,0.0242109390315623
1994-06-30,-0.2173928084568648,,,,-0.1884998994544665,-0.2205939768832318,,,,,0.5155008316705311,,,-0.0178086293804295,,,,,-0.1310297364104465,,,-0.1268474799006273,-0.3322743340063576,,,,,,,,,,,,,,,,,,,,0.1254746018206958,,,,,,-0.157314380082005,,,,,-0.2173928084568648,,-0.995788847156271,-0.7799769175383868,,,,-0.2789640025018425,,,,,,,,,,,,,,,,,,,,,,,,,,,,,,,-0.292936268957706,,-0.6189116749935737,,-0.4103361867943135,,-1.0511399565265636,-0.3988678377238496,,,-0.389122602312055,-0.3860667052830785,,,,,,,,-0.3357054654528303,-0.4645074322362326,-0.5610754606065604,,-0.8223002774947167,,,,,2.2138,-0.1027193061703857
