,2023-09-30,2023-06-30,2023-03-31,2022-12-31,2022-09-30,2022-06-30,2022-03-31,2021-12-31,2021-09-30,2021-06-30,2021-03-31,2020-12-31,2020-09-30,2020-06-30,2020-03-31,2019-12-31,2019-09-30,2019-06-30,2019-03-31,2018-12-31,2018-09-30,2018-06-30,2018-03-31,2017-12-31,2017-09-30,2017-06-30,2017-03-31,2016-12-31,2016-09-30,2016-06-30,2016-03-31,2015-12-31,2015-09-30,2015-06-30,2015-03-31,2014-12-31,2014-09-30,2014-06-30,2014-03-31,2013-12-31,2013-09-30,2013-06-30,2013-03-31,2012-12-31,2012-09-30,2012-06-30,2012-03-31,2011-12-31,2011-09-30,2011-06-30,2011-03-31,2010-12-31,2010-09-30,2010-06-30,2010-03-31,2009-12-31,2009-09-30,2009-06-30,2009-03-31,2008-12-31,2008-09-30,2008-06-30,2008-03-31,2007-12-31,2007-09-30,2007-06-30,2007-03-31,2006-12-31,2006-09-30,2006-06-30,2006-03-31,2005-12-31,2005-09-30,2005-06-30,2005-03-31,2004-12-31,2004-09-30,2004-06-30,2004-03-31,2003-12-31,2003-09-30,2003-06-30,2003-03-31,2002-12-31,2002-09-30,2002-06-30,2002-03-31,2001-09-30,2001-06-30,2001-03-31,2000-12-31,2000-09-30,2000-06-30,2000-03-31,2001-12-31
date,2023-09-30,2023-06-30,2023-03-31,2022-12-31,2022-09-30,2022-06-30,2022-03-31,2021-12-31,2021-09-30,2021-06-30,2021-03-31,2020-12-31,2020-09-30,2020-06-30,2020-03-31,2019-12-31,2019-09-30,2019-06-30,2019-03-31,2018-12-31,2018-09-30,2018-06-30,2018-03-31,2017-12-31,2017-09-30,2017-06-30,2017-03-31,2016-12-31,2016-09-30,2016-06-30,2016-03-31,2015-12-31,2015-09-30,2015-06-30,2015-03-31,2014-12-31,2014-09-30,2014-06-30,2014-03-31,2013-12-31,2013-09-30,2013-06-30,2013-03-31,2012-12-31,2012-09-30,2012-06-30,2012-03-31,2011-12-31,2011-09-30,2011-06-30,2011-03-31,2010-12-31,2010-09-30,2010-06-30,2010-03-31,2009-12-31,2009-09-30,2009-06-30,2009-03-31,2008-12-31,2008-09-30,2008-06-30,2008-03-31,2007-12-31,2007-09-30,2007-06-30,2007-03-31,2006-12-31,2006-09-30,2006-06-30,2006-03-31,2005-12-31,2005-09-30,2005-06-30,2005-03-31,2004-12-31,2004-09-30,2004-06-30,2004-03-31,2003-12-31,2003-09-30,2003-06-30,2003-03-31,2002-12-31,2002-09-30,2002-06-30,2002-03-31,2001-09-30,2001-06-30,2001-03-31,2000-12-31,2000-09-30,2000-06-30,2000-03-31,
filing_date,2023-11-08,2023-08-09,2023-05-10,2023-02-28,2022-11-08,2022-08-09,2022-05-09,2022-03-01,2021-11-09,2021-08-09,2021-05-10,2021-03-01,2020-11-06,2020-08-10,2020-05-11,2020-02-25,2019-11-08,2019-08-08,2019-05-08,2019-02-22,2018-11-06,2018-08-08,2018-05-08,2018-02-23,2017-11-09,2017-08-07,2017-05-09,2017-02-27,2016-11-09,2016-08-09,2016-05-10,2016-02-26,2015-11-09,2015-08-10,2015-05-07,2015-02-27,2014-11-10,2014-08-08,2014-05-08,2014-03-03,2013-11-08,2013-08-08,2013-05-08,2013-03-07,2012-11-09,2012-08-06,2012-05-07,2012-03-01,2011-11-08,2011-08-05,2011-05-06,2011-03-10,2010-11-09,2010-08-06,2010-05-10,2010-03-10,2009-11-09,2009-08-10,2009-05-11,2009-03-16,2008-11-10,2008-08-11,2008-05-12,2008-03-14,2007-11-02,2007-08-03,2007-05-09,2007-03-13,2006-11-03,2006-08-09,2006-05-09,2006-03-14,2005-11-04,2005-08-04,2005-05-13,2005-03-14,2004-11-09,2004-08-04,2004-05-06,2004-03-04,2003-10-23,2003-08-14,2003-05-01,2003-03-28,2002-10-29,2002-07-31,2002-04-01,2001-11-14,2001-08-13,2001-05-15,2001-03-28,2000-11-13,2000-08-14,2000-05-12,
currency_symbol,USD,USD,USD,USD,USD,USD,USD,USD,USD,USD,USD,USD,USD,USD,USD,USD,USD,USD,USD,USD,USD,USD,USD,USD,USD,USD,USD,USD,USD,USD,,USD,USD,USD,,USD,USD,USD,USD,USD,USD,USD,USD,USD,USD,USD,USD,USD,USD,USD,,USD,,USD,,USD,,USD,,USD,,USD,,USD,,USD,,USD,,USD,,USD,,USD,,USD,,USD,,USD,,USD,,USD,,,,,,,,,,,
totalAssets,76712897000.00,77645425000.00,74495726000.00,73926141000.00,70184997000.00,71663266000.00,74899344000.00,78349109000.00,78317963000.00,73882299000.00,72677666000.00,71389674000.00,68665076000.00,68608296000.00,65549556000.00,69696552000.00,68329993000.00,66371304000.00,64482164000.00,61625564000.00,63448998000.00,61627503000.00,61301324000.00,62030736000.00,60379715000.00,59635590000.00,57548610000.00,56053472000.00,55848221000.00,53721328000.00,51262936000.00,49041163000.00,47128421000.00,46247482000.00,45388715000.00,43989734000.00,42953529000.00,42003696000.00,40544496000.00,39621499000.00,38713147000.00,37288550000.00,36852969000.00,35133478000.00,34597773000.00,33133602000.00,33038533000.00,30874719000.00,29875937000.00,28566771000.00,27834876000.00,26426763000.00,24568425000.00,23421014000.00,22507750000.00,21312004000.00,21296479000.00,18865714000.00,17508622000.00,17087813000.00,17143451000.00,17053269000.00,16557973000.00,16394372000.00,16164120000.00,15800678000.00,15098204000.00,14990123000.00,15013769000.00,14778961000.00,14655318000.00,14042794000.00,13240455000.00,12418835000.00,11662977000.00,11114066000.00,10277968000.00,9968643000.00,9906940000.00,8989177000.00,6634396000.00,6332943000.00,6128971000.00,6042266000.00,5619918000.00,5333678000.00,4392445000.00,4194531000.00,3872297000.00,3015445000.00,2528126000.00,2265252000.00,2105660000.00,1919090000.00,
intangibleAssets,,,,,,,,,,,,,,,,,,,,,,,,,,,,,,,,,,,,,,,,,,,,,,,,,,,,,,,,,,,,,,,,,,,,,,,,,,,,,,,,,,,,,2058000.00,2088000.00,2148000.00,2195000.00,2243000.00,2290000.00,2338000.00,2270000.00,2298000.00,2177000.00,
earningAssets,,,,,,,,,,,,,,,,,,,,,,,,,,,,,,,,,,,,,,,,,,,,,,,,,,,,,,,,,,,,,,,,,,,,,,,,,,,,,,,,,,,,,,,,,,,,,,,
otherCurrentAssets,,,,,927177000.00,740829000.00,1126315000.00,1722577000.00,1403403000.00,-46700275000.00,1920004000.00,1709036000.00,1327388000.00,1123248000.00,679932000.00,1828815000.00,1460372000.00,,,,,,,,,,,,,,,,,,,,,,,,,,,,,,,,,,,,,,,,,,,,,,,,,,,,,,,,,,,,,,,,,,,,4619756000.00,4510932000.00,3566074000.00,3084641000.00,3828695000.00,2970088000.00,2477139000.00,2214467000.00,2066710000.00,1885024000.00,
totalLiab,866115000.00,867681000.00,50821000.00,70735685000.00,66974369000.00,67779880000.00,69727174000.00,72025982000.00,71942755000.00,67586564000.00,66748906000.00,64814958000.00,62546342000.00,63546237000.00,62026799000.00,65126433000.00,64203277000.00,62873829000.00,61542627000.00,59226463000.00,60959702000.00,59200678000.00,58754334000.00,59180579000.00,57617048000.00,56984182000.00,55112379000.00,53761877000.00,53035359000.00,51107938000.00,49028620000.00,47096628000.00,44978512000.00,44339720000.00,43061995000.00,41849858000.00,40978453000.00,40089886000.00,38889547000.00,38236812000.00,37318479000.00,35846474000.00,35122740000.00,33413241000.00,32882820000.00,31555951000.00,31664949000.00,29466040000.00,28516400000.00,27527239000.00,26873699000.00,25488716000.00,23522036000.00,22502545000.00,21699850000.00,20557381000.00,20545195000.00,18252988000.00,17000921000.00,16595608000.00,16622913000.00,16460155000.00,15933071000.00,15782737000.00,15545089000.00,15198975000.00,14491631000.00,14395057000.00,14448896000.00,14278760000.00,14166134000.00,13523436000.00,12892141000.00,12071356000.00,11345693000.00,10792562000.00,9964027000.00,9688888000.00,9608010000.00,8725461000.00,6440089000.00,6137478000.00,5948405000.00,5864302000.00,5541393000.00,5269058000.00,4349878000.00,4116455000.00,3801744000.00,2950667000.00,2469474000.00,2227809000.00,2082732000.00,1871941000.00,
totalStockholderEquity,2053576000.00,2571915000.00,2605485000.00,3169223000.00,3207698000.00,3882217000.00,5171086000.00,6323127000.00,6375208000.00,6295735000.00,5928760000.00,6574716000.00,6118734000.00,5062059000.00,3522757000.00,4570119000.00,4126716000.00,3497475000.00,2939537000.00,2399101000.00,2489296000.00,2426825000.00,2546990000.00,2850157000.00,2762667000.00,2651408000.00,2436231000.00,2291595000.00,2812862000.00,2613390000.00,2234316000.00,1944535000.00,2149909000.00,1907762000.00,2326720000.00,2139876000.00,1975076000.00,1913810000.00,1654949000.00,1384687000.00,1394668000.00,1442076000.00,1730229000.00,1720237000.00,1714953000.00,1577651000.00,1373584000.00,1408679000.00,1359537000.00,1039532000.00,961177000.00,938047000.00,1046389000.00,918469000.00,807900000.00,754623000.00,751284000.00,612726000.00,507701000.00,492205000.00,520538000.00,593114000.00,624902000.00,611635000.00,619031000.00,601703000.00,606573000.00,595066000.00,564873000.00,500201000.00,489184000.00,519358000.00,348314000.00,347479000.00,317284000.00,321504000.00,313941000.00,279755000.00,298930000.00,263716000.00,93438000.00,94718000.00,79950000.00,77478000.00,78525000.00,64620000.00,42567000.00,78076000.00,70553000.00,64778000.00,58652000.00,37443000.00,22928000.00,47149000.00,
deferredLongTermLiab,,,,,2649102000.00,2380288000.00,1957518000.00,1546073000.00,1545494000.00,1466217000.00,376895000.00,564003000.00,1426945000.00,1937083000.00,2414533000.00,1966723000.00,1952353000.00,1943534000.00,,,,,,,,,,,110551000.00,,,,,,,3895000.00,,,,,,,33313000.00,49303000.00,73835000.00,29808000.00,,,,,,,,,,,,,,,,,,,,,,,,,,,,,,,,,,,,,,,,,,,,,,,,,
otherCurrentLiab,,,,55498000.00,-142654000.00,135241000.00,7470915000.00,166586000.00,39478000.00,495955000.00,9200550000.00,862000.00,8316816000.00,10039685000.00,8693282000.00,429000.00,10281094000.00,,,26537000.00,,,,34285000.00,,,,11474000.00,,,,29599000.00,,,,9252000.00,,,,10153000.00,,,,4756000.00,-306696000.00,,-300567000.00,-297608000.00,-340552000.00,-337239000.00,-334000000.00,6134000.00,-327740000.00,-313079000.00,-317957000.00,-316468000.00,-287697000.00,-262874000.00,-272732000.00,-258462000.00,-272629000.00,-255018000.00,-439614000.00,-257225000.00,-347942000.00,-441647000.00,-269292000.00,-2632000.00,-738104000.00,-812106000.00,-640526000.00,-7943000.00,-345144000.00,-442730000.00,-302736000.00,-332642000.00,-305956000.00,-408285000.00,-54145000.00,-171942000.00,-84846000.00,-158467000.00,-44376000.00,-286439000.00,30118000.00,36417000.00,28314000.00,21070000.00,-14875000.00,-8120000.00,-190028000.00,-104956000.00,-89957000.00,-11387000.00,
commonStock,78974000.00,78048000.00,77753000.00,84810000.00,85967000.00,90169000.00,95020000.00,92514000.00,92513000.00,92554000.00,95483000.00,95721000.00,91932000.00,91595000.00,91498000.00,91107000.00,91007000.00,90936000.00,90784000.00,90369000.00,90278000.00,90233000.00,89984000.00,89331000.00,88934000.00,88741000.00,88631000.00,88001000.00,87898000.00,82279000.00,82155000.00,81354000.00,81191000.00,76794000.00,76681000.00,76062000.00,74270000.00,74089000.00,72390000.00,70535000.00,64723000.00,63501000.00,62784000.00,61751000.00,61548000.00,60209000.00,58622000.00,57837000.00,57855000.00,57832000.00,57688000.00,56968000.00,56693000.00,56581000.00,56428000.00,56203000.00,56203000.00,56066000.00,51066000.00,50739000.00,50742000.00,51598000.00,45000000.00,46775000.00,46861000.00,53862000.00,53539000.00,53501000.00,55840000.00,55661000.00,55609000.00,55527000.00,40043000.00,38381000.00,38375000.00,38360000.00,38258000.00,38258000.00,36099000.00,35294000.00,14594000.00,14331000.00,14438000.00,14438000.00,14448000.00,14442000.00,14517000.00,14532000.00,14535000.00,14535000.00,14530000.00,14498000.00,14471000.00,4695000.00,
capitalStock,79002000.00,78076000.00,77781000.00,84838000.00,85995000.00,90197000.00,95048000.00,92542000.00,92541000.00,92582000.00,,,,,,,,,,,,,,,,,,,,,,,,,,,,,,,,,,,,,,,,,,,,,,,,,,,,,,,,,,,,,,,,,,,,,,,,,,,,,,,,,,,,,
retainedEarnings,5328362000.00,4863124000.00,4518680000.00,3914124000.00,3974069000.00,3672387000.00,3322726000.00,2767422000.00,2716654000.00,2574707000.00,2640320000.00,2368555000.00,2403676000.00,1742426000.00,1995805000.00,1768764000.00,1575918000.00,1538558000.00,1519968000.00,1549978000.00,1521420000.00,1352092000.00,1258189000.00,1244781000.00,1231126000.00,1174169000.00,1147223000.00,1093284000.00,993598000.00,1001018000.00,986310000.00,1031151000.00,1015249000.00,917943000.00,835098000.00,829195000.00,812993000.00,745178000.00,708434000.00,718187000.00,679872000.00,623691000.00,503578000.00,477547000.00,450353000.00,458182000.00,439423000.00,428952000.00,386169000.00,399237000.00,380963000.00,349620000.00,346225000.00,325698000.00,327215000.00,312330000.00,280766000.00,283762000.00,274750000.00,233751000.00,259404000.00,270406000.00,265639000.00,216487000.00,232603000.00,225206000.00,200617000.00,190690000.00,168331000.00,158914000.00,116003000.00,112030000.00,102582000.00,95419000.00,83187000.00,86620000.00,73607000.00,62918000.00,52540000.00,42103000.00,34243000.00,28408000.00,22025000.00,17548000.00,13914000.00,11013000.00,3504000.00,7593000.00,5564000.00,2313000.00,2796000.00,893000.00,-881000.00,-1825000.00,
otherLiab,,,,,60177403000.00,60645669000.00,61256024000.00,71224467000.00,71099635000.00,66778358000.00,56739890000.00,64000274000.00,53413802000.00,52689014000.00,52326090000.00,52792023000.00,52870314000.00,51786190000.00,,,,,,,,,,,,,,,,,,,,,,,,,,,,,,,,,,,,,,,,,,,,,,,,,,,,,,,,,,,,,,,,,,,,,,,,,,,,,
goodWill,,,,,,,,,,,,,,,,,,,,,,,,,,,,,,,,,,,,,,,,,,,,,,,,,,,,,,,,,,,,,,,,,,,,,,,,,,,,,,,,,,,,,,,,,,,,,,,
otherAssets,535546000.00,-6421783000.00,31871602000.00,-8925039000.00,27042462000.00,-20406750000.00,-26524862000.00,-28938345000.00,-25843024000.00,-31001497000.00,-29790141000.00,-32784496000.00,-37427815000.00,-35313885000.00,-31739601000.00,-35757820000.00,-36547789000.00,-35235353000.00,-32732621000.00,-30592823000.00,-29415203000.00,-29339427000.00,-30602199000.00,-30226328000.00,-30196594000.00,-29804776000.00,-27911748000.00,-26947081000.00,-29678524000.00,-27681344000.00,-26365565000.00,-24322141000.00,-24271810000.00,-22412206000.00,-23404508000.00,-21703478000.00,-19974462000.00,-18214781000.00,-16857454000.00,-14588735000.00,-14843168000.00,-14647018000.00,-15434123000.00,-14662271000.00,9652195000.00,9697142000.00,9907277000.00,9290166000.00,9013913000.00,9722393000.00,9679631000.00,9104039000.00,7675651000.00,7560538000.00,8319447000.00,8248018000.00,7739499000.00,7008162000.00,6703377000.00,6540204000.00,6347019000.00,6130434000.00,5823264000.00,11254310000.00,5880925000.00,5846879000.00,5619855000.00,10733107000.00,5484230000.00,5369024000.00,5244002000.00,9655041000.00,4724484000.00,4470110000.00,4338311000.00,4192687000.00,3967524000.00,3850125000.00,3705493000.00,3457317000.00,1416732000.00,1285261000.00,1170539000.00,1077448000.00,852442000.00,646970000.00,608410000.00,538263000.00,658247000.00,822654000.00,566628000.00,431916000.00,332823000.00,276131000.00,
cash,10188438000.00,5000657000.00,2777852000.00,1919669000.00,1808132000.00,1287225000.00,1933899000.00,4508982000.00,12684793000.00,11524265000.00,11087125000.00,9095522000.00,2656632000.00,2408635000.00,1833099000.00,2293392000.00,1138737000.00,1215967000.00,1115890000.00,344396000.00,1129242000.00,1259722000.00,723784000.00,1434045000.00,1285662000.00,1574913000.00,1172748000.00,791266000.00,812814000.00,1547041000.00,707177000.00,397749000.00,523614000.00,733814000.00,293764000.00,701514000.00,788800000.00,1464533000.00,679172000.00,897529000.00,934931000.00,746889000.00,882097000.00,1268545000.00,2397434000.00,1407830000.00,2527113000.00,404952000.00,572314000.00,949484000.00,746737000.00,597766000.00,664519000.00,845375000.00,704166000.00,528002000.00,427011000.00,134550000.00,108032000.00,214862000.00,17392000.00,13438000.00,19647000.00,18888000.00,9237000.00,22243000.00,28479000.00,29949000.00,41184000.00,35627000.00,43274000.00,112395000.00,60423000.00,47174000.00,30804000.00,62664000.00,38225000.00,33019000.00,252000000.00,32598000.00,11000000.00,15071000.00,215573000.00,21163000.00,99551000.00,146369000.00,184130000.00,529968000.00,,,,,,,
cashAndEquivalents,,,,,,,,,,,,,,,,,,,,,,,,,,,,,,,,,,,,,,,,,,,,,,,,,,,,,,,,,,,,,,,,,,,,,,,,,,,,,,,,,,,,,,,,,,,,,,,
totalCurrentLiabilities,,,50821000.00,276371000.00,898669000.00,212177000.00,166067000.00,708558000.00,39478000.00,41019000.00,19599000.00,564865000.00,34773000.00,35962000.00,46324000.00,178326000.00,30277000.00,48084000.00,24681000.00,317706000.00,13712000.00,31313000.00,72191000.00,72432000.00,11067000.00,952000.00,19687000.00,180052000.00,12652000.00,35677000.00,9026000.00,262282000.00,4693000.00,21888000.00,13290000.00,13147000.00,3769000.00,26934000.00,18062000.00,312009000.00,29878000.00,1645000.00,10194000.00,54059000.00,306696000.00,11934000.00,300567000.00,297608000.00,340552000.00,337239000.00,334000000.00,149387000.00,327740000.00,313079000.00,317957000.00,316468000.00,287697000.00,262874000.00,272732000.00,258462000.00,272629000.00,255018000.00,439614000.00,257225000.00,347942000.00,441647000.00,269292000.00,431477000.00,738104000.00,812106000.00,640526000.00,424374000.00,345144000.00,442730000.00,302736000.00,332642000.00,305956000.00,408285000.00,54145000.00,171942000.00,84846000.00,158467000.00,44376000.00,286439000.00,75543000.00,83725000.00,97911000.00,83605000.00,14875000.00,8120000.00,190028000.00,104956000.00,89957000.00,11387000.00,
currentDeferredRevenue,,,,220873000.00,246492000.00,76936000.00,,541972000.00,,,,564003000.00,,,,177897000.00,,,,291169000.00,,,,38147000.00,,,,168578000.00,,,,232683000.00,,,,3895000.00,,,,301856000.00,,,,49303000.00,,,,21981000.00,,,,143253000.00,,,,,,,,,,,,,,,,2632000.00,,,,7943000.00,,,,,,,,,,,,,,,,,,,,,,,
netDebt,-9322323000.00,-4132976000.00,-1908600000.00,-1048843000.00,-934633000.00,-712089000.00,-1358972000.00,-3934311000.00,-12110350000.00,-10950046000.00,-10513127000.00,-8521742000.00,-2083067000.00,-1835283000.00,-1259955000.00,-1641011000.00,-400444000.00,-477917000.00,-378080000.00,393177000.00,-391903000.00,-522613000.00,13098000.00,-697387000.00,-549545000.00,-444208000.00,-436728000.00,-55658000.00,-77618000.00,-911652000.00,-72145000.00,248701000.00,122783000.00,-65306000.00,374448000.00,-33592000.00,-67312000.00,-744027000.00,88683000.00,-101521000.00,2524000.00,-197805000.00,-323141000.00,-712807000.00,-1844913000.00,-848113000.00,-1957972000.00,161249000.00,36790000.00,-343733000.00,-144264000.00,1504000.00,-68382000.00,-263936000.00,-117826000.00,56813000.00,128998000.00,396601000.00,432943000.00,311809000.00,523413000.00,509963000.00,950888000.00,775006000.00,829811000.00,907473000.00,737236000.00,890896000.00,1199511000.00,1285522000.00,1140922000.00,796003000.00,746681000.00,835901000.00,699083000.00,635787000.00,384673000.00,461416000.00,-103612000.00,224450000.00,69174000.00,120596000.00,-176073000.00,263901000.00,-62884000.00,-106369000.00,-137463000.00,-479968000.00,44000000.00,44000000.00,154000000.00,137056000.00,122057000.00,31987000.00,
shortTermDebt,,,,,794831000.00,,496425000.00,496250000.00,496101000.00,495955000.00,,495668000.00,,,,,,,,,,,,,,,,,,,,,,,,,,,,,,,,,306696000.00,,300567000.00,297608000.00,340552000.00,337239000.00,334000000.00,,327740000.00,313079000.00,317957000.00,316468000.00,287697000.00,262874000.00,272732000.00,258462000.00,272629000.00,255018000.00,439614000.00,257225000.00,306657000.00,396570000.00,231834000.00,385973000.00,699840000.00,789926000.00,614046000.00,396697000.00,319773000.00,415498000.00,273871000.00,264875000.00,261162000.00,343690000.00,,108790000.00,48341000.00,100000000.00,,241731000.00,,,,,,,110000000.00,104956000.00,89957000.00,11387000.00,
shortLongTermDebt,,,,,,,,,,,,,,,,,,,,,,,,,,,,,,,,,,,,,,,,,,,,,,,,,,,,,,,,,,,,,,,,,,,,,,,,,,,,,,,,,,,,,,,,,,,,,,,
shortLongTermDebtTotal,866115000.00,867681000.00,869252000.00,870826000.00,873499000.00,575136000.00,574927000.00,574671000.00,574443000.00,574219000.00,573998000.00,573780000.00,573565000.00,573352000.00,573144000.00,652381000.00,738293000.00,738050000.00,737810000.00,737573000.00,737339000.00,737109000.00,736882000.00,736658000.00,736117000.00,1130705000.00,736020000.00,735608000.00,735196000.00,635389000.00,635032000.00,646450000.00,646397000.00,668508000.00,668212000.00,667922000.00,721488000.00,720506000.00,767855000.00,796008000.00,937455000.00,549084000.00,558956000.00,555738000.00,552521000.00,559717000.00,569141000.00,566201000.00,609104000.00,605751000.00,602473000.00,599270000.00,596137000.00,581439000.00,586340000.00,584815000.00,556009000.00,531151000.00,540975000.00,526671000.00,540805000.00,523401000.00,970535000.00,793894000.00,839048000.00,929716000.00,765715000.00,920845000.00,1240695000.00,1321149000.00,1184196000.00,908398000.00,807104000.00,883075000.00,729887000.00,698451000.00,422898000.00,494435000.00,148388000.00,257048000.00,80174000.00,135667000.00,39500000.00,285064000.00,36667000.00,40000000.00,46667000.00,50000000.00,44000000.00,44000000.00,154000000.00,137056000.00,122057000.00,31987000.00,
otherStockholderEquity,1071907000.00,1055963000.00,1045453000.00,1325316000.00,1362022000.00,1507601000.00,1689606000.00,1614374000.00,1609039000.00,1604535000.00,1687669000.00,1681127000.00,1510987000.00,1508171000.00,1215464000.00,1212311000.00,820362000.00,817997000.00,815088000.00,811186000.00,807310000.00,804094000.00,798835000.00,791446000.00,783116000.00,778376000.00,775834000.00,770344000.00,767570000.00,636861000.00,635732000.00,630367000.00,626914000.00,524246000.00,521203000.00,513218000.00,541882000.00,538472000.00,541690000.00,549769000.00,486348000.00,510604000.00,502204000.00,494132000.00,490866000.00,479388000.00,466792000.00,464661000.00,460803000.00,458981000.00,454947000.00,449639000.00,441700000.00,422541000.00,419027000.00,416546000.00,400304000.00,397664000.00,370203000.00,355091000.00,353548000.00,359535000.00,373374000.00,387302000.00,388932000.00,388917000.00,391266000.00,389644000.00,381176000.00,380173000.00,379778000.00,379107000.00,226912000.00,215935000.00,215891000.00,215793000.00,214985000.00,214985000.00,214369000.00,208436000.00,57871000.00,56220000.00,56811000.00,56811000.00,56871000.00,56877000.00,57452000.00,57584000.00,57606000.00,57606000.00,57577000.00,57400000.00,57209000.00,65680000.00,
propertyPlantEquipment,,,,,,,,,,,,,,,,6000000.00,3800000.00,3900000.00,,,,,,,,,,,,,,,,,,,,,,,,,,,,,,,,,,,,,,,,,,,,,,,,,,,,,,,,,,,,,,,,,,,,,,,,,,,,,
totalCurrentAssets,42328868000.00,43736792000.00,42333476000.00,41779784000.00,42896043000.00,46746241000.00,51762086000.00,55981511000.00,58422890000.00,58224540000.00,56777466000.00,56635277000.00,54392148000.00,53183389000.00,49584290000.00,53873882000.00,53023398000.00,51435354000.00,49177678000.00,46294660000.00,46964971000.00,46090405000.00,46275132000.00,46807034000.00,45898026000.00,45469650000.00,43278114000.00,41863234000.00,43137719000.00,41454334000.00,39134016000.00,36857015000.00,35925982000.00,34669432000.00,34505254000.00,33163773000.00,31820202000.00,30816801000.00,29002412000.00,27515754000.00,27207517000.00,26303966000.00,26546530000.00,25494103000.00,2397434000.00,1419764000.00,2527113000.00,413393000.00,590350000.00,958926000.00,746737000.00,603900000.00,1272240000.00,1295172000.00,704166000.00,631686000.00,249862000.00,134550000.00,108032000.00,214862000.00,31661000.00,43815000.00,55466000.00,43878000.00,16915000.00,25283000.00,36260000.00,34475000.00,54174000.00,59946000.00,43274000.00,114224000.00,60423000.00,49011000.00,30804000.00,79260000.00,65079000.00,57337000.00,274437000.00,63563000.00,24953000.00,31413000.00,234295000.00,43483000.00,4763445000.00,4683018000.00,3780265000.00,3652481000.00,3868645000.00,3012073000.00,2524756000.00,2261873000.00,2102269000.00,1915684000.00,
longTermInvestments,33848483000.00,40330416000.00,41213039000.00,41071396000.00,41087911000.00,45323775000.00,49662120000.00,51305943000.00,45738097000.00,46659256000.00,52809384000.00,54003496000.00,51700743000.00,50738792000.00,47704867000.00,51580490000.00,51854384000.00,50171303000.00,52702239000.00,49896227000.00,51100365000.00,49474632000.00,50112113000.00,50729713000.00,49292315000.00,48341634000.00,46456360000.00,45155341000.00,46217327000.00,,,39932436000.00,38767816000.00,37573800000.00,,36308417000.00,34950267000.00,33376674000.00,32311041000.00,30648295000.00,30088309000.00,29340767000.00,29544197000.00,27799043000.00,26323903000.00,25671889000.00,24271361000.00,24612388000.00,23608140000.00,21463092000.00,,,,,,,,,,,,,,,,,,,,,,,,,,,,,,,,,,,,,,,,,,,,,
netTangibleAssets,,,,,3882189000.00,3882189000.00,5171058000.00,6323099000.00,6375180000.00,6295707000.00,5928732000.00,6574688000.00,6118706000.00,5062031000.00,3522741000.00,4570103000.00,4126716000.00,3497475000.00,2939537000.00,2399101000.00,2489296000.00,2426825000.00,2546990000.00,2850157000.00,2762667000.00,2651408000.00,2436231000.00,2291595000.00,2812862000.00,,,1944535000.00,2149909000.00,1907762000.00,,2139876000.00,1975076000.00,1913810000.00,1654949000.00,1384687000.00,1394668000.00,1442076000.00,1730229000.00,1720237000.00,1714953000.00,1577651000.00,1373584000.00,1408679000.00,1359537000.00,1039532000.00,,,,,,,,,,,,,,,,,,,,,,,,,,,,,,,,,,,,,,,,,,,,,
shortTermInvestments,32084932000.00,38680457000.00,39555624000.00,39804617000.00,41087911000.00,45323775000.00,49662120000.00,51305943000.00,45738097000.00,46659256000.00,45690341000.00,47538893000.00,51700743000.00,50738792000.00,47704867000.00,51580490000.00,51854384000.00,50171303000.00,48037107000.00,45923727000.00,45822017000.00,44799370000.00,45551348000.00,45372989000.00,44601297000.00,43893785000.00,42105366000.00,41060494000.00,42312253000.00,39871616000.00,38417813000.00,36429667000.00,35397675000.00,33913730000.00,34211490000.00,32453007000.00,31031402000.00,29325334000.00,28323240000.00,26618225000.00,26272586000.00,25555432000.00,25664433000.00,24225558000.00,61604000.00,61441000.00,65227000.00,3212291000.00,65401000.00,66612000.00,69644000.00,3098107000.00,599961000.00,449797000.00,87981000.00,2941810000.00,2749206000.00,2537167000.00,73378000.00,2386858000.00,111983000.00,152549000.00,135667000.00,1954321000.00,89839000.00,78949000.00,64047000.00,1653176000.00,413000.00,391000.00,379000.00,1321999000.00,1220995000.00,1131295000.00,1070897000.00,362000.00,867486000.00,753022000.00,644027000.00,324000.00,2097038000.00,1710151000.00,23598000.00,295000.00,4763445000.00,455737000.00,4168416000.00,3652481000.00,,,,,,,
netReceivables,55498000.00,55678000.00,50821000.00,55498000.00,103838000.00,135241000.00,166067000.00,166586000.00,,41019000.00,4646406000.00,862000.00,34773000.00,35962000.00,46324000.00,5115013000.00,30277000.00,48084000.00,24681000.00,26537000.00,13712000.00,31313000.00,4871912000.00,4858289000.00,11067000.00,952000.00,,11474000.00,12652000.00,35677000.00,9026000.00,29599000.00,4693000.00,21888000.00,,9252000.00,,26934000.00,,,,1645000.00,,,,11934000.00,,8441000.00,18036000.00,9442000.00,,6134000.00,7760000.00,,,103684000.00,,,,,14269000.00,30377000.00,35819000.00,24990000.00,7678000.00,3040000.00,7781000.00,4526000.00,12990000.00,24319000.00,,1829000.00,,1837000.00,,16596000.00,26854000.00,24318000.00,22437000.00,30965000.00,13953000.00,16342000.00,18722000.00,22320000.00,44138000.00,25717000.00,30061000.00,37872000.00,39950000.00,41985000.00,47617000.00,47406000.00,35559000.00,30660000.00,
longTermDebt,866115000.00,867681000.00,869252000.00,870826000.00,873499000.00,575136000.00,574927000.00,574671000.00,574443000.00,574219000.00,573998000.00,573780000.00,573565000.00,573352000.00,573144000.00,652381000.00,738293000.00,738050000.00,737810000.00,737573000.00,737339000.00,737109000.00,736882000.00,736658000.00,736117000.00,1130705000.00,736020000.00,735608000.00,735196000.00,,,646450000.00,646397000.00,668508000.00,,667922000.00,721488000.00,720506000.00,767855000.00,796008000.00,937455000.00,549084000.00,558956000.00,555738000.00,552521000.00,559717000.00,569141000.00,566201000.00,340552000.00,337239000.00,,,,,,,,,,,,,,,,,,,,,,,,,,,,,,,,,,,,,,,,,,,,,
inventory,,,,,,,,,,,,,,,,,,,,,,,,,,,,,,,,,,,,,,,,,,,,,,,,,,,,,,,,,,,,,,,,,,,,,,,,,,,,,,,,,,,,,,,,,,,,,,,
accountsPayable,,,,,266425000.00,522763000.00,425308000.00,226844000.00,229199000.00,233987000.00,19599000.00,240904000.00,242159000.00,244186000.00,248178000.00,256105000.00,259939000.00,,,,,,72191000.00,34285000.00,,,19687000.00,,,,,,,,,,3769000.00,,18062000.00,10153000.00,29878000.00,,10194000.00,4756000.00,1415000.00,,9000000.00,275627000.00,,,,,,,,,,,,,,,,,41285000.00,45077000.00,37458000.00,45504000.00,38264000.00,22180000.00,26480000.00,27677000.00,25371000.00,27232000.00,28865000.00,67767000.00,44794000.00,64595000.00,54145000.00,63152000.00,36505000.00,58467000.00,44376000.00,44708000.00,45425000.00,47308000.00,69597000.00,62535000.00,14875000.00,8120000.00,80028000.00,,,,
totalPermanentEquity,,,,,,,,,,,,,,,,,,,,,,,,,,,,,,,,,,,,,,,,,,,,,,,,,,,,,,,,,,,,,,,,,,,,,,,,,,,,,,,,,,,,,,,,,,,,,,,
noncontrollingInterestInConsolidatedEntity,,,,,,,,,,,,,,,,,,,,,,,,,,,,,,,,,,,,,,,,,,,,,,,,,,,,,,,,,,,,,,,,,,,,,,,,,,,,,,,,,,,,,,,,,,,,,,,
temporaryEquityRedeemableNoncontrollingInterests,,,,,,,,,,,,,,,,,,,,,,,,,,,,,,,,,,,,,,,,,,,,,,,,,,,,,,,,,,,,,,,,,,,,,,,,,,,,,,,,,,,,,,,,,,,,,,,
accumulatedOtherComprehensiveIncome,-4425695000.00,-3425248000.00,-3036429000.00,-2155055000.00,-2214388000.00,-1387968000.00,63706000.00,1848789000.00,1956974000.00,2023911000.00,1505260000.00,2429285000.00,2112111000.00,1719839000.00,219974000.00,1497921000.00,1639429000.00,1049984000.00,513697000.00,-52432000.00,70288000.00,180406000.00,399982000.00,724599000.00,659491000.00,610122000.00,424543000.00,339966000.00,963796000.00,893232000.00,530119000.00,201663000.00,426555000.00,388779000.00,893738000.00,721401000.00,545931000.00,556071000.00,332435000.00,46196000.00,163725000.00,244280000.00,661663000.00,686807000.00,712186000.00,579872000.00,408747000.00,457229000.00,454710000.00,123482000.00,67579000.00,81820000.00,201771000.00,113649000.00,5230000.00,-30456000.00,14011000.00,-124766000.00,-188318000.00,-147376000.00,-143156000.00,-88425000.00,-59111000.00,-38929000.00,-49365000.00,-66282000.00,-38849000.00,-38769000.00,-40474000.00,-94547000.00,-62206000.00,-27306000.00,-21223000.00,-2256000.00,-20169000.00,-19269000.00,-12909000.00,-36406000.00,-4703000.00,-22742000.00,-13895000.00,-4866000.00,-13949000.00,-11944000.00,-7333000.00,-18337000.00,-33531000.00,-2258000.00,-7777000.00,-10301000.00,-16876000.00,-35973000.00,-48496000.00,-22026000.00,
additionalPaidInCapital,,,,,,,,,,,,,,,,,,,,,,,,,,,,,,,,,,,,,,,,,,,,,,,,,,,,,,,,,,,,,,,,,,,,,,,,,,,,,,,,,,,,,,,,,,,,,,,
commonStockTotalEquity,,,,,,,,,,92554000.00,95483000.00,95721000.00,91932000.00,91595000.00,91498000.00,91107000.00,91007000.00,90936000.00,90784000.00,90369000.00,90278000.00,90233000.00,89984000.00,89331000.00,88934000.00,88741000.00,88631000.00,88001000.00,87898000.00,82279000.00,,81354000.00,81191000.00,76794000.00,,76062000.00,74270000.00,74089000.00,72390000.00,70535000.00,64723000.00,63501000.00,62784000.00,61751000.00,61548000.00,60209000.00,58622000.00,57837000.00,57855000.00,57832000.00,,56968000.00,,56581000.00,,56203000.00,,56066000.00,,50739000.00,,51598000.00,,46775000.00,,53862000.00,,53501000.00,,55661000.00,,55527000.00,,38381000.00,,38360000.00,,38258000.00,,35294000.00,,14331000.00,,14438000.00,,,,,,,,,,,
preferredStockTotalEquity,,,,,,,,,,28000.00,28000.00,28000.00,28000.00,28000.00,16000.00,16000.00,,,,,,,,,,,,,,,,,,,,,,,,,,,,,,,,,,,,,,,,,,,,,,,,,,,,,,,,,,,,,,,,,,,,,,,,,,,,,,,
retainedEarningsTotalEquity,,,,,,,,,,2574707000.00,2640320000.00,2368555000.00,2403676000.00,1742426000.00,1995805000.00,1768764000.00,1575918000.00,1538558000.00,1519968000.00,1549978000.00,1521420000.00,1352092000.00,1258189000.00,1244781000.00,1231126000.00,1174169000.00,1147223000.00,1093284000.00,993598000.00,,,1031151000.00,1015249000.00,917943000.00,,829195000.00,812993000.00,745178000.00,708434000.00,718187000.00,679872000.00,623691000.00,503578000.00,477547000.00,450353000.00,458182000.00,439423000.00,428952000.00,386169000.00,399237000.00,,,,,,,,,,,,,,,,,,,,,,,,,,,,,,,,,,,,,,,,,,,,,
treasuryStock,,,,,,,,,,,,,,,,,,,,,,,,,,,,,,,,,,,,,,,,,,,,,,,,,,,,,,,,,,,,,,,,,,,,,,,,,,,,,,,,,,,,,,,,,,,,,,,
accumulatedAmortization,,,,,,,,,,,,,,,,,,,,,,,,,,,,,,,,,,,,,,,,,,,,,,,,,,,,,,,,,,,,,,,,,,,,,,,,,,,,,,,,,,,,,,,,,,,,,,,
nonCurrrentAssetsOther,-33848483000.00,-40330416000.00,-41213039000.00,-41071396000.00,-41087911000.00,-76936000.00,-219013000.00,-51305943000.00,-426176000.00,-483631000.00,-376895000.00,-47538893000.00,-512428000.00,-229757000.00,-90384000.00,-51580490000.00,-143195000.00,-9328000.00,-151988000.00,-45923727000.00,-250734000.00,-221632000.00,-159601000.00,-45450030000.00,-35524000.00,-64074000.00,-126706000.00,-41137319000.00,-110551000.00,-99194000.00,-101098000.00,-36506289000.00,-129948000.00,-172114000.00,-74149000.00,-32529439000.00,-76269000.00,-73564000.00,-189956000.00,-26694480000.00,-225894000.00,-153701000.00,-33313000.00,-24301646000.00,-73835000.00,-29808000.00,-60528000.00,-21171160000.00,-21386000.00,-185152000.00,-192518000.00,-16718824000.00,-61420000.00,-76878000.00,-86826000.00,-9968000.00,-85700000.00,-85700000.00,-93454000.00,-898000.00,-64152000.00,-68570000.00,-49824000.00,-5096184000.00,-81966000.00,-83630000.00,-70227000.00,-4222541000.00,-9475365000.00,-9349991000.00,-9368042000.00,-4273529000.00,-8455548000.00,-7899714000.00,-7293862000.00,-6842119000.00,-6245365000.00,-6061181000.00,-5927010000.00,-5468297000.00,-5192711000.00,-5016269000.00,-4724137000.00,-4921335000.00,-4413084000.00,-4323407000.00,-3452201000.00,-3087780000.00,-3170448000.00,-2147434000.00,-1910511000.00,-1782551000.00,-1733887000.00,-1608893000.00,
deferredLongTermAssetCharges,,,,,,,,,,,,,,,,,,,,,,,,,,,,,,,,,,,,,,,,,,,,,,,,,,,,,,,,,,,,,,,,,,,,,,,,,,,,,,,,,,,,,,,,,,,,,,,
nonCurrentAssetsTotal,33848483000.00,40330416000.00,290648000.00,41071396000.00,246492000.00,45323775000.00,49662120000.00,51305943000.00,45738097000.00,46659256000.00,45690341000.00,47538893000.00,51700743000.00,50738792000.00,47704867000.00,51580490000.00,51854384000.00,50171303000.00,48037107000.00,45923727000.00,45899230000.00,44876525000.00,45628391000.00,45450030000.00,44678283000.00,43970716000.00,42182244000.00,41137319000.00,42389026000.00,39948338000.00,38494485000.00,36506289000.00,35474249000.00,33990256000.00,34287969000.00,32529439000.00,31107789000.00,29401676000.00,28399538000.00,26694480000.00,26348798000.00,25631602000.00,25740562000.00,24301646000.00,22548144000.00,22016696000.00,20604143000.00,21171160000.00,20271674000.00,17885452000.00,17408508000.00,16718824000.00,15620534000.00,14565304000.00,13484137000.00,12432300000.00,13307118000.00,11723002000.00,10697213000.00,10332747000.00,10764771000.00,10879020000.00,10679243000.00,5096184000.00,10266280000.00,9928516000.00,9442089000.00,4222541000.00,9475365000.00,9349991000.00,9368042000.00,4273529000.00,8455548000.00,7899714000.00,7293862000.00,6842119000.00,6245365000.00,6061181000.00,5927010000.00,5468297000.00,5192711000.00,5016269000.00,4724137000.00,4921335000.00,4031000.00,3690000.00,3770000.00,3787000.00,3652000.00,3372000.00,3370000.00,3379000.00,3391000.00,3406000.00,
capitalLeaseObligations,,,,,,,,,,,,,,,,,,,,,,,,,,,,,,,,,,,,,,,,,,,,,,,,,,,,,,,,,,,,,,,,,,,,,,,,,,,,,,,,,,,,,,,,,,,,,,,
longTermDebtTotal,,,,,,,,,,574219000.00,573998000.00,573780000.00,573565000.00,573352000.00,573144000.00,652381000.00,738293000.00,738050000.00,737810000.00,737573000.00,737339000.00,737109000.00,736882000.00,736658000.00,736117000.00,1130705000.00,736020000.00,735608000.00,735196000.00,,,646450000.00,646397000.00,668508000.00,,667922000.00,721488000.00,720506000.00,767855000.00,796008000.00,937455000.00,549084000.00,558956000.00,555738000.00,552521000.00,559717000.00,569141000.00,566201000.00,340552000.00,337239000.00,,,,,,,,,,,,,,,,,,,,,,,,,,,,,,,,,,,,,,,,,,,,,
nonCurrentLiabilitiesOther,,,,,,,,,,66528714000.00,65778414000.00,63677175000.00,61460349000.00,62743128000.00,61453655000.00,64295726000.00,63321789000.00,62135779000.00,60804817000.00,58488890000.00,60222363000.00,58463569000.00,57945261000.00,58409636000.00,56880931000.00,55853477000.00,54356672000.00,53026269000.00,52189612000.00,,,46450178000.00,44332115000.00,43671212000.00,,41178041000.00,40253196000.00,39369380000.00,38103630000.00,37430651000.00,36351146000.00,35297390000.00,34520277000.00,32803444000.00,32255049000.00,30966426000.00,31086808000.00,28899839000.00,26917463000.00,25940513000.00,,,,,,,,,,,,,,,,,,,,,,,,,,,,,,,,,,,,,,,,,,,,,
nonCurrentLiabilitiesTotal,866115000.00,867681000.00,869252000.00,70459314000.00,66075700000.00,67567703000.00,69727174000.00,72025982000.00,71903277000.00,67545545000.00,66729307000.00,64250093000.00,62511569000.00,63510275000.00,61980475000.00,64948107000.00,64173000000.00,62825745000.00,61517946000.00,58908757000.00,60945990000.00,59169365000.00,58682143000.00,59108147000.00,57605981000.00,56983230000.00,55092692000.00,53581825000.00,53022707000.00,51072261000.00,49019594000.00,46834346000.00,44973819000.00,44317832000.00,43048705000.00,41836711000.00,40974684000.00,40062952000.00,38871485000.00,37924803000.00,37288601000.00,35844829000.00,35112546000.00,33359182000.00,306696000.00,31544017000.00,300567000.00,297608000.00,340552000.00,337239000.00,334000000.00,25339329000.00,327740000.00,313079000.00,317957000.00,316468000.00,287697000.00,262874000.00,272732000.00,258462000.00,272629000.00,255018000.00,439614000.00,257225000.00,347942000.00,441647000.00,269292000.00,431477000.00,738104000.00,812106000.00,640526000.00,424374000.00,345144000.00,442730000.00,302736000.00,332642000.00,305956000.00,408285000.00,54145000.00,171942000.00,84846000.00,158467000.00,44376000.00,286439000.00,36667000.00,40000000.00,46667000.00,50000000.00,44000000.00,44000000.00,44000000.00,32100000.00,32100000.00,20600000.00,
negativeGoodwill,,,,,,,,,,,,,,,,,,,,,,,,,,,,,,,,,,,,,,,,,,,,,,,,,,,,,,,,,,,,,,,,,,,,,,,,,,,,,,,,,,,,,,,,,,,,,,,
warrants,,,,,,,,,,,,,,,,,,,,,,,,,,,,,,,,,,,,,,,,,,,,,,,,,,,,,,,,,,,,,,,,,,,,,,,,,,,,,,,,,,,,,,,,,,,,,,,
preferredStockRedeemable,,,,,,,,,,,,,,,,,,,,,,,,,,,,,,,,,,,,,,,,,,,,,,,,,,,,,,,,,,,,,,,,,,,,,,,,,,,,,,,,,,,,,,,,,,,,,,,
capitalSurpluse,,,,,,,,,,1604535000.00,1687669000.00,1681127000.00,1510987000.00,1508171000.00,1215464000.00,1212311000.00,820362000.00,817997000.00,815088000.00,811186000.00,807310000.00,804094000.00,798835000.00,791446000.00,783116000.00,778376000.00,775834000.00,770344000.00,767570000.00,,,630367000.00,626914000.00,524246000.00,,513218000.00,541882000.00,538472000.00,542003000.00,550400000.00,487971000.00,512613000.00,504470000.00,496715000.00,493797000.00,482563000.00,470079000.00,468281000.00,464768000.00,463245000.00,,,,,,,,,,,,,,,,,,,,,,,,,,,,,,,,,,,,,,,,,,,,,
liabilitiesAndStockholdersEquity,76712897000.00,77645425000.00,74495726000.00,73926141000.00,70184997000.00,71663266000.00,74899344000.00,78349109000.00,78317963000.00,73882299000.00,72677666000.00,71389674000.00,68665076000.00,68608296000.00,65549556000.00,69696552000.00,68329993000.00,66371304000.00,64482164000.00,61625564000.00,63448998000.00,61627503000.00,61301324000.00,62030736000.00,60379715000.00,59635590000.00,57548610000.00,56053472000.00,55848221000.00,53721328000.00,51262936000.00,49041163000.00,47128421000.00,46247482000.00,45388715000.00,43989734000.00,42953529000.00,42003696000.00,40544496000.00,39621499000.00,38713147000.00,37288550000.00,36852969000.00,35133478000.00,34597773000.00,33133602000.00,33038533000.00,30874719000.00,29875937000.00,28566771000.00,27834876000.00,26426763000.00,24568425000.00,23421014000.00,22507750000.00,21312004000.00,21296479000.00,18865714000.00,17508622000.00,17087813000.00,17143451000.00,17053269000.00,16557973000.00,16394372000.00,16164120000.00,15800678000.00,15098204000.00,14990123000.00,15013769000.00,14778961000.00,14655318000.00,14042794000.00,13240455000.00,12418835000.00,11662977000.00,11114066000.00,10277968000.00,9968643000.00,9906940000.00,8989177000.00,6634396000.00,6332943000.00,6128971000.00,6042266000.00,5619918000.00,5333678000.00,4392445000.00,4194531000.00,3872297000.00,3015445000.00,2528126000.00,2265252000.00,2105660000.00,1919090000.00,
cashAndShortTermInvestments,42273370000.00,43681114000.00,42333476000.00,41724286000.00,42896043000.00,46611000000.00,51596019000.00,55814925000.00,58422890000.00,58183521000.00,56777466000.00,56634415000.00,54357375000.00,53147427000.00,49537966000.00,53873882000.00,52993121000.00,51387270000.00,49152997000.00,46268123000.00,46951259000.00,46059092000.00,46275132000.00,46807034000.00,45886959000.00,45468698000.00,43278114000.00,41851760000.00,43125067000.00,41418657000.00,39124990000.00,36827416000.00,35921289000.00,34647544000.00,34505254000.00,33154521000.00,31820202000.00,30789867000.00,29002412000.00,27515754000.00,27207517000.00,26302321000.00,26546530000.00,25494103000.00,2397434000.00,1407830000.00,2527113000.00,404952000.00,572314000.00,949484000.00,746737000.00,597766000.00,1264480000.00,1295172000.00,704166000.00,528002000.00,427011000.00,134550000.00,108032000.00,214862000.00,17392000.00,13438000.00,19647000.00,18888000.00,9237000.00,22243000.00,28479000.00,29949000.00,41184000.00,35627000.00,43274000.00,112395000.00,60423000.00,47174000.00,30804000.00,62664000.00,38225000.00,33019000.00,252000000.00,32598000.00,11000000.00,15071000.00,215573000.00,21163000.00,99551000.00,146369000.00,184130000.00,529968000.00,,,,,,,
propertyPlantAndEquipmentGross,,,,,,,,,,,,,,,,,,,,,,,,,,,,,,,,,,,,,,,,,,,,,,,,,,,,,,,,,,,,,,,,,,,,,,,,,,,,,,3432000.00,,1574000.00,,1513000.00,,1675000.00,,,,,,,,,,,
propertyPlantAndEquipmentNet,,,,,,,,,,,,,,,,,,,,,,,,,,,,,,,,,,,,,,,,,,,,,,,,,,,,,,,,,,,,,,,,,,,,,,,,,,,,,3362000.00,3432000.00,3522000.00,1574000.00,1650000.00,1513000.00,1528000.00,1675000.00,1973000.00,1602000.00,1622000.00,1592000.00,1409000.00,1082000.00,1032000.00,1109000.00,1093000.00,1229000.00,
accumulatedDepreciation,,,,,,,,,,,,,,,,,,,,,,,,,,,,,,,,,,,,,,,,,,,,,,,,,,,,,,,,,,,,,,,,,,,,,,,,,,,,,,,,,,,,,,,,,,,,,,,
netWorkingCapital,,,,,,,,,,,,,,,,,,,,,,,,,,,,,,,,,,,,,,,,,,,,,,,,,,,,,,,,,,,,,,,,,,,,,,,,,,,,,,,,,,,,,,,,,,,,,,,
netInvestedCapital,2919663000.00,3439568000.00,3474709000.00,4040021000.00,4081169000.00,4457325000.00,5745985000.00,6897770000.00,6949623000.00,6869926000.00,6502730000.00,7148468000.00,6692271000.00,5635383000.00,4095885000.00,,,,,,,,,,,,,,,,,,,,,,,,,,,,,,,,,,,,,,,,,,,,,,,,,,,,,,,,,,,,,,,,,,,,,,,,,,,,,,,,
commonStockSharesOutstanding,79952000.00,78928000.00,83417000.00,86402000.00,88581138.00,93374738.00,97953000.00,93378000.00,93043660.00,95378663.00,96216000.00,93352000.00,92163000.00,92027000.00,92021000.00,91883000.00,91711000.00,91785000.00,91744000.00,91622000.00,91651000.00,91271000.00,91139000.00,90727000.00,90421000.00,90112000.00,89976000.00,89178000.00,87044000.00,83184000.00,82961000.00,83851000.00,81559000.00,79227000.00,79118000.00,80154000.00,79467000.00,79518000.00,79616000.00,79041000.00,74560000.00,70382000.00,68706000.00,65897000.00,65262000.00,64254000.00,65930309.00,65930309.00,62698000.00,65530000.00,65711000.00,65711000.00,62498054.00,61592000.00,61138000.00,61138000.00,60833000.00,58105000.00,55699704.00,55699704.00,55835000.00,56856919.00,58221403.00,57825882.00,59773593.00,60309012.00,58394118.00,58394118.00,58856250.00,60438028.00,56757143.00,56757143.00,42135294.00,42179310.00,43200000.00,43200000.00,41196154.00,41548000.00,38093333.00,41748000.00,18729412.00,18773529.00,19465217.00,17908000.00,18131250.00,18482609.00,18100000.00,18454545.00,19123529.00,16100000.00,16100000.00,19722222.00,18860000.00,16500000.00,
investments,,-223196000.00,804501000.00,-177889000.00,876691000.00,659071000.00,-2446238000.00,-6461576000.00,557154000.00,32947000.00,124453000.00,4506662000.00,-216035000.00,315494000.00,958596000.00,-149475000.00,-954227000.00,-1026070000.00,-924394000.00,-459044000.00,-1250391000.00,-34383000.00,-660230000.00,-683247000.00,-552339000.00,-833030000.00,-518511000.00,-1010009000.00,,,,-1949696000.00,,,,-749207000.00,-1481072000.00,-89751000.00,-626367000.00,-560413000.00,-941409000.00,-1106310000.00,-1270216000.00,-1708212000.00,85671000.00,-1660254000.00,1154043000.00,,,,,,,,,,,,,,,,,,,,,,,,,,,,,,,,,,,,,,,,,,,,,,,,
changeToLiabilities,,,,,0.00,0.00,0.00,0.00,0.00,-119333000.00,-79923000.00,60595000.00,0.00,0.00,0.00,0.00,29087000.00,-31019000.00,-2716000.00,13290000.00,-14215000.00,-125547000.00,29140000.00,20060000.00,-40823000.00,-27176000.00,-13852000.00,-9191000.00,,,,16064000.00,,,,-35404000.00,5352000.00,-59381000.00,-39526000.00,-38748000.00,24871000.00,-15783000.00,-8826000.00,2716000.00,66430000.00,9112000.00,22174000.00,,,,,,,,,,,,,,,,,,,,,,,,,,,,,,,,,,,,,,,,,,,,,,,,
totalCashflowsFromInvestingActivities,,,,,358186000.00,-188970000.00,-2446238000.00,-7625767000.00,950944000.00,329787000.00,120729000.00,4505862000.00,-149104000.00,-78446000.00,856292000.00,-149475000.00,-954227000.00,-1026070000.00,-925114000.00,-459817000.00,-1251127000.00,-36058000.00,-661329000.00,-684162000.00,-553739000.00,-834122000.00,-519913000.00,-1010334000.00,,,,-1950096000.00,,,,-749782000.00,-1481227000.00,-90173000.00,-626567000.00,-560740000.00,-941742000.00,-1106520000.00,-1270294000.00,-1708572000.00,85566000.00,-1660336000.00,1153852000.00,,,,,,,,,,,,,,,,,,,,,,,,,,,,,,,,,,,,,,,,,,,,,,,,
netBorrowings,,,,,326353000.00,-33083000.00,9393000.00,20674000.00,-24561000.00,-17707000.00,18384000.00,10206000.00,7654000.00,-160205000.00,64506000.00,-102654000.00,48280000.00,-243927000.00,130012000.00,-3304000.00,117958000.00,-135570000.00,114385000.00,-10383000.00,-433308000.00,439036000.00,-10084000.00,24959000.00,,,,4819000.00,,,,-149666000.00,83216000.00,-67121000.00,-86875000.00,-307631000.00,354914000.00,144903000.00,-14070000.00,8103000.00,4435000.00,-6365000.00,-6243000.00,,,,,,,,,,,,,,,,,,,,,,,,,,,,,,,,,,,,,,,,,,,,,,,,
totalCashFromFinancingActivities,,63553000.00,-811361000.00,-629660000.00,-650004000.00,-670142000.00,-228777000.00,-4145917000.00,196537000.00,-45010000.00,1398993000.00,983273000.00,-286026000.00,-182822000.00,-151885000.00,241008000.00,459951000.00,366905000.00,584616000.00,218025000.00,390821000.00,272407000.00,394244000.00,174946000.00,-169226000.00,903134000.00,403468000.00,518970000.00,829222000.00,1006159000.00,1123889000.00,1390522000.00,1357377000.00,1228382000.00,792355000.00,442063000.00,713522000.00,528316000.00,360047000.00,265094000.00,1016624000.00,849664000.00,514230000.00,625017000.00,574813000.00,498350000.00,510589000.00,847563000.00,769715000.00,627260000.00,890690000.00,1086050000.00,741164000.00,632501000.00,305962000.00,-31218000.00,631766000.00,862842000.00,346929000.00,-122071000.00,171486000.00,438468000.00,374048000.00,155049000.00,162193000.00,487615000.00,59064000.00,-260780000.00,-23405000.00,215116000.00,547277000.00,770669000.00,480802000.00,701580000.00,470024000.00,639089000.00,158169000.00,582996000.00,51603000.00,356139000.00,179886000.00,253228000.00,-166259000.00,490191000.00,320842000.00,337607000.00,194863000.00,599824000.00,565803000.00,342715000.00,158263000.00,157102000.00,279135000.00,152163000.00,194863000.00
changeToOperatingActivities,,,,,355075000.00,-271174000.00,-283484000.00,3214615000.00,-334949000.00,-118779000.00,128352000.00,545609000.00,230723000.00,385996000.00,-1630061000.00,550713000.00,-21909000.00,385534000.00,,,,,,,,,,,,,,,,,,,,,,,,,,,,,,,,,,,,,,,,,,,,,,,,,,,,,,,,,,,,,,,,,,,,,,,,,,,,,
changeInCash,,2222805000.00,858183000.00,111537000.00,520907000.00,-646674000.00,-2575083000.00,-8175811000.00,1160528000.00,437140000.00,1991603000.00,6438890000.00,247997000.00,575536000.00,-460293000.00,1154655000.00,-77230000.00,100077000.00,771494000.00,-784846000.00,-130480000.00,535938000.00,-710261000.00,148383000.00,-289251000.00,402165000.00,381482000.00,-21548000.00,-734227000.00,839864000.00,309428000.00,-125865000.00,-210200000.00,440050000.00,-407750000.00,-87286000.00,-675733000.00,785361000.00,-218357000.00,-37402000.00,188042000.00,-135208000.00,-386448000.00,-1128889000.00,989604000.00,-1119283000.00,2122161000.00,-167362000.00,-377170000.00,202747000.00,148971000.00,-66753000.00,-180856000.00,141209000.00,176164000.00,278140000.00,115312000.00,26518000.00,-106830000.00,197470000.00,3954000.00,-6209000.00,759000.00,9651000.00,-13006000.00,-6236000.00,-1470000.00,-11235000.00,5557000.00,-7647000.00,-69121000.00,51972000.00,13249000.00,16370000.00,-35738000.00,24439000.00,5206000.00,-219289000.00,219710000.00,21593000.00,-4066000.00,-200502000.00,194410000.00,-78388000.00,-46818000.00,-44875000.00,-345838000.00,353283000.00,-238324000.00,239285000.00,70323000.00,82822000.00,18114000.00,-1417000.00,-345838000.00
beginPeriodCashFlow,5000657000.00,2777852000.00,1919669000.00,1808132000.00,1287225000.00,1933899000.00,4508982000.00,12684793000.00,11524265000.00,11087125000.00,9095522000.00,2656632000.00,2408635000.00,1833099000.00,2293392000.00,1138737000.00,1215967000.00,1115890000.00,344396000.00,1129242000.00,1259722000.00,723784000.00,1434045000.00,1285662000.00,1574913000.00,1172748000.00,791266000.00,812814000.00,1547041000.00,707177000.00,397749000.00,523614000.00,733814000.00,293764000.00,701514000.00,788800000.00,1464533000.00,679172000.00,897529000.00,934931000.00,746889000.00,882097000.00,1268545000.00,2397434000.00,1407830000.00,2527113000.00,404952000.00,572314000.00,949484000.00,746737000.00,597766000.00,664519000.00,845375000.00,704166000.00,528002000.00,249862000.00,134550000.00,108032000.00,214862000.00,17392000.00,13438000.00,19647000.00,18888000.00,9237000.00,22243000.00,28479000.00,29949000.00,41184000.00,35627000.00,43274000.00,112395000.00,60423000.00,47174000.00,30804000.00,66542000.00,38225000.00,33019000.00,252308000.00,32598000.00,11005000.00,15071000.00,215573000.00,21163000.00,99551000.00,146369000.00,191244000.00,529968000.00,176685000.00,415009000.00,175724000.00,105401000.00,22579000.00,4465000.00,5882000.00,529968000.00
endPeriodCashFlow,,5000657000.00,2777852000.00,1919669000.00,1808132000.00,1287225000.00,1933899000.00,4508982000.00,12684793000.00,11524265000.00,11087125000.00,9095522000.00,2656632000.00,2408635000.00,1833099000.00,2293392000.00,1138737000.00,1215967000.00,1115890000.00,344396000.00,1129242000.00,1259722000.00,723784000.00,1434045000.00,1285662000.00,1574913000.00,1172748000.00,791266000.00,812814000.00,1547041000.00,707177000.00,397749000.00,523614000.00,733814000.00,293764000.00,701514000.00,788800000.00,1464533000.00,679172000.00,897529000.00,934931000.00,746889000.00,882097000.00,1268545000.00,2397434000.00,1407830000.00,2527113000.00,404952000.00,572314000.00,949484000.00,746737000.00,597766000.00,664519000.00,845375000.00,704166000.00,528002000.00,249862000.00,134550000.00,108032000.00,214862000.00,17392000.00,13438000.00,19647000.00,18888000.00,9237000.00,22243000.00,28479000.00,29949000.00,41184000.00,35627000.00,43274000.00,112395000.00,60423000.00,47174000.00,30804000.00,62664000.00,38225000.00,33019000.00,252308000.00,32598000.00,11005000.00,15071000.00,215573000.00,21163000.00,99551000.00,146369000.00,184130000.00,529968000.00,176685000.00,415009000.00,175724000.00,105401000.00,22579000.00,4465000.00,184130000.00
totalCashFromOperatingActivities,,2382448000.00,865043000.00,919086000.00,812725000.00,212438000.00,99932000.00,3595873000.00,13047000.00,152363000.00,471881000.00,949755000.00,683127000.00,836804000.00,-1164700000.00,1063122000.00,417046000.00,759242000.00,1111992000.00,-543054000.00,729826000.00,299589000.00,-443176000.00,657599000.00,433714000.00,333153000.00,497927000.00,469816000.00,522126000.00,280768000.00,141612000.00,433709000.00,-194402000.00,405712000.00,-140215000.00,220433000.00,91972000.00,347218000.00,48163000.00,258244000.00,113160000.00,121648000.00,369616000.00,-45334000.00,329225000.00,42703000.00,457720000.00,177752000.00,-85506000.00,-54164000.00,239709000.00,284763000.00,121438000.00,-165022000.00,179296000.00,257387000.00,163153000.00,36445000.00,59566000.00,73326000.00,40967000.00,54078000.00,54869000.00,78944000.00,22198000.00,19590000.00,-37431000.00,49117000.00,25681000.00,11018000.00,-28759000.00,24642000.00,-3716000.00,-36959000.00,-1564000.00,20629000.00,2166000.00,23528000.00,61995000.00,38477000.00,6306000.00,32797000.00,30312000.00,-8925000.00,-3684000.00,-17189000.00,37913000.00,-50633000.00,-54129000.00,49099000.00,4972000.00,-4233000.00,-16722000.00,-28730000.00,37913000.00
issuanceOfCapitalStock,,,,1117000.00,19000.00,1304000.00,251538000.00,0.00,306000.00,154000.00,,,,,,,,,,,,,,,,,,,,,,,,,,,,,,,,,,,,,,,,,,,,,,,,,,,,,,,,,,,,,,,,,,,,,,,,,,,,,,,,,,,,,
depreciation,,896000.00,3025000.00,1340000.00,2581000.00,8014000.00,2250000.00,1542000.00,1214000.00,1253000.00,1518000.00,1342000.00,1372000.00,1403000.00,1082000.00,1205000.00,947000.00,967000.00,949000.00,890000.00,880000.00,804000.00,900000.00,1155000.00,832000.00,1004000.00,957000.00,879000.00,1255000.00,870000.00,875000.00,877000.00,1215000.00,1251000.00,1267000.00,1912000.00,2180000.00,2398000.00,3000000.00,4090000.00,4929000.00,4749000.00,4607000.00,4435000.00,4819000.00,127103000.00,120118000.00,-87523000.00,4821000.00,-1038000.00,-14871000.00,-262030000.00,48442000.00,3316000.00,29613000.00,44652000.00,-1616000.00,14714000.00,36163000.00,8746000.00,19938000.00,49502000.00,51010000.00,-88574000.00,-45887000.00,-9058000.00,-41324000.00,-36682000.00,-54081000.00,-32061000.00,-24312000.00,-33164000.00,-26086000.00,-10943000.00,-48159000.00,28956000.00,-34002000.00,-35554000.00,-29124000.00,17126000.00,-30185000.00,-41979000.00,-43929000.00,-121365000.00,9796000.00,10730000.00,8619000.00,8703000.00,5358000.00,360000.00,-1271000.00,4372000.00,5346000.00,127000.00,8619000.00
otherCashflowsFromInvestingActivities,,,,,11270000.00,-115326000.00,95024000.00,318547000.00,387809000.00,571610000.00,234932000.00,53948000.00,35454000.00,-98528000.00,139313000.00,102812000.00,-86763000.00,-42377000.00,,,,,,,,,,,,,,,,,,,,,,,,,,,,,,,,,,,,,,,,,,,,,,,,,,,,,,,,,,,,,,,,,,,,,,,,,,,,,
dividendsPaid,,10919000.00,10919000.00,41486000.00,10918000.00,10919000.00,10919000.00,42369000.00,10918000.00,10919000.00,10919000.00,43863000.00,5950000.00,5950000.00,6611000.00,27304000.00,,,,25265000.00,,,,23152000.00,,,,21114000.00,,,,17946000.00,,,,15015000.00,,,,12643000.00,,,,9203000.00,,,,6916000.00,,,,150998000.00,,,,362520000.00,,,,26708000.00,222022000.00,64633000.00,197389000.00,45196000.00,89913000.00,,,,,,,,,,,,,,,352000.00,,,,,,,,,,,,,,,
changeToInventory,,,,,,,,,,,,,,,,,,,,,,,,,,,,,,,,,,,,,,,,,,,,,,,,,,,,,,,,,,,,-88790000.00,,,,-107018000.00,-94326000.00,-129117000.00,-166838000.00,-64203000.00,-82269000.00,-130426000.00,-157967000.00,-215006000.00,-134653000.00,-177931000.00,-137971000.00,-124520000.00,-69408000.00,-49867000.00,-672000.00,-60098000.00,-47410000.00,-15950000.00,-6731000.00,,,,,,,,,,,,
changeToAccountReceivables,,,,,,,,,,,,,,,,,,,,,,,,,,,,,,,,,,,,,,,,,,,,,,,,,,,,,,,,,,,,8997000.00,,,-8997000.00,10683000.00,-13572000.00,5915000.00,-10231000.00,6190000.00,-11686000.00,-2577000.00,-6881000.00,-4855000.00,-15171000.00,4665000.00,-9735000.00,7103000.00,-7379000.00,-6041000.00,2251000.00,-4338000.00,-14026000.00,12345000.00,6283000.00,,,,,,,,,,,,
salePurchaseOfStock,,-168000.00,-296824000.00,-44099000.00,-154088000.00,-188984000.00,-179396000.00,99415000.00,-1340000.00,-95077000.00,-2998000.00,-83644000.00,32000.00,290711000.00,186105000.00,390172000.00,394000.00,-94000.00,112000.00,1314000.00,863000.00,2988000.00,4516000.00,389714000.00,3673000.00,901000.00,3717000.00,994000.00,,,,48224000.00,,,,3643000.00,1997000.00,1948000.00,6093000.00,5864000.00,13616000.00,5181000.00,7103000.00,1686000.00,2993000.00,341000.00,721000.00,-471000.00,-7000.00,-6000.00,,-1174000.00,,,-50000.00,34000.00,,,-34000.00,-14000.00,-7678000.00,-2746000.00,-16627000.00,-2825000.00,-7093000.00,,,,,,,,,,,,,,,9314000.00,-412000.00,-8902000.00,,,,,-153000.00,-24000.00,,,25000.00,-44000.00,-202000.00,-398000.00,-153000.00
otherCashflowsFromFinancingActivities,,76514000.00,-498112000.00,-543317000.00,-485017000.00,-471543000.00,-290000000.00,-4103548000.00,209101000.00,60832000.00,1407904000.00,855907000.00,-280108000.00,-177323000.00,-251184000.00,267033000.00,459557000.00,366999000.00,584504000.00,241976000.00,389958000.00,269419000.00,389728000.00,215899000.00,240353000.00,902233000.00,399751000.00,539090000.00,694341000.00,1006120000.00,1120149000.00,1407189000.00,1299654000.00,1227072000.00,788266000.00,537837000.00,711525000.00,591462000.00,408537000.00,450141000.00,1018008000.00,844483000.00,507127000.00,624202000.00,571820000.00,498009000.00,509868000.00,900976000.00,769516000.00,626063000.00,887638000.00,1391462000.00,890305000.00,637811000.00,305479000.00,332222000.00,631806000.00,863869000.00,347991000.00,-65004000.00,403589000.00,517856000.00,608786000.00,206509000.00,260165000.00,488411000.00,60035000.00,-260928000.00,-23021000.00,215904000.00,547924000.00,600500000.00,472653000.00,705569000.00,470990000.00,647046000.00,158169000.00,668421000.00,153655000.00,371488000.00,239625000.00,354464000.00,83138000.00,493525000.00,324175000.00,340940000.00,195011000.00,599848000.00,565803000.00,342681000.00,158054000.00,156884000.00,277830000.00,152558000.00,195011000.00
changeToNetincome,,,,,-199900000.00,-148608000.00,-554547000.00,350235000.00,132180000.00,414627000.00,-187181000.00,-41757000.00,-1255349000.00,879952000.00,73792000.00,81371000.00,513688000.00,327823000.00,459109000.00,456493000.00,163165000.00,178421000.00,49990000.00,-250080000.00,494187000.00,349095000.00,443423000.00,170129000.00,,,,411242000.00,,,,247973000.00,98556000.00,332217000.00,205968000.00,112131000.00,98983000.00,-166871000.00,431365000.00,-67647000.00,399850000.00,97798000.00,528691000.00,,,,,,,,,,,,,,,,,,,,,,,,,,,,,,,,,,,,,,,,,,,,,,,,
capitalExpenditures,0,9375000,4192000,6746000,25888000,5903000,2424000,3049000,5272000,6064000,3724000,800000,816000,1514000,10110000,874000,1748000,680000,720000,773000,736000,1675000,1099000,915000,1400000,1092000,1402000,325000,366000,262000,244000,400000,321000,297000,295000,575000,155000,422000,200000,327000,333000,210000,78000,360000,105000,82000,191000,622000,1091000,896000,2656000,24000,357000,4381000,604000,1970000,260000,508000,233000,165000,80000,35000,61000,14000,115000,66000,502000,190000,107000,40000,41000,742000,3460000,517000,291000,271000,197000,195000,2238000,162000,382000,212000,73000,90000,583000,283000,233000,398000,524000,215000,101000,202000,48000,73000,233000
changeReceivables,,,,,,,,,,12719000.00,-12030000.00,-94923000.00,-2357000.00,22377000.00,159000.00,24465000.00,-16627000.00,16800000.00,-28735000.00,13270000.00,-34449000.00,6969000.00,-25511000.00,10174000.00,-22700000.00,7662000.00,-26371000.00,8223000.00,,,,13418000.00,,,,13656000.00,-36174000.00,18777000.00,-21177000.00,5913000.00,-19862000.00,10649000.00,-36508000.00,15042000.00,-32231000.00,-8022000.00,-7685000.00,,,,,,,,,,,,,,,,,,,,,,,,,,,,,,,,,,,,,,,,,,,,,,,,
cashFlowsOtherOperating,,,,,,,,,,-170707000.00,131918000.00,1980172000.00,165891000.00,325979000.00,-1658085000.00,504660000.00,-129769000.00,244849000.00,630469000.00,-1064381000.00,302837000.00,-51452000.00,-885721000.00,675534000.00,-94904000.00,-113464000.00,-114972000.00,-123644000.00,,,,-200289000.00,,,,-120833000.00,-116013000.00,-106375000.00,-95380000.00,-44096000.00,-134975000.00,-136857000.00,-115818000.00,-138676000.00,-123901000.00,-126053000.00,-111734000.00,,,,,,,,,,,,,,,,,,,,,,,,,,,,,,,,,,,,,,,,,,,,,,,,
exchangeRateChanges,,,,,,,,,,,,,,,,,,,,,,,,,,,,,,,,,,,,,,,,,,,,,,,,,,,,,,,,,,,,,,,,,,,,,,,,,,,,,,,,,,,,,,,,,,,,,,,
cashAndCashEquivalentsChanges,,,,,,,,,,437140000.00,1991603000.00,3828918000.00,247997000.00,575536000.00,-460293000.00,1154655000.00,-77230000.00,100077000.00,771494000.00,-784846000.00,-130480000.00,535938000.00,-710261000.00,148383000.00,-289251000.00,402165000.00,381482000.00,-21548000.00,,,,-125865000.00,,,,-87286000.00,-675733000.00,785361000.00,-218357000.00,-37402000.00,188042000.00,-135208000.00,-386448000.00,-1128889000.00,989604000.00,-1119283000.00,2122161000.00,,,,,,,,,,,,,,,,,,,,,,,,,,,,,,,,,,,,,,,,,,,,,,,,
changeInWorkingCapital,,1998528000.00,411751000.00,462198000.00,332179000.00,-258255000.00,-345856000.00,3063593000.00,-324968000.00,-200133000.00,131595000.00,573812000.00,226325000.00,399850000.00,-1676901000.00,583271000.00,-6868000.00,360750000.00,707863000.00,-936326000.00,342474000.00,-65954000.00,-787579000.00,353337000.00,89633000.00,34227000.00,188645000.00,151886000.00,225802000.00,8159000.00,-91364000.00,220586000.00,-389686000.00,213762000.00,-358897000.00,-11967000.00,-105109000.00,137944000.00,-161010000.00,65980000.00,-41218000.00,-66617000.00,179320000.00,-204616000.00,168734000.00,-130773000.00,299336000.00,73299000.00,-232303000.00,-181647000.00,166993000.00,237153000.00,84185000.00,-201671000.00,100688000.00,-449886000.00,627977000.00,67546000.00,-1280000.00,25802000.00,-12332000.00,126875000.00,-114592000.00,-456331000.00,-3130000.00,8584000.00,-72079000.00,-419617000.00,-3955000.00,-34382000.00,-34705000.00,-619195000.00,10748000.00,-18782000.00,28166000.00,28816000.00,-10256000.00,10369000.00,47615000.00,-968000.00,1673000.00,30047000.00,16423000.00,-10149000.00,14568000.00,-3491000.00,18929000.00,-11298000.00,-32822000.00,63644000.00,80518000.00,-34421000.00,-40502000.00,-29106000.00,12792000.00
stockBasedCompensation,,10973000.00,9904000.00,5119000.00,4288000.00,824000.00,5596000.00,5336000.00,6109000.00,8860000.00,4296000.00,2700000.00,3121000.00,2105000.00,2289000.00,1893000.00,2042000.00,3155000.00,4205000.00,2653000.00,2398000.00,2520000.00,3526000.00,1050000.00,1260000.00,1751000.00,2403000.00,1843000.00,1401000.00,1214000.00,2234000.00,2041000.00,1985000.00,1660000.00,1687000.00,2402000.00,522000.00,583000.00,37000.00,4534000.00,2931000.00,1721000.00,1290000.00,1645000.00,1883000.00,1918000.00,1106000.00,3748000.00,1410000.00,2462000.00,1719000.00,5369000.00,2649000.00,2094000.00,1881000.00,1447000.00,1652000.00,1098000.00,433000.00,1371000.00,392000.00,-70972000.00,21000.00,1193000.00,-56000.00,63812000.00,-63882000.00,294000.00,-66096000.00,-54611000.00,-58955000.00,-56170000.00,-39603000.00,-44531000.00,-48159000.00,-39293000.00,-34342000.00,-35910000.00,-29480000.00,-36154000.00,-30598000.00,-42269000.00,-44205000.00,-42503000.00,-38548000.00,-53539000.00,,753349000.00,,,,,,,
otherNonCashItems,,-83633000.00,637149000.00,458833000.00,110942000.00,11211000.00,-283331000.00,291566000.00,217489000.00,428205000.00,-6726000.00,393353000.00,-393288000.00,759434000.00,194456000.00,184980000.00,387034000.00,375678000.00,440294000.00,343719000.00,214578000.00,271981000.00,200268000.00,272986000.00,283065000.00,306520000.00,255653000.00,137925000.00,327726000.00,250798000.00,319984000.00,158153000.00,74234000.00,80557000.00,232366000.00,203550000.00,123469000.00,175107000.00,253249000.00,139634000.00,119153000.00,20450000.00,160819000.00,127672000.00,188838000.00,27502000.00,39132000.00,140478000.00,168222000.00,130520000.00,96122000.00,312477000.00,-2360000.00,80115000.00,53669000.00,566634000.00,-399521000.00,-6471000.00,629000.00,71012000.00,17896000.00,-53133000.00,32429000.00,635054000.00,71319000.00,-69705000.00,126279000.00,486643000.00,149603000.00,46879000.00,96314000.00,730165000.00,60824000.00,24265000.00,62025000.00,-3084000.00,69045000.00,78410000.00,64468000.00,50213000.00,67991000.00,76374000.00,95199000.00,170647000.00,8676000.00,26214000.00,15090000.00,-802682000.00,-28236000.00,-11842000.00,-74486000.00,25534000.00,18606000.00,-1374000.00,15090000.00
freeCashFlow,,2373073000.00,860851000.00,912340000.00,786837000.00,206535000.00,97508000.00,3592824000.00,7775000.00,146299000.00,468157000.00,948955000.00,682311000.00,835290000.00,-1174810000.00,1062248000.00,415298000.00,758562000.00,1111272000.00,-543827000.00,729090000.00,297914000.00,-444275000.00,656684000.00,432314000.00,332061000.00,496525000.00,469491000.00,521760000.00,280506000.00,141368000.00,433309000.00,-194723000.00,405415000.00,-140510000.00,219858000.00,91817000.00,346796000.00,47963000.00,257917000.00,112827000.00,121438000.00,369538000.00,-45694000.00,329120000.00,42621000.00,457529000.00,177130000.00,-86597000.00,-55060000.00,237053000.00,284787000.00,121081000.00,-169403000.00,178692000.00,255417000.00,162893000.00,35937000.00,59333000.00,73161000.00,40887000.00,54043000.00,54808000.00,78930000.00,22083000.00,19524000.00,-37933000.00,48927000.00,25574000.00,10978000.00,-28800000.00,23900000.00,-7176000.00,-37476000.00,-1855000.00,20358000.00,1969000.00,23333000.00,59757000.00,38315000.00,5924000.00,32585000.00,30239000.00,-8835000.00,-4267000.00,-17472000.00,37680000.00,-51031000.00,-54653000.00,48884000.00,4871000.00,-4435000.00,-16770000.00,-28803000.00,37680000.00
researchDevelopment,,,,,,,,,,,,,,,,,,,,,,,,,,,,,,,,,,,,,,,,,,,,,,,,,,,,,,,,,,,,,,,,,,,,,,,,,,,,,,,,,,,,,,,,,,,,,,,
effectOfAccountingCharges,,,,,,,,,,,,,,,,,,,,,,,,,,,,,,,,,,,,,,,,,,,,,,,,,,,,,,,,,,,,,,,,,,,,,,,,,,,,,,,,,,,,,,,,,,,,,,,
incomeBeforeTax,609805000.00,450798000.00,-191899000.00,-38576000.00,398815000.00,464903000.00,721315000.00,114392000.00,197562000.00,-70426000.00,361219000.00,9935000.00,851754000.00,-315903000.00,270175000.00,280827000.00,51005000.00,23196000.00,-39463000.00,66216000.00,207673000.00,114242000.00,177611000.00,107738000.00,86789000.00,40267000.00,81477000.00,187591000.00,-10978000.00,22737000.00,-69103000.00,52958000.00,148718000.00,126617000.00,9021000.00,50761000.00,104345000.00,55576000.00,-14618000.00,79325000.00,85727000.00,184755000.00,39525000.00,53639000.00,-12445000.00,28660000.00,16135000.00,77438000.00,-20706000.00,27916000.00,48266000.00,13877000.00,31439000.00,-2706000.00,22656000.00,42350000.00,-5067000.00,13881000.00,35000000.00,-14897000.00,17606000.00,7302000.00,75295000.00,-21092000.00,11315000.00,37435000.00,15181000.00,30170000.00,14010000.00,66596000.00,6149000.00,18293000.00,14846000.00,18608000.00,19147000.00,20795000.00,16627000.00,16067000.00,16052000.00,8325000.00,10317000.00,11607000.00,8696000.00,7701000.00,6255000.00,8265000.00,-4437000.00,4818000.00,6776000.00,2295000.00,5031000.00,4464000.00,3243000.00,1879000.00,-4437000.00
minorityInterest,42000.00,217000.00,-103000.00,-361000.00,-1000.00,4000.00,0.00,,,,,,,,,,,,,,,,,,,,,,,,,,,,,,,,,,,,,,,,,,,,,,,,,,,,,,,,,,,,,,,,,,,,,,,,,,,,,,,,,,,,,,,,
sellingGeneralAdministrative,,63387000.00,48252000.00,46629000.00,46185000.00,33060000.00,36187000.00,41714000.00,33733000.00,35755000.00,27953000.00,26862000.00,24966000.00,21832000.00,22155000.00,21620000.00,20170000.00,20874000.00,20219000.00,19689000.00,18291000.00,17547000.00,16387000.00,15291000.00,15693000.00,13282000.00,13777000.00,14540000.00,12111000.00,12754000.00,14074000.00,,,,,,,,,,,,,,,,,,,,,,,,,,,,,,,,,,,,,,,,,,,,,,,,,,,,,,,,,,,,,,,,
sellingAndMarketingExpenses,,,,,,,,,,,,,,,,,,,,,,,,,,,,,,,,,,,,,,,,,,,,,,,,,,,,,,,,,,,,,,,,,,,,,,,,,,,,,,,,,,,,,,,,,,,,,,,
grossProfit,641828000.00,562178000.00,184104000.00,72429000.00,847695000.00,947456000.00,1483328000.00,678747000.00,1022449000.00,736677000.00,1188755000.00,277227000.00,2488464000.00,-248938000.00,884756000.00,813804000.00,392564000.00,341406000.00,195418000.00,223740000.00,778098000.00,754882000.00,954864000.00,836689000.00,665858000.00,618619000.00,675552000.00,671684000.00,460523000.00,238676000.00,124917000.00,327251000.00,517192000.00,635827000.00,336660000.00,458729000.00,634986000.00,575489000.00,337778000.00,633486000.00,516938000.00,823079000.00,352387000.00,375799000.00,467765000.00,174077000.00,578016000.00,355175000.00,-46674000.00,278313000.00,435421000.00,369764000.00,367269000.00,50911000.00,334425000.00,388531000.00,328953000.00,261671000.00,168226000.00,40783000.00,70312000.00,101373000.00,38400000.00,62401000.00,177686000.00,275282000.00,162055000.00,271417000.00,249821000.00,111951000.00,212615000.00,129991000.00,152327000.00,132029000.00,90949000.00,172065000.00,91313000.00,103046000.00,106359000.00,103846000.00,95907000.00,126949000.00,80010000.00,71288000.00,67719000.00,44028000.00,48767000.00,34266000.00,52892000.00,21881000.00,31359000.00,33839000.00,29096000.00,20321000.00,
reconciledDepreciation,,896000.00,3025000.00,1340000.00,2581000.00,8014000.00,2250000.00,1542000.00,1214000.00,1253000.00,1518000.00,1342000.00,1372000.00,1403000.00,1082000.00,1205000.00,947000.00,967000.00,949000.00,890000.00,880000.00,804000.00,900000.00,1155000.00,832000.00,1004000.00,957000.00,879000.00,1255000.00,870000.00,875000.00,877000.00,1215000.00,1251000.00,1267000.00,1912000.00,2180000.00,2398000.00,3000000.00,4090000.00,4929000.00,4749000.00,4607000.00,4435000.00,4819000.00,,,,4821000.00,,,,48442000.00,3316000.00,29613000.00,44652000.00,-1616000.00,14714000.00,36163000.00,8746000.00,19938000.00,49502000.00,51010000.00,-88574000.00,-45887000.00,-9058000.00,-41324000.00,-36682000.00,-54081000.00,-32061000.00,-24312000.00,-33164000.00,-26086000.00,-10943000.00,-48159000.00,28956000.00,-34002000.00,-35554000.00,-29124000.00,17126000.00,-30185000.00,-41979000.00,-43929000.00,-121365000.00,9796000.00,10730000.00,8619000.00,8703000.00,5358000.00,360000.00,-1271000.00,4372000.00,5346000.00,127000.00,8619000.00
ebit,,361741000.00,-121634000.00,132869000.00,702354000.00,707569000.00,1101719000.00,696797000.00,1022453000.00,750275000.00,845533000.00,343563000.00,1435612000.00,-67202000.00,678367000.00,690376000.00,561640000.00,284736000.00,107678000.00,332333000.00,631080000.00,552445000.00,701708000.00,748878000.00,598916000.00,524963000.00,511674000.00,436258000.00,278105000.00,143946000.00,38616000.00,228554000.00,372541000.00,443159000.00,302201000.00,421370000.00,545545000.00,435495000.00,315846000.00,477294000.00,429694000.00,530578000.00,275591000.00,882071000.00,-2069000.00,-978000.00,-2881000.00,93736000.00,-9234000.00,-2229000.00,-6571000.00,-478033000.00,199339000.00,234501000.00,227861000.00,190701000.00,77532000.00,93531000.00,43726000.00,-5795000.00,42032000.00,17697000.00,87627000.00,-7321000.00,25791000.00,50166000.00,28870000.00,45404000.00,34978000.00,87058000.00,24152000.00,30932000.00,23416000.00,28035000.00,27760000.00,26141000.00,20883000.00,20004000.00,19613000.00,21625000.00,11073000.00,10984000.00,8688000.00,7635000.00,5891000.00,8662000.00,-4536000.00,5251000.00,7149000.00,3063000.00,4576000.00,4236000.00,2987000.00,977000.00,
ebitda,504768000.00,362637000.00,-121737000.00,134209000.00,704935000.00,715583000.00,1103969000.00,698339000.00,1023667000.00,751528000.00,847051000.00,344905000.00,1436984000.00,-65799000.00,679449000.00,691581000.00,562587000.00,285703000.00,108627000.00,333223000.00,631960000.00,553249000.00,702608000.00,750033000.00,599748000.00,525967000.00,512631000.00,437137000.00,279360000.00,144816000.00,39491000.00,229431000.00,373756000.00,444410000.00,303468000.00,423282000.00,547725000.00,437893000.00,318846000.00,481384000.00,434623000.00,535327000.00,280198000.00,886506000.00,2750000.00,39295000.00,26716000.00,88915000.00,-4413000.00,39230000.00,59643000.00,-559404000.00,247781000.00,237817000.00,257474000.00,235353000.00,75916000.00,108245000.00,79889000.00,2951000.00,48792000.00,67199000.00,138637000.00,-95895000.00,-20096000.00,41108000.00,-12454000.00,8722000.00,-19103000.00,54997000.00,-160000.00,-2232000.00,-2670000.00,17092000.00,-20399000.00,55097000.00,-13119000.00,-15550000.00,-9511000.00,38751000.00,-19112000.00,-30995000.00,-35241000.00,-113730000.00,15687000.00,19392000.00,4083000.00,13954000.00,12507000.00,3423000.00,3305000.00,8608000.00,8333000.00,1104000.00,
depreciationAndAmortization,,896000.00,-103000.00,1340000.00,2581000.00,8014000.00,2250000.00,1542000.00,1214000.00,1253000.00,1518000.00,1342000.00,1372000.00,1403000.00,1082000.00,1205000.00,947000.00,967000.00,949000.00,890000.00,880000.00,804000.00,900000.00,1155000.00,832000.00,1004000.00,957000.00,879000.00,1255000.00,870000.00,875000.00,877000.00,1215000.00,1251000.00,1267000.00,1912000.00,2180000.00,2398000.00,3000000.00,4090000.00,4929000.00,4749000.00,4607000.00,4435000.00,4819000.00,40273000.00,29597000.00,-4821000.00,4821000.00,41459000.00,66214000.00,-81371000.00,48442000.00,3316000.00,29613000.00,44652000.00,-1616000.00,14714000.00,36163000.00,8746000.00,6760000.00,49502000.00,51010000.00,-88574000.00,-45887000.00,-9058000.00,-41324000.00,-36682000.00,-54081000.00,-32061000.00,-24312000.00,-33164000.00,-26086000.00,-10943000.00,-48159000.00,28956000.00,-34002000.00,-35554000.00,-29124000.00,17126000.00,-30185000.00,-41979000.00,-43929000.00,-121365000.00,9796000.00,10730000.00,8619000.00,8703000.00,5358000.00,360000.00,-1271000.00,4372000.00,5346000.00,127000.00,8619000.00
nonOperatingIncomeNetOther,,,,,,,,,,,,,,,,,,,,,,,,,,,,,,,,,,,,,,,,,,,,,,,,,,,,,,,,,,,,,,,,,,,,,,,,,,,,,,,,,,,,,,,,,,,,,,,
operatingIncome,504768000.00,362637000.00,-121634000.00,132869000.00,702354000.00,707569000.00,1101719000.00,696797000.00,1022453000.00,750275000.00,845533000.00,343563000.00,1435612000.00,-67202000.00,678367000.00,690376000.00,561640000.00,284736000.00,107678000.00,332333000.00,631080000.00,552445000.00,701708000.00,748878000.00,598916000.00,524963000.00,511674000.00,436258000.00,278105000.00,143946000.00,38616000.00,228554000.00,372541000.00,443159000.00,302201000.00,421370000.00,545545000.00,435495000.00,315846000.00,477294000.00,429694000.00,530578000.00,275591000.00,882071000.00,-2069000.00,39295000.00,26716000.00,88915000.00,-9234000.00,39230000.00,59643000.00,-559404000.00,199339000.00,234501000.00,227861000.00,190701000.00,77532000.00,93531000.00,43726000.00,-5795000.00,28854000.00,17697000.00,87627000.00,-7321000.00,25791000.00,50166000.00,28870000.00,45404000.00,34978000.00,87058000.00,24152000.00,30932000.00,23416000.00,28035000.00,27760000.00,26141000.00,20883000.00,20004000.00,19613000.00,21625000.00,11073000.00,10984000.00,8688000.00,7635000.00,5891000.00,8662000.00,-4536000.00,5251000.00,7149000.00,3063000.00,4576000.00,4236000.00,2987000.00,977000.00,
otherOperatingExpenses,108653000.00,187077000.00,450007000.00,350621000.00,508412000.00,542476000.00,820133000.00,808067000.00,881405000.00,872153000.00,883401000.00,450928000.00,1679448000.00,108916000.00,658207000.00,687130000.00,380113000.00,355636000.00,273860000.00,286825000.00,602349000.00,673180000.00,808493000.00,840642000.00,607851000.00,604316000.00,621654000.00,586324000.00,496634000.00,242762000.00,220850000.00,370511000.00,392971000.00,534078000.00,348761000.00,489552000.00,551257000.00,540800000.00,371481000.00,646076000.00,451869000.00,663175000.00,332382000.00,417655000.00,516380000.00,164319000.00,583594000.00,345266000.00,10065000.00,267031000.00,404629000.00,470502000.00,352043000.00,70319000.00,327754000.00,346181000.00,347981000.00,264670000.00,147690000.00,108313000.00,66196000.00,106171000.00,24177000.00,83493000.00,177953000.00,251930000.00,158285000.00,281665000.00,245338000.00,55286000.00,216646000.00,147594000.00,146129000.00,123154000.00,79947000.00,151270000.00,82818000.00,94653000.00,98860000.00,121139000.00,92571000.00,121970000.00,77513000.00,85222000.00,67065000.00,42424000.00,70275000.00,34946000.00,46116000.00,19586000.00,26328000.00,29375000.00,25853000.00,18442000.00,70275000.00
interestExpense,207029000.00,134952000.00,70265000.00,171806000.00,132207000.00,242662000.00,380404000.00,582405000.00,824891000.00,820701000.00,484314000.00,333628000.00,583858000.00,248701000.00,408192000.00,409549000.00,510635000.00,261540000.00,147141000.00,266117000.00,423407000.00,438203000.00,524097000.00,641140000.00,512127000.00,484696000.00,430197000.00,248667000.00,289083000.00,121209000.00,107719000.00,175596000.00,223823000.00,316542000.00,293180000.00,370609000.00,441200000.00,379919000.00,330464000.00,405868000.00,343967000.00,345823000.00,236066000.00,300471000.00,10376000.00,10635000.00,10581000.00,11477000.00,11472000.00,11314000.00,11377000.00,573281000.00,167900000.00,237207000.00,205205000.00,148351000.00,82599000.00,7673000.00,8726000.00,9102000.00,61635000.00,10395000.00,12332000.00,13771000.00,14476000.00,12731000.00,13689000.00,15234000.00,20968000.00,20462000.00,18003000.00,12639000.00,11070000.00,9427000.00,8613000.00,5346000.00,4256000.00,3937000.00,3561000.00,9060000.00,1274000.00,1238000.00,1853000.00,1795000.00,1496000.00,2259000.00,1763000.00,2295000.00,2235000.00,3429000.00,1407000.00,1634000.00,1606000.00,960000.00,1763000.00
taxProvision,133691000.00,95652000.00,-36008000.00,-20478000.00,86214000.00,104327000.00,155092000.00,21255000.00,44697000.00,-15732000.00,78535000.00,1193000.00,184554000.00,-68474000.00,27228000.00,60677000.00,13645000.00,4606000.00,-9453000.00,,,,,,,,,,,,,,,,,,,,,,,,,,,,,,,,,,,,,,,,,,,,,,,,,,,,,,,,,,,,,,,,,,,,,,,,,,,,
interestIncome,,,,,,,,,,,,,,,400219000.00,399514000.00,500285000.00,251103000.00,136674000.00,,,,,,,,,,,,,,,,,,,,,,,,,,,,,,,,,,,,,,,,,,,,,,,,,,,,,,,,,,,,,,,,,,,,,,,,,,,,
netInterestIncome,-207029000.00,-134952000.00,-70265000.00,-171806000.00,-132207000.00,-242662000.00,-380404000.00,-582405000.00,-824891000.00,-820701000.00,-484314000.00,-333628000.00,-583858000.00,-248701000.00,-408192000.00,-409549000.00,-510635000.00,-261540000.00,-147141000.00,,,,,,,,,,,,,,,,,,,,,,,,,,,,,,,,,,,,,,,,,,,,,,,,,,,,,,,,,,,,,,,,,,,,,,,,,,,,
extraordinaryItems,,,,,,,,,,,,,,,,,,,,,,,,,,,,,,,,,,,,,,,,,,,,,,,,,,,,,,,,,,,,,,,,,,,,,,,,,,,,,,,,,,,,,,,,,,,,,,,
nonRecurring,,,,,,,,,,,,,,,,,,,,,,,,,,,,,,,,,,,,,,,,,,,,,,,,,,,,,,,,,,,,,,,,,,,,,,,,,,,,,,,,,,,,,,,,,,,,,,,
otherItems,,,,,,,,,,,,,,,,,,,,,,,,,,,,,,,,,,,,,,,,,,,,,,,,,,,,,,,,,,,,,,,,,,,,,,,,,,,,,,,,,,,,,,,,,,,,,,,
incomeTaxExpense,133691000.00,95652000.00,-36008000.00,-20478000.00,86214000.00,104327000.00,155092000.00,21255000.00,44697000.00,-15732000.00,78535000.00,1193000.00,184554000.00,-68474000.00,27228000.00,60677000.00,13645000.00,4606000.00,-9453000.00,12393000.00,38345000.00,20339000.00,36649000.00,70935000.00,29832000.00,13321000.00,27538000.00,66795000.00,-3558000.00,8029000.00,-24262000.00,19182000.00,51412000.00,43772000.00,3118000.00,19544000.00,36530000.00,18832000.00,-4865000.00,28367000.00,29546000.00,64642000.00,13494000.00,17242000.00,-4616000.00,9901000.00,5664000.00,27739000.00,-7638000.00,9642000.00,16923000.00,4839000.00,10925000.00,-1202000.00,7771000.00,6329000.00,-2089000.00,4869000.00,8525000.00,7245000.00,28608000.00,2535000.00,26143000.00,-8155000.00,3918000.00,12846000.00,5254000.00,10986000.00,4593000.00,23685000.00,2176000.00,7224000.00,5183000.00,6376000.00,6619000.00,7015000.00,5938000.00,5689000.00,5615000.00,4353000.00,3431000.00,3363000.00,2358000.00,2043000.00,1494000.00,2152000.00,-2374000.00,926000.00,1663000.00,117000.00,1114000.00,827000.00,438000.00,6000.00,-2374000.00
totalRevenue,718458000.00,637875000.00,258108000.00,312045000.00,907227000.00,1007379000.00,1541448000.00,922459000.00,1078967000.00,801727000.00,1244620000.00,460863000.00,2531202000.00,-206987000.00,928382000.00,967957000.00,431118000.00,378832000.00,234397000.00,353041000.00,810022000.00,787422000.00,986104000.00,948380000.00,694640000.00,644583000.00,703131000.00,773915000.00,485656000.00,265499000.00,151747000.00,423469000.00,541689000.00,660695000.00,357782000.00,540313000.00,655602000.00,596376000.00,356863000.00,725401000.00,537596000.00,847930000.00,371907000.00,471294000.00,503935000.00,192979000.00,599729000.00,422704000.00,-30771000.00,294947000.00,452895000.00,484379000.00,383482000.00,67613000.00,350410000.00,388531000.00,342914000.00,278551000.00,182690000.00,93416000.00,83802000.00,113473000.00,51118000.00,62401000.00,189268000.00,289365000.00,173466000.00,311835000.00,259348000.00,121882000.00,222795000.00,165887000.00,160975000.00,141762000.00,99094000.00,172065000.00,99445000.00,110720000.00,114912000.00,129464000.00,102888000.00,133577000.00,86209000.00,92923000.00,73320000.00,50689000.00,65838000.00,39764000.00,52892000.00,21881000.00,31359000.00,33839000.00,29096000.00,20321000.00,65838000.00
totalOperatingExpenses,-137060000.00,-199541000.00,-305738000.00,-115432000.00,-145341000.00,-239887000.00,-439729000.00,-97441000.00,4000.00,13598000.00,-343222000.00,-68953000.00,-1052852000.00,181736000.00,-206389000.00,3328918000.00,604943000.00,670181000.00,-87740000.00,1454453000.00,1176187000.00,655329000.00,88539000.00,3784591000.00,877635000.00,794113000.00,899863000.00,2140730000.00,607906000.00,527425000.00,396468000.00,1442255000.00,107697000.00,417054000.00,388005000.00,2090016000.00,440344000.00,650444000.00,427325000.00,2525011000.00,552446000.00,416856000.00,718896000.00,1507995000.00,469451000.00,175055000.00,580897000.00,1106222000.00,-37783000.00,280542000.00,441992000.00,1194844000.00,371259000.00,51437000.00,337648000.00,-45305000.00,373528000.00,267314000.00,181664000.00,25590000.00,-41458000.00,-83676000.00,49227000.00,-547272000.00,-151895000.00,-225116000.00,-133185000.00,-557688000.00,-214843000.00,-24893000.00,-188463000.00,-385126000.00,-128911000.00,-103994000.00,-63189000.00,-264577000.00,-70430000.00,-83042000.00,-86746000.00,-317672000.00,-84834000.00,-115965000.00,-71322000.00,-187175000.00,-61828000.00,-35366000.00,-117719000.00,-29015000.00,-45743000.00,-18818000.00,-26783000.00,-29603000.00,-26109000.00,-19344000.00,
costOfRevenue,76630000.00,75697000.00,74004000.00,239616000.00,59532000.00,59923000.00,58120000.00,243712000.00,56518000.00,65050000.00,55865000.00,183636000.00,42738000.00,41951000.00,43626000.00,154153000.00,38554000.00,37426000.00,38979000.00,129301000.00,31924000.00,32540000.00,31240000.00,111691000.00,28782000.00,25964000.00,27579000.00,102231000.00,25133000.00,26823000.00,26830000.00,96218000.00,24497000.00,24868000.00,21122000.00,81584000.00,20616000.00,20887000.00,19085000.00,91915000.00,20658000.00,24851000.00,19520000.00,95495000.00,36170000.00,18902000.00,21713000.00,67529000.00,15903000.00,16634000.00,17474000.00,114615000.00,16213000.00,16702000.00,15985000.00,,13961000.00,16880000.00,14464000.00,52633000.00,13490000.00,12100000.00,12718000.00,,11582000.00,14083000.00,11411000.00,40418000.00,9527000.00,9931000.00,10180000.00,35896000.00,8648000.00,9733000.00,8145000.00,,8132000.00,7674000.00,8553000.00,25618000.00,6981000.00,6628000.00,6199000.00,21635000.00,5601000.00,6661000.00,17071000.00,5498000.00,,,,,,,
totalOtherIncomeExpenseNet,105079000.00,88378000.00,-70265000.00,-171445000.00,-303539000.00,-242666000.00,-380404000.00,68336000.00,66124000.00,63759000.00,60082000.00,65963000.00,62277000.00,63438000.00,59549000.00,62722000.00,63647000.00,60700000.00,52966000.00,60394000.00,58365000.00,55006000.00,50723000.00,56388000.00,51931000.00,48603000.00,43572000.00,48275000.00,47675000.00,41124000.00,36505000.00,37102000.00,37975000.00,32409000.00,28682000.00,32513000.00,31958000.00,29247000.00,25272000.00,32148000.00,26451000.00,23511000.00,21481000.00,23830000.00,161090000.00,-10635000.00,259161000.00,92269000.00,-333621000.00,-22029000.00,148653000.00,201604000.00,93980000.00,-208737000.00,82015000.00,21947000.00,121507000.00,33592000.00,-57261000.00,-43927000.00,-70425000.00,-73313000.00,-145267000.00,-93912000.00,-10709000.00,98986000.00,-8522000.00,123757000.00,72280000.00,-61582000.00,49328000.00,3895000.00,16038000.00,-1972000.00,-35990000.00,47511000.00,-19696000.00,-4934000.00,5815000.00,27384000.00,6050000.00,33053000.00,-13962000.00,-1285000.00,-12482000.00,-34314000.00,19329000.00,-8903000.00,12365000.00,-9082000.00,455000.00,228000.00,256000.00,902000.00,19329000.00
discontinuedOperations,,,,,,,,,,,,,,,,,,,,,,,,,,,,,,,,,,,,,,,,,,,,,,,,,,,,,,,,,,,,,,,,,,,,,,,,,,,,,,,,,,,,,,,,,,,,,,,
netIncomeFromContinuingOps,476114000.00,355146000.00,-155891000.00,-18098000.00,312601000.00,360576000.00,566223000.00,93137000.00,152865000.00,-54694000.00,282684000.00,8742000.00,667200000.00,-247429000.00,242947000.00,220150000.00,37360000.00,18590000.00,-30010000.00,53823000.00,169328000.00,93903000.00,140962000.00,36803000.00,56957000.00,26946000.00,53939000.00,120796000.00,-7420000.00,,,33776000.00,97306000.00,82845000.00,,31217000.00,67815000.00,36744000.00,-9753000.00,-105314000.00,56181000.00,249397000.00,53019000.00,92779000.00,-7829000.00,18759000.00,10471000.00,,-13068000.00,18274000.00,,,,,,,,,,,,,,,,,,,,,,,,,,,,,,,,,,,,,,,,,,,,,
netIncomeApplicableToCommonShares,,,,,301682000.00,349661000.00,555304000.00,82218000.00,141947000.00,-65613000.00,271765000.00,-6262000.00,661250000.00,-253379000.00,236336000.00,220150000.00,37360000.00,18590000.00,-30010000.00,53823000.00,169328000.00,93903000.00,140962000.00,36803000.00,56957000.00,26946000.00,53939000.00,120796000.00,-7420000.00,,,33776000.00,97306000.00,82845000.00,,31217000.00,67815000.00,36744000.00,-9753000.00,50958000.00,56181000.00,120113000.00,26031000.00,36397000.00,-7829000.00,18759000.00,10471000.00,,-13068000.00,18274000.00,,,,,,,,,,,,,,,,,,,,,,,,,,,,,,,,,,,,,,,,,,,,,
preferredStockAndOtherAdjustments,,,,,,,,,,10919000.00,10919000.00,15004000.00,5950000.00,5950000.00,6611000.00,,,,,,,,,,,,,,,,,,,,,,,,,,,,,,,,,,,,,,,,,,,,,,,,,,,,,,,,,,,,,,,,,,,,,,,,,,,,,,,,
