,2023-09-30,2023-06-30,2023-03-31,2022-12-31,2022-09-30,2022-06-30,2022-03-31,2021-12-31,2021-09-30,2021-06-30,2021-03-31,2020-12-31,2020-09-30,2020-06-30,2020-03-31,2019-12-31,2019-09-30,2019-06-30,2019-03-31,2018-12-31,2018-09-30,2018-06-30,2018-03-31,2017-12-31,2017-09-30,2017-06-30,2017-03-31,2016-12-31,2016-09-30,2016-06-30,2016-03-31,2015-12-31,2015-09-30,2015-06-30,2015-03-31,2014-12-31,2014-09-30,2014-06-30,2014-03-31,2013-12-31,2013-09-30,2013-06-30,2013-03-31,2012-12-31,2012-09-30,2012-06-30,2012-03-31,2011-12-31,2011-09-30,2011-06-30,2011-03-31,2010-12-31,2010-09-30,2010-06-30,2010-03-31,2009-12-31,2009-09-30,2009-06-30,2009-03-31,2008-12-31,2008-09-30,2008-06-30,2008-03-31,2007-12-31,2007-09-30,2007-06-30,2007-03-31,2006-12-31,2006-09-30,2006-06-30,2006-03-31,2005-12-31,2005-09-30,2005-06-30,2005-03-31,2004-12-31,2004-09-30,2004-06-30,2004-03-31,2003-12-31,2003-09-30,2003-06-30,2003-03-31,2002-12-31,2002-09-30,2002-06-30,2002-03-31,2001-12-31,2001-09-30,2001-06-30,2001-03-31,2000-12-31,2000-09-30,2000-06-30,2000-03-31,1999-12-31,1999-09-30,1999-06-30,1999-03-31,1998-12-31,1998-09-30,1998-06-30,1998-03-31,1997-12-31,1997-09-30,1997-06-30
date,2023-09-30,2023-06-30,2023-03-31,2022-12-31,2022-09-30,2022-06-30,2022-03-31,2021-12-31,2021-09-30,2021-06-30,2021-03-31,2020-12-31,2020-09-30,2020-06-30,2020-03-31,2019-12-31,2019-09-30,2019-06-30,2019-03-31,2018-12-31,2018-09-30,2018-06-30,2018-03-31,2017-12-31,2017-09-30,2017-06-30,2017-03-31,2016-12-31,2016-09-30,2016-06-30,2016-03-31,2015-12-31,2015-09-30,2015-06-30,2015-03-31,2014-12-31,2014-09-30,2014-06-30,2014-03-31,2013-12-31,2013-09-30,2013-06-30,2013-03-31,2012-12-31,2012-09-30,2012-06-30,2012-03-31,2011-12-31,2011-09-30,2011-06-30,2011-03-31,2010-12-31,2010-09-30,2010-06-30,2010-03-31,2009-12-31,2009-09-30,2009-06-30,2009-03-31,2008-12-31,2008-09-30,2008-06-30,2008-03-31,2007-12-31,2007-09-30,2007-06-30,2007-03-31,2006-12-31,2006-09-30,2006-06-30,2006-03-31,2005-12-31,2005-09-30,2005-06-30,2005-03-31,2004-12-31,2004-09-30,2004-06-30,2004-03-31,2003-12-31,2003-09-30,2003-06-30,2003-03-31,2002-12-31,2002-09-30,2002-06-30,2002-03-31,2001-12-31,2001-09-30,2001-06-30,2001-03-31,2000-12-31,2000-09-30,2000-06-30,2000-03-31,1999-12-31,1999-09-30,1999-06-30,1999-03-31,1998-12-31,1998-09-30,1998-06-30,1998-03-31,1997-12-31,1997-09-30,1997-06-30
filing_date,2023-09-30,2023-08-03,2023-03-31,2023-03-17,2022-09-30,2022-08-09,2022-03-31,2022-03-18,2021-09-30,2021-06-30,2021-03-31,2021-03-22,2020-09-30,2020-06-30,2020-03-31,2020-03-24,2019-09-30,2019-06-30,2019-03-31,2019-03-22,2018-09-30,2018-06-30,2018-03-31,2018-03-19,2017-09-30,2017-06-30,2017-03-31,2017-03-22,2016-09-30,2016-06-30,2016-03-31,2016-03-14,2015-09-30,2015-06-30,2015-03-31,2015-03-25,2014-09-30,2014-06-30,2014-03-31,2014-03-25,2013-09-30,2013-06-30,2013-03-31,2012-12-31,2012-09-30,2012-06-30,2012-03-31,2011-12-31,2011-09-30,2011-06-30,2011-03-31,2010-12-31,2010-09-30,2010-06-30,2010-03-31,2009-12-31,2009-09-30,2009-06-30,2009-03-31,2008-12-31,2008-09-30,2008-06-30,2008-03-31,2007-12-31,2007-09-30,2007-06-30,2007-03-31,2006-12-31,2006-09-30,2006-06-30,2006-03-31,2005-12-31,2005-09-30,2005-06-30,2005-03-31,2004-12-31,2004-09-30,2004-06-30,2004-03-31,2003-12-31,2003-09-30,2003-06-30,2003-03-31,2002-12-31,2002-09-30,2002-06-30,2002-03-31,2001-12-31,2001-09-30,2001-06-30,2001-03-31,2000-12-31,2000-09-30,2000-06-30,2000-03-31,1999-12-31,1999-09-30,1999-06-30,1999-03-31,1998-12-31,1998-09-30,1998-06-30,1998-03-31,1997-12-31,1997-09-30,1997-06-30
currency_symbol,BRL,BRL,BRL,BRL,BRL,BRL,BRL,BRL,BRL,BRL,BRL,BRL,BRL,BRL,BRL,BRL,BRL,BRL,BRL,BRL,BRL,BRL,BRL,BRL,BRL,BRL,BRL,BRL,BRL,BRL,BRL,BRL,BRL,BRL,BRL,BRL,BRL,BRL,BRL,BRL,BRL,BRL,BRL,BRL,BRL,BRL,BRL,BRL,BRL,BRL,BRL,BRL,BRL,BRL,BRL,BRL,BRL,BRL,BRL,BRL,BRL,BRL,BRL,BRL,BRL,BRL,BRL,BRL,BRL,BRL,BRL,BRL,BRL,BRL,BRL,BRL,BRL,BRL,BRL,BRL,BRL,BRL,BRL,BRL,BRL,BRL,BRL,BRL,BRL,BRL,BRL,BRL,BRL,BRL,BRL,BRL,BRL,BRL,BRL,BRL,BRL,BRL,BRL,BRL,BRL,BRL
totalAssets,137914200000.00,133294400000.00,135466700000.00,137958100000.00,142063954000.00,136633408000.00,127399920000.00,138602500000.00,135133255000.00,124440135000.00,133417831000.00,125196600000.00,127056787000.00,121393008000.00,113687561000.00,101742900000.00,102475317000.00,98738979000.00,96905532000.00,94126100000.00,95691043000.00,90921356000.00,82378945000.00,86851900000.00,83020423000.00,84124011000.00,80733942000.00,83841400000.00,79110196000.00,76656712000.00,80248015000.00,90176300000.00,88043173000.00,74436200000.00,75101200000.00,72143200000.00,65125900000.00,62989000000.00,63297000000.00,68674000000.00,59618974000.00,50982700000.00,48728570000.00,54159900000.00,49391546000.00,48521976000.00,45822291000.00,46139400000.00,45166496000.00,41842844000.00,41698184000.00,42678300000.00,42934285000.00,41063436000.00,40174500000.00,40101000000.00,39253762000.00,40094900000.00,41670600000.00,41813000000.00,34323307668.00,33278572182.06,34209291045.00,35475800000.00,34683193695.50,34693585400.00,34451304878.10,35558964085.00,35475117196.00,32460481434.57,32554500919.62,33471890180.82,33141869887.50,30208776318.00,31271578579.64,33016500000.00,31828726546.39,14068563191.73,14162573290.50,14830100000.00,14138352441.08,11765448280.80,12793467526.20,12381391245.72,12209957737.76,11015581096.20,9952515263.20,11028616633.80,9892333259.50,8594008295.70,8744123312.64,8638819954.46,8245947361.41,8126031812.49,5296422542.40,5425908739.30,5138659530.00,4912432200.00,5229367236.45,4694219460.00,4544175320.00,4376805720.00,4387341900.00,4630060800.00,4400075750.00,4119657850.00
intangibleAssets,9464800000.00,9141400000.00,9250400000.00,9222200000.00,9176199000.00,8552850000.00,7732029000.00,8689000000.00,8205130000.00,7603171000.00,8363842000.00,7580600000.00,8062660000.00,7912013000.00,7842459000.00,6306400000.00,6328636000.00,5881138000.00,5845036000.00,5840600000.00,5752561000.00,4956525000.00,4606773000.00,4674700000.00,4591168000.00,5239605000.00,5098985000.00,5245900000.00,4740515000.00,4800948000.00,5061496000.00,5092200000.00,5057876000.00,4129400000.00,4337900000.00,3754900000.00,3500600000.00,3237900000.00,3188700000.00,3213600000.00,3112286000.00,3139800000.00,2900501000.00,2935400000.00,2611392000.00,2636089000.00,1734097000.00,1763000000.00,1791373000.00,1732448000.00,1807216000.00,1823200000.00,1833822000.00,1915955000.00,1920300000.00,1932600000.00,1922023000.00,2085100000.00,2353400000.00,2492900000.00,441459876.00,433844819.28,415422624.00,8646205000.00,,,,8439321000.00,,,,7176392000.00,,16981619382.00,17711284820.81,6909792000.00,,1770744155.13,,643938000.00,,,,626898582.18,,,,617562272.10,,,,614695022.94,,,,23955951.30,,,,,,,,,,
earningAssets,,,,,,,,,,,,,,,,,,,,,,,,,,,,,,,,,,,,,,,,,,,,,,,,,,,,,,,,,,,,,,,,,,,,,,,,,,,,,,,,,,,,,,,,,,,,,,,,,,,,,,,,,,
otherCurrentAssets,1037700000.00,1290600000.00,1320000000.00,1037900000.00,1290491000.00,1223404000.00,1221750000.00,1082900000.00,1173693000.00,1139967000.00,1024665000.00,850100000.00,825405000.00,975988000.00,1052380000.00,985500000.00,861474000.00,1103052000.00,1105090000.00,1202900000.00,919741000.00,1195149000.00,1291059000.00,24157100000.00,1049532000.00,1251873000.00,1135715000.00,1392200000.00,967338000.00,1182472000.00,1264188000.00,1268000000.00,1292365000.00,1324500000.00,1267900000.00,1388800000.00,,,,1397000000.00,130746000.00,-100000.00,3959000.00,1055300000.00,4516000.00,4216000.00,,400000.00,400000.00,3141000.00,50481000.00,51800000.00,60182000.00,60182000.00,60000000.00,60100000.00,62399000.00,62400000.00,66600000.00,67800000.00,2325511864.00,291751527.92,510006951.00,927500000.00,547631923.30,465078032.80,441247950.00,177671370.00,749118365.50,674542852.20,1345223018.88,689368437.66,998494695.00,925001406.00,982306580.01,339800000.00,697751398.36,756723367.08,591483359.09,255900000.00,963464927.60,711918948.48,743087962.11,420796102.50,630866718.04,571958172.40,438796716.80,536669596.20,477888870.00,430064035.50,385955696.81,246949668.72,436425979.11,502113868.70,300150275.20,213792069.40,281296755.00,117177736.00,538684497.87,201406940.00,292744400.00,,47185500.00,147758400.00,26730200.00,992102400.00
totalLiab,46353000000.00,46928400000.00,49029800000.00,54630300000.00,50512483000.00,49046382000.00,47203479000.00,54584900000.00,46968457000.00,44338329000.00,49787436000.00,50045500000.00,47482642000.00,45860711000.00,41578491000.00,39186900000.00,35453865000.00,35810203000.00,36414895000.00,36578700000.00,35668688000.00,37481815000.00,32610697000.00,86851900000.00,34080745000.00,34391949000.00,32053069000.00,37190200000.00,29946276000.00,30594093000.00,31227909000.00,39842600000.00,37740450000.00,28510400000.00,28988800000.00,28498500000.00,21501800000.00,21040400000.00,23191400000.00,24676600000.00,19933375000.00,18879500000.00,18981298000.00,24236100000.00,20672041000.00,20688674000.00,18277455000.00,20310600000.00,19969762000.00,16819214000.00,17363704000.00,18113400000.00,18589063000.00,16901938000.00,17283000000.00,17804900000.00,17717569000.00,18339200000.00,19592800000.00,20801400000.00,18094969880.00,16602692663.60,16816569590.00,17868600000.00,17412609389.70,16709795406.00,15547444545.30,16115264115.00,15756078180.00,12629161103.79,12878995231.92,13494469942.59,13154648265.00,12962327364.00,14138803860.30,15822300000.00,13889037208.77,9880473317.43,9586009564.52,10325500000.00,9982363875.40,7361947161.60,8078882682.33,8172594823.20,8284678700.52,7458126637.20,6715070837.60,7576313321.40,6202625824.00,5107053498.00,4972953409.76,5049745176.51,4743270274.16,4853515018.37,3430092015.20,3761800316.30,3530310750.00,3316785680.00,3618290729.76,3207408540.00,3111031480.00,2908617680.00,2917087200.00,3010521600.00,2721112450.00,2387246400.00
totalStockholderEquity,90254900000.00,85074600000.00,84999600000.00,81955600000.00,90178032000.00,86263126000.00,78923098000.00,82643000000.00,86771210000.00,78889789000.00,82044123000.00,73815600000.00,78006278000.00,73922755000.00,70359906000.00,61278000000.00,65751759000.00,61625190000.00,59108516000.00,56340600000.00,58957736000.00,52260753000.00,48823821000.00,46008800000.00,47166109000.00,47769219000.00,46844755000.00,44825000000.00,47431606000.00,44301007000.00,47077862000.00,48331900000.00,48274753000.00,44190400000.00,44318000000.00,42221600000.00,42395300000.00,40814500000.00,38922500000.00,42838800000.00,38633977000.00,30988300000.00,28687612000.00,28863700000.00,27495803000.00,26727978000.00,27309386000.00,25611300000.00,25007983000.00,24822342000.00,24140591000.00,24361900000.00,24111097000.00,23926067000.00,22628700000.00,22017400000.00,21339295000.00,21515000000.00,21836200000.00,20787500000.00,16229351736.00,16672973238.88,17355360113.00,17419900000.00,17110059242.50,17811608443.20,18681393196.20,19221538252.50,19531798908.50,19758809913.78,19565797412.49,19854896307.96,19856503012.50,17072819757.00,16923667831.07,16995900000.00,17666881592.03,3949762056.84,4338301352.74,4308200000.00,4014261709.08,4303858682.88,4585340160.81,4129596489.84,3849348511.24,3460037626.60,3138178337.60,3363377800.80,3278091931.00,3092461338.90,3249070067.62,3076647585.73,3001902246.20,1205669598.18,1790388323.20,1606388917.60,1543692690.00,1541298200.00,1561271239.29,1436066520.00,1384432120.00,1417297640.00,1417839000.00,1557266400.00,1605564800.00,1652104550.00
deferredLongTermLiab,,,,,,,,,,,,,,,,0.00,0.00,0.00,0.00,0.00,0.00,0.00,0.00,702200000.00,,,,715800000.00,,,,625200000.00,,,,653700000.00,,,,,,,,,,,,,,,,,,,,,,,,,,,,,,,,,,,,,,,,,,,,,,,,,,,,,,,,,,,,,,,,,,,,,,
otherCurrentLiab,4754600000.00,5453500000.00,4654900000.00,15155100000.00,12466257000.00,11303059000.00,10316988000.00,2827800000.00,2512655000.00,2284164000.00,2086182000.00,2177900000.00,1886105000.00,2374902000.00,2877897000.00,1886000000.00,1786400000.00,1749695000.00,1610695000.00,2046000000.00,3897168000.00,3768675000.00,2977525000.00,28734600000.00,5975484000.00,6115424000.00,5958614000.00,7422300000.00,5924275000.00,6150778000.00,6146952000.00,11043700000.00,12024690000.00,6975600000.00,8082000000.00,5312300000.00,130800000.00,-100000.00,144300000.00,2929100000.00,136029000.00,140000000.00,135857000.00,1051700000.00,114895000.00,115720000.00,114921000.00,101600000.00,162672000.00,117632000.00,123984000.00,398300000.00,98482000.00,106834000.00,100000.00,741200000.00,94803000.00,57800000.00,100000.00,500800000.00,3621727980.00,2987123946.90,3082382342.00,1451500000.00,4175921649.20,3014897450.20,2715629137.50,2865158760.00,3333957827.00,2660799147.93,2850532098.09,2775766062.30,2739923010.00,2621088288.00,2322146131.20,4963400000.00,2994848607.00,1292086361.70,1225028349.04,2743900000.00,1997797622.52,1299437355.36,1059515063.97,1437096123.60,1178078942.78,941268803.80,729481915.20,1120825582.80,789308716.50,783395318.10,650789982.00,855005316.21,1694388528.80,612039708.03,395292400.80,530423654.00,390318525.00,380326856.00,368987296.98,421540980.00,463887280.00,400993220.00,422281800.00,463140000.00,419466950.00,583570650.00
commonStock,58177900000.00,58177900000.00,,58130500000.00,58130517000.00,58130517000.00,58130517000.00,58042500000.00,58006296000.00,58006296000.00,57973874000.00,57899100000.00,57899073000.00,57899073000.00,57899073000.00,57866800000.00,57866759000.00,57800996000.00,57798844000.00,57710200000.00,57710202000.00,57710202000.00,57710202000.00,57614100000.00,57614140000.00,57614140000.00,57614140000.00,57614100000.00,57614140000.00,57614140000.00,57614140000.00,57614100000.00,57614140000.00,57614100000.00,57614100000.00,57582400000.00,57508800000.00,57131300000.00,57026700000.00,57000800000.00,56983341000.00,12742000000.00,12730533000.00,12187300000.00,12176962000.00,,,8303900000.00,,,,,,,,,,,,,,,,,,,,,,5743767879.57,,,,,,4742800000.00,,,,3124100000.00,,,,,,,,,989877000.00,1147845000.00,1216641000.00,1314946000.00,1391133000.00,,874611000.00,,,,,,,,,,,
capitalStock,58177900000.00,58177900000.00,58177900000.00,58130500000.00,58130500000.00,58130500000.00,58130500000.00,58042500000.00,58006296000.00,58006296000.00,,,,,,,,,,,,,,,,,,,,,,,,,,,,,,,,,,,,,,,,,,,,,,,,,,,,,,,,,,,,,,,,,,,,,,,,,,,,,,,,,,,,,,,,,,,,,,,,
retainedEarnings,13770700000.00,8732400000.00,4969500000.00,4969500000.00,12307530000.00,8119815000.00,4136652000.00,31191640000.00,10585966000.00,6552945000.00,3220705000.00,25920061000.00,5605921000.00,2924650000.00,1391979000.00,20874268000.00,8665336000.00,5972243000.00,3023305000.00,3976526679.21,7244091000.00,1962738000.00,2160529000.00,8660200000.00,1699578000.00,1699355000.00,2199284000.00,9700100000.00,5834137000.00,2772905000.00,2766865000.00,8201200000.00,3404144000.00,2805800000.00,1867700000.00,4883945000.00,3895600000.00,3592800000.00,1425900000.00,5857853000.00,621374000.00,3711300000.00,1959935000.00,7871605000.00,3919019000.00,3139704000.00,1775731000.00,9052075000.00,5608495000.00,3921240000.00,1715117000.00,9868319000.00,18051560000.00,17922014000.00,17210300000.00,16550900000.00,15927150000.00,15630400000.00,15145700000.00,13864000000.00,1253064644.00,1146523304.36,479843249.00,1417088000.00,1364802076.40,1039536614.60,644769195.60,1618179385.00,749451544.50,516718377.00,571659560.10,291260000.00,,231440328.00,,163352000.00,-282853485.26,,200144563.20,520207000.00,138651937.76,407867511.84,403027566.00,352361000.00,816245673.66,351440540.80,214248748.80,913706612.70,589088241.50,358618290.00,245624506.38,522170792.55,435939297.75,-184398142.46,625712416.80,554514522.80,510950295.00,508582880.00,498560638.17,409700620.00,362789720.00,,69357000.00,,311122000.00,248779150.00
otherLiab,,,,,13313900000.00,12847000000.00,11853850000.00,13465054000.00,13722700000.00,13410800000.00,15478463000.00,14514036000.00,14670481000.00,13957579000.00,13667008000.00,11766251000.00,11241203000.00,10834865000.00,10734257000.00,2805298740.11,2205893332.67,2296322259.14,2588679028.75,1998581000.00,2200299000.00,1447413000.00,1346428000.00,1328260000.00,1431351000.00,1414330000.00,1287035000.00,1240168000.00,1262062000.00,1261898000.00,1139157000.00,1242932000.00,1425759000.00,1396179000.00,1541395000.00,1502414000.00,2586260000.00,2524695000.00,2553476000.00,2619164000.00,2611192000.00,2638318000.00,1754465000.00,1759810000.00,1410247000.00,1693256000.00,1645153000.00,1711081000.00,1305425000.00,1316760000.00,1340048000.00,1349094000.00,1264499000.00,1183127000.00,1042900000.00,1023943000.00,987412000.00,1221937000.00,1109970000.00,1054019000.00,1193682000.00,1196066000.00,884479000.00,804282000.00,1137347000.00,1069152000.00,1090926000.00,1052442000.00,1117783000.00,1142728000.00,1021681000.00,1010546000.00,827506000.00,544293000.00,560254000.00,553092000.00,524341000.00,527351000.00,449188000.00,412357000.00,364331000.00,454745000.00,560541000.00,568812000.00,315314000.00,423928000.00,443778000.00,729448000.00,760516000.00,,692941000.00,,,,,,,,,,,
goodWill,39769400000.00,39319800000.00,40184400000.00,40594000000.00,41631997000.00,41328199000.00,39193442000.00,42411300000.00,41680332000.00,39883831000.00,42606266000.00,40023500000.00,41312271000.00,40435425000.00,39350824000.00,35009900000.00,35292080000.00,34511789000.00,34398074000.00,34276200000.00,34778222000.00,32899140000.00,31191746000.00,31401900000.00,30933560000.00,31096331000.00,30276565000.00,30511200000.00,29653755000.00,29644103000.00,31023232000.00,30953100000.00,31297395000.00,28794800000.00,28974300000.00,27502900000.00,26934400000.00,26222000000.00,26354800000.00,27021100000.00,26817669000.00,19966200000.00,19678710000.00,19971500000.00,19652165000.00,19716998000.00,17477211000.00,17454000000.00,17441823000.00,17374284000.00,17433172000.00,17441800000.00,17445436000.00,17548650000.00,17558400000.00,17527500000.00,17492266000.00,17525400000.00,17804100000.00,17912400000.00,7441612000.00,14607444751.02,15056830466.00,14983000000.00,15339175124.70,,17536119228.00,17942735580.00,18477086168.00,16217041861.65,16552427764.68,16716658073.01,,,,18170400000.00,,,,1687300000.00,,,,219446000.00,,,,,,,,391985000.00,,,,,,,,,,,,,,
otherAssets,,,,,19220600000.00,18588000000.00,18017029000.00,100000.00,19342200000.00,18038800000.00,18151579000.00,200000.00,12618506000.00,11129697000.00,9804028000.00,9762242000.00,9783799000.00,9162457000.00,8617412000.00,2107099940.74,2204723625.59,1913167901.87,1919627325.44,13076779000.00,13372020000.00,12839366000.00,12893075000.00,12541743000.00,12572470000.00,12447356000.00,11966229000.00,10790215000.00,11524336000.00,12620036000.00,12347494000.00,13430222000.00,14240006000.00,-100000.00,14789101000.00,14514698000.00,12228794000.00,12344475000.00,13122669000.00,12937878000.00,12967615000.00,13146233000.00,12255298000.00,11915337000.00,12289464000.00,14334959000.00,13916612000.00,13670314000.00,13343278000.00,12851067000.00,12892375000.00,13315811000.00,13334498000.00,12271664000.00,10801842000.00,10877955000.00,10716151000.00,13310695000.00,12306520000.00,12367678000.00,12158552000.00,11961452000.00,11105002000.00,10825507000.00,11063295000.00,10243761000.00,10422381000.00,9921550000.00,10643419000.00,8938889000.00,8079247000.00,8325875000.00,7775634000.00,1724448000.00,1820542000.00,1783523000.00,0.00,1676620000.00,1440281000.00,988332000.00,1068530000.00,1184608000.00,1377384000.00,1384184000.00,1182496000.00,1290617000.00,1329637000.00,1434738000.00,1477859000.00,,1351978000.00,,,,,,,,,,,
cash,17413900000.00,12117000000.00,12214100000.00,14926400000.00,17712654000.00,14129259000.00,12887922000.00,16627700000.00,17956171000.00,13269346000.00,17286068000.00,17090300000.00,21660450000.00,17438952000.00,13204472000.00,11900700000.00,15016914000.00,14233403000.00,12822525000.00,11463500000.00,12227669000.00,10619955000.00,7953477000.00,10354500000.00,8340688000.00,8757342000.00,7230261000.00,7876800000.00,7285217000.00,5729655000.00,6007322000.00,13620200000.00,9680857000.00,6899800000.00,6974600000.00,9722100000.00,5748100000.00,6273900000.00,7296200000.00,11285800000.00,4835170000.00,4435800000.00,3665299000.00,8926200000.00,4531189000.00,4891112000.00,6711508000.00,8076200000.00,5958912000.00,5251291000.00,4641560000.00,5909300000.00,7887098000.00,5950626000.00,5573900000.00,4042900000.00,3890502000.00,4278400000.00,4265500000.00,3298900000.00,2059703568.00,1859961475.92,1892182688.00,2308200000.00,2024256341.10,1379894014.00,1686667717.50,1535180352.50,1235890721.00,1107584643.48,900773475.78,836776356.36,857823615.00,890386056.00,832233187.31,1290900000.00,711371625.53,1024944737.64,1343791793.19,1196100000.00,1999458020.84,1278833028.00,1612958034.84,2769498530.88,552635833.74,45447831.40,43412458.40,2412061539.60,26627899.50,49708541.40,42807951.81,44701228.25,41076644.18,28138759.72,30637095.20,33643027.80,17182800.00,13016016.00,16969897.08,20539400.00,19792840.00,7170920.00,11256300.00,11941200.00,6792100.00,10442050.00
cashAndEquivalents,,,,,,,,,,,,,,,,,,,,,,,,,,,,,,,,,,,,,,,,,,,,,,,,,,,,,,,,,,,,,,,,,,,,,,,,,,,,,,,,,,,,,,,,,,,,,,,,,,,,,,,,,,
totalCurrentLiabilities,33845800000.00,34121800000.00,35632400000.00,40540500000.00,34979736000.00,33897653000.00,33179146000.00,38866400000.00,31107336000.00,28791526000.00,31880721000.00,33477800000.00,30275317000.00,29238994000.00,25218123000.00,25011000000.00,21842335000.00,22640990000.00,23252886000.00,24828400000.00,25560000000.00,27354843000.00,22850307000.00,28688500000.00,23481745000.00,26015981000.00,23904354000.00,28773700000.00,21877422000.00,21894846000.00,21904014000.00,30141900000.00,28055750000.00,20728300000.00,21767900000.00,21824800000.00,14590600000.00,14456700000.00,16170400000.00,17180600000.00,10544780000.00,10056300000.00,10590372000.00,15518800000.00,12075631000.00,12168818000.00,12554096000.00,14407900000.00,14227728000.00,10463749000.00,10547803000.00,10554900000.00,10546115000.00,8693334000.00,8057500000.00,8491700000.00,8075268000.00,8484700000.00,9093100000.00,10537100000.00,9536756216.00,8127303116.82,7615604509.00,8486100000.00,7763329381.50,6233019196.80,5587291367.10,6827859825.00,5465323361.50,4265650650.24,4881934240.23,5049145016.16,6625874722.50,6339119535.00,6877291434.30,8771700000.00,5293621535.38,4010918898.60,3965607389.64,4720000000.00,4371444050.12,2644361983.68,2757700981.59,2833597591.44,2951254967.14,2985098319.60,2736064780.00,3411941738.40,3100117025.00,2843858602.80,2615989540.22,2699361419.74,2406759152.05,2599429060.25,1554264564.80,1889138220.70,1631340450.00,1537283072.00,1733000296.86,1581533800.00,1610212720.00,1486462320.00,1463660100.00,1464638400.00,1307698350.00,1217306200.00
currentDeferredRevenue,9631400000.00,8664000000.00,,,,,,10113600000.00,8080251000.00,6740153000.00,6379360000.00,9221900000.00,7246211000.00,7215120000.00,5239047000.00,7402300000.00,5941745000.00,5811794000.00,5661823000.00,7171800000.00,5864936000.00,8708210000.00,5592831000.00,-13223000000.00,6236937000.00,7159175000.00,4612094000.00,6852000000.00,4476471000.00,5807111000.00,4226113000.00,5979400000.00,5000628000.00,4301800000.00,4297400000.00,6716600000.00,586500000.00,1267300000.00,1221300000.00,-1896500000.00,664396000.00,736900000.00,1190192000.00,7066100000.00,777496000.00,1036518000.00,961767000.00,793900000.00,602851000.00,810677000.00,756469000.00,2894400000.00,730299000.00,812971000.00,777600000.00,3360500000.00,931515000.00,1001500000.00,709000000.00,3082300000.00,,,,2420700000.00,,0.00,,479138630.00,,,,,,,,12700000.00,,0.00,,,,,,,,0.00,,0.00,,0.00,,,,,,,,,0.00,,,,,,,
netDebt,-13694800000.00,-8020800000.00,,-11081400000.00,-14293383000.00,-10414637000.00,-9810115000.00,-13527200000.00,-14716876000.00,-10184686000.00,-12258907000.00,-12298000000.00,-14126561000.00,-9965370000.00,-9731022000.00,-8837900000.00,-10926756000.00,-9297229000.00,-7737286000.00,-9040800000.00,-7221244000.00,-5761749000.00,-3485695000.00,-7799700000.00,-5011077000.00,-3812645000.00,-2096215000.00,-2480500000.00,-2845557000.00,-1918969000.00,-2047482000.00,-10018200000.00,-6504262000.00,-4041600000.00,-4088600000.00,-7000300000.00,-2888100000.00,-3368900000.00,-4541300000.00,-8391700000.00,-1834540000.00,-1427100000.00,-667096000.00,-5782300000.00,-1522057000.00,-745758000.00,-2878465000.00,-3961600000.00,-636847000.00,-169706000.00,1979627000.00,862100000.00,-4275000.00,1534690000.00,2392800000.00,3237000000.00,4635050000.00,5185200000.00,6380200000.00,7377700000.00,8671060112.00,8165316168.46,8350630301.00,7544000000.00,7477208429.60,8818974792.40,8262060327.30,8008303067.50,7687566713.50,5764427904.69,5868913776.93,6362327047.23,6271307955.00,6130965897.00,7550464446.49,6519800000.00,7000250583.69,5419639477.23,4875454381.40,4784300000.00,3987391604.56,2886118100.64,3239322287.13,1717198540.38,4775719630.54,4851838009.60,4306903209.60,2157198403.80,3714564801.00,2563409317.50,2372352476.30,2147994924.22,1276349518.95,2643158702.25,1842574248.00,1947965848.50,1971544410.00,1928481360.00,2177587529.58,1869327040.00,1843578600.00,1647461040.00,1588957500.00,1570323600.00,1422178100.00,1151101450.00
shortTermDebt,1237100000.00,1424300000.00,,1056900000.00,1200301000.00,1412942000.00,907324000.00,847100000.00,1100837000.00,948823000.00,2598909000.00,2738800000.00,4997045000.00,4809444000.00,780090000.00,653100000.00,1719831000.00,2601826000.00,2657487000.00,1560600000.00,3761213000.00,3716743000.00,3279026000.00,1322900000.00,1968899000.00,3617901000.00,3470662000.00,3630600000.00,2747774000.00,1842476000.00,1666384000.00,1285100000.00,1188401000.00,1250700000.00,1189400000.00,1087200000.00,1140900000.00,1118000000.00,922800000.00,1040600000.00,898781000.00,897000000.00,852810000.00,837900000.00,706223000.00,1910164000.00,1970078000.00,2224400000.00,3122357000.00,1948067000.00,3060003000.00,2607200000.00,1596419000.00,1560160000.00,850600000.00,819700000.00,968460000.00,1844500000.00,3287400000.00,3607000000.00,4095503360.00,3499698459.58,3013105057.00,2476300000.00,2036911335.90,2030570867.80,1805757350.70,2099514490.00,1113101278.50,835524687.90,1161776573.61,1208644528.77,3079877377.50,3071460798.00,3847533637.78,3443100000.00,1490249592.19,2258018325.63,2223020604.81,1976100000.00,1898766722.72,926553505.92,1038115578.60,607401253.62,1307673274.52,1666499163.20,1624251126.40,1719958082.10,1836214599.00,1633485189.60,1519748320.84,1265211475.07,383696634.64,1711534819.64,963378856.80,1042937459.60,993291615.00,960032840.00,1103314106.43,903491960.00,907863200.00,785678380.00,737003400.00,710334000.00,669131400.00,617695700.00
shortLongTermDebt,1237100000.00,1424300000.00,1295100000.00,1056900000.00,1200300000.00,1413000000.00,907400000.00,847100000.00,1100900000.00,948900000.00,2598900000.00,2738800000.00,4567866000.00,4367277000.00,301486000.00,217100000.00,1357796000.00,2216170000.00,2263437000.00,394349058.31,927983375.23,947544083.82,987893814.93,1312300000.00,1962019000.00,4944697000.00,5134046000.00,3568500000.00,4439660000.00,3811000000.00,3960000000.00,1280200000.00,,,,986002000.00,,,,2905845000.00,,,,,,,,,,,,,,,,,,,,,,,,,,,,,,,,,,,,,,,,,,,,,,,,,,,,,,,,,,,,,,,,,,
shortLongTermDebtTotal,3719100000.00,4096200000.00,,3845000000.00,3419271000.00,3714622000.00,3077807000.00,3100500000.00,3239295000.00,3084660000.00,5027161000.00,4792300000.00,7533889000.00,7473582000.00,3473450000.00,3062800000.00,4090158000.00,4936174000.00,5085239000.00,2422700000.00,5006425000.00,4858206000.00,4467782000.00,2554800000.00,3329611000.00,4944697000.00,5134046000.00,5396300000.00,4439660000.00,3810686000.00,3959840000.00,3602000000.00,3176595000.00,2858200000.00,2886000000.00,2721800000.00,2860000000.00,2905000000.00,2754900000.00,2894100000.00,3000630000.00,3008700000.00,2998203000.00,3143900000.00,3009132000.00,4145354000.00,3833043000.00,4114600000.00,5322065000.00,5081585000.00,6621187000.00,6771400000.00,7882823000.00,7485316000.00,7966700000.00,7279900000.00,8525552000.00,9463600000.00,10645700000.00,10676600000.00,10730763680.00,10025277644.38,10242812989.00,9852200000.00,9501464770.70,10198868806.40,9948728044.80,9543483420.00,8923457434.50,6872012548.17,6769687252.71,7199103403.59,7129131570.00,7021351953.00,8382697633.80,7810700000.00,7711622209.22,6444584214.87,6219246174.59,5980400000.00,5986849625.40,4164951128.64,4852280321.97,4486697071.26,5328355464.28,4897285841.00,4350315668.00,4569259943.40,3741192700.50,2613117858.90,2415160428.11,2192696152.47,1317426163.13,2671297461.97,1873211343.20,1981608876.30,1988727210.00,1941497376.00,2194557426.66,1889866440.00,1863371440.00,1654631960.00,1600213800.00,1582264800.00,1428970200.00,1161543500.00
otherStockholderEquity,100000.00,,,,-66694141000.00,20012800000.00,-69689891000.00,-61778300000.00,-62882304000.00,-66622709000.00,20849544000.00,-100000.00,-61314038000.00,-62652347000.00,-64632941000.00,-72274500000.00,-70901001000.00,-72301085000.00,-71795387000.00,-71584900000.00,-69393509000.00,-70769427000.00,-74349103000.00,-74966500000.00,-76460461000.00,-75828400000.00,-77195949000.00,-77019100000.00,-76669707000.00,-76698126000.00,-73884373000.00,-71857000000.00,-69950212000.00,,,-75267900000.00,,100000.00,,-75382300000.00,,,,,23228831000.00,11743058000.00,8321408000.00,,8299059000.00,7770554000.00,7634348000.00,33777700000.00,15537158000.00,6004053000.00,5418400000.00,14737800000.00,14080117000.00,5884600000.00,6690500000.00,15662000000.00,26145174432.00,6431607882.40,4423830268.00,4946300000.00,15480498371.80,15786800232.20,3959018547.30,28113500272.50,4499115079.00,13207622209.74,18509266944.54,5294692564.56,5706153337.50,5491635534.00,4292531550.16,-329900000.00,23885843574.69,2451215824.38,3115462084.86,-338500000.00,3098751630.52,3075750546.72,3067251719.97,2865696679.20,2886160437.88,2940468379.00,2829395876.00,2449671188.10,2572570371.00,2545531762.20,2649457811.45,2554474843.29,2565961104.96,1390065933.63,1067252982.40,983703280.40,989125560.00,989100528.00,1017829223.34,980212660.00,975538120.00,,973158300.00,929628000.00,1294442800.00,1403325400.00
propertyPlantEquipment,,,,,29926900000.00,29386900000.00,27494375000.00,29224261000.00,27231900000.00,25702000000.00,26676905000.00,24768355000.00,25435683000.00,25111748000.00,25063436000.00,22576299000.00,21597197000.00,21416968000.00,21431950000.00,5177903279.83,4896095169.36,4794802197.80,5519542763.95,5682890000.00,5840947000.00,5638162000.00,5899314000.00,5887680000.00,5655078000.00,5705691000.00,5265751000.00,4834214000.00,4708617000.00,5407324000.00,5194875000.00,5925573000.00,6050529000.00,6315688000.00,6027118000.00,5903846000.00,5509107000.00,5308258000.00,5601854000.00,5573501000.00,5407944000.00,5181307000.00,5066673000.00,4974070000.00,4807900000.00,5093425000.00,4467020000.00,4228429000.00,4062559000.00,3681066000.00,3610347000.00,3784849000.00,3534352000.00,3301786000.00,3032339000.00,3151251000.00,3193602000.00,3438495000.00,3394931000.00,3144070000.00,3185675000.00,2964058000.00,2676595000.00,2681989000.00,2629951000.00,2351704000.00,2336391000.00,2315596000.00,2352120000.00,2215926000.00,2024884000.00,2083503000.00,1911105000.00,1377085000.00,1438309000.00,1439137000.00,1304639000.00,1260531000.00,1107867000.00,929126000.00,825135000.00,1041111000.00,1268646000.00,1359703000.00,1230291000.00,1403765000.00,1485748000.00,1616264000.00,1854129000.00,,1995868000.00,,,,,,,,,,,
totalCurrentAssets,37552700000.00,34324100000.00,35378700000.00,37816700000.00,41556965000.00,38238562000.00,34479797000.00,38627100000.00,38197082000.00,32705666000.00,37059861000.00,35342400000.00,39098796000.00,36268130000.00,31086356000.00,27621100000.00,29004026000.00,27356037000.00,26194138000.00,25329600000.00,26200019000.00,26409115000.00,21560552000.00,24718000000.00,22230596000.00,23042848000.00,21297374000.00,23886800000.00,19990967000.00,18561517000.00,19074487000.00,28314500000.00,23835353000.00,18360300000.00,19241000000.00,20728400000.00,15446600000.00,15773300000.00,16352300000.00,20470000000.00,12478374000.00,12014300000.00,10886309000.00,16256000000.00,12131425000.00,11701949000.00,14287643000.00,14679500000.00,13562019000.00,11544280000.00,11756762000.00,12910900000.00,13414004000.00,11403125000.00,10765000000.00,10303100000.00,9323446000.00,9488400000.00,9842300000.00,9293300000.00,7234543992.00,6592204965.88,6872698000.00,7880400000.00,6600548469.20,5886461348.40,6136693406.70,6800926350.00,5612008661.50,5046280815.24,4612506479.01,4928220554.04,4314547215.00,4113021528.00,4308799068.07,5379600000.00,4038344453.49,4478415198.21,4715167889.85,5500500000.00,5424255184.88,3526906439.52,4244489184.75,5593595245.44,5386810748.04,4935515374.40,4038019066.40,4684861715.10,3621787784.00,2618778380.70,2613107965.15,2687381295.58,2100057720.75,2318928704.96,2601669711.20,2723133445.30,2305366740.00,2096706560.00,2372985593.58,1969728460.00,1797118760.00,1622825460.00,1686512100.00,1689735600.00,1799358750.00,1583316200.00
longTermInvestments,553200000.00,576200000.00,588800000.00,551000000.00,551300000.00,538800000.00,483200000.00,498100000.00,476700000.00,506600000.00,559300000.00,551300000.00,528871000.00,535995000.00,540458000.00,467000000.00,469579000.00,410590000.00,418922000.00,104211475.54,106617555.56,104341681.57,116964846.58,360000000.00,358292000.00,401110000.00,406900000.00,404400000.00,483878000.00,469000000.00,459000000.00,833500000.00,,,,108414000.00,,,,90247000.00,,,,,,,,,,,,,,,,,,,,,,,,,,,,,,,,,,,,,,,,,,,,,,,,,,,,,,,,,,,,,,,,,,
netTangibleAssets,,,,,39369800000.00,36382000000.00,31997627000.00,31542756000.00,36885800000.00,31402800000.00,31074015000.00,26211615000.00,28631347000.00,25575317000.00,23166623000.00,19961752000.00,24131043000.00,21232263000.00,18865406000.00,4180003864.68,4585973470.05,3681341170.46,3933710437.30,9932200000.00,11641381000.00,11433283000.00,11469205000.00,9067900000.00,,,,12286600000.00,,,,10963790000.00,,,,12754720000.00,,,,,,,,,,,,,,,,,,,,,,,,,,,,,,,,,,,,,,,,,,,,,,,,,,,,,,,,,,,,,,,,,,
shortTermInvestments,227200000.00,313500000.00,365300000.00,454500000.00,1347216000.00,1535714000.00,1345730000.00,1914600000.00,2044574000.00,1245607000.00,2049628000.00,1700000000.00,1442923000.00,44823000.00,44823000.00,14600000.00,14304000.00,14038000.00,13772000.00,13400000.00,13008000.00,12618000.00,12229000.00,11900000.00,7820000.00,8770000.00,9903000.00,282800000.00,274577000.00,263893000.00,209067000.00,215100000.00,718737000.00,776600000.00,1033700000.00,713000000.00,526800000.00,379900000.00,410200000.00,288600000.00,612489000.00,486100000.00,359591000.00,476600000.00,617880000.00,244033000.00,1464198000.00,193400000.00,660616000.00,516379000.00,1063068000.00,1069300000.00,1937000.00,21521000.00,74900000.00,73300000.00,235223000.00,2600000.00,3000000.00,100000.00,101972.00,37140050.58,140013315.00,174800000.00,76852000.00,109993843.80,172827256.50,225554525.00,355465213.50,482584043.76,460487169.60,258838311.48,200895997.50,211484637.00,257944150.31,214500000.00,623619387.20,1377960143.34,1266484797.41,1493900000.00,1181480433.84,300155851.20,463141919.73,735401144.82,3042655870.26,3029659645.20,2223007033.60,126925306.50,1902418075.00,989086140.90,910023489.80,983530365.67,781162296.09,1044820410.04,1644336891.20,1663786419.90,1438742160.00,1019945056.00,1187535273.78,1066357320.00,905137240.00,767751080.00,866507700.00,872265600.00,1112480250.00,
netReceivables,7664800000.00,8271800000.00,5046700000.00,8202600000.00,8094533000.00,8005730000.00,6973827000.00,7404200000.00,6538541000.00,6567271000.00,6363867000.00,7590200000.00,7629804000.00,9591923000.00,8660706000.00,8569600000.00,6782121000.00,5645674000.00,5960702000.00,7028000000.00,6500660000.00,8515756000.00,7212163000.00,8315400000.00,8200557000.00,8101335000.00,8235934000.00,9791400000.00,6976543000.00,6678408000.00,6325453000.00,7360600000.00,4837496000.00,4286900000.00,4292000000.00,4610700000.00,6012700000.00,5999000000.00,5583600000.00,6100100000.00,4444175000.00,4366200000.00,3986281000.00,3331600000.00,4490669000.00,3990085000.00,3746835000.00,4171000000.00,4955382000.00,3721342000.00,3764555000.00,3975300000.00,3796086000.00,3671610000.00,3499900000.00,4638700000.00,3662904000.00,3533100000.00,3538300000.00,3908400000.00,1191069516.00,1575401433.88,1473966611.00,2362400000.00,1845490831.80,1662842777.20,1591450729.80,2577356560.00,1735148635.00,1633361378.88,735965589.09,1670057232.69,1121461605.00,916155261.00,986938804.46,2153500000.00,847370866.34,419024936.73,439478312.14,1497100000.00,405296287.48,316220530.56,398650780.83,768102001.98,351850088.14,357541786.60,445575102.40,802540434.00,436669596.00,362306744.70,451008715.37,794985752.12,368506277.04,224150555.45,260431900.00,428575332.70,204962940.00,567061248.00,195201603.99,306761980.00,205395160.00,500345160.00,390445800.00,334800000.00,310136050.00,219928950.00
longTermDebt,2482000000.00,2671900000.00,2651300000.00,2788100000.00,2219000000.00,2301700000.00,2170500000.00,2253400000.00,2138500000.00,2135800000.00,2428300000.00,2053500000.00,716059000.00,795481000.00,737978000.00,697800000.00,837627000.00,807212000.00,841987000.00,219183005.69,303552674.15,285051878.35,351894781.35,371939000.00,430061000.00,401366000.00,525921000.00,542758000.00,521640000.00,615008000.00,646044000.00,585179000.00,502654000.00,516791000.00,532777000.00,615367000.00,702128000.00,811184000.00,812370000.00,785115000.00,947077000.00,956599000.00,1061550000.00,1126197000.00,1135725000.00,1112588000.00,1023326000.00,1014764000.00,1189996000.00,2009310000.00,2186519000.00,2503878000.00,3119103000.00,2945321000.00,3623198000.00,3707432000.00,3874880000.00,3534778000.00,3198331000.00,3049871000.00,3407126000.00,4095655000.00,4152572000.00,4146093000.00,4078594000.00,4232147000.00,3963437000.00,3496392000.00,3581313000.00,2773466000.00,2560664000.00,2568209000.00,1825431000.00,1688409000.00,1699523000.00,1645047000.00,2168550000.00,1353969000.00,1378483000.00,1383178000.00,1407605000.00,1154532000.00,1136868000.00,1095841000.00,1115881000.00,1182689000.00,1219588000.00,1232418000.00,733000000.00,441741000.00,411176000.00,475474000.00,506220000.00,,614088000.00,,,,,,,,,,,
inventory,10818900000.00,12055000000.00,13030900000.00,12923000000.00,12495092000.00,12587719000.00,11426297000.00,11000300000.00,9511236000.00,9583373000.00,9698229000.00,7605900000.00,7341837000.00,7771619000.00,7752656000.00,5978600000.00,5978812000.00,6197565000.00,6032744000.00,5401800000.00,5349087000.00,4933282000.00,4725117000.00,4319000000.00,4373394000.00,4663951000.00,4510324000.00,4347000000.00,4275809000.00,4403950000.00,4896059000.00,4098800000.00,4521418000.00,4078700000.00,4377900000.00,3411300000.00,3159000000.00,3120500000.00,3062300000.00,2795500000.00,2586540000.00,2726300000.00,2871179000.00,2466300000.00,2487171000.00,2572503000.00,2365102000.00,2238500000.00,1986709000.00,2052127000.00,2237098000.00,1905200000.00,1668701000.00,1699186000.00,1556300000.00,1488100000.00,1472418000.00,1611900000.00,1968900000.00,2018100000.00,1658157072.00,1565220677.46,1596265346.00,1457800000.00,1243824785.70,1349101986.40,1353543000.60,1360603240.00,1183272237.50,1148207896.92,1170057225.66,1177365002.73,1135871302.50,1169994168.00,1249376345.98,1380900000.00,1062088900.67,899762013.42,963511331.89,954600000.00,788674738.60,814446898.56,959360358.90,859698384.30,733743229.72,818999618.40,766245397.60,806664838.80,722905926.00,658995013.20,680330997.65,591064306.03,472886524.33,519705111.05,366113549.60,383336595.50,363182085.00,379506504.00,434594320.86,374662820.00,374049120.00,347558300.00,371116800.00,322970400.00,343220150.00,360842800.00
accountsPayable,18222700000.00,18580000000.00,21623100000.00,24328500000.00,21313178000.00,21181652000.00,21954834000.00,25077900000.00,19413593000.00,18818386000.00,20816270000.00,19339200000.00,16145956000.00,14839528000.00,16321089000.00,15069600000.00,12394359000.00,12477675000.00,13322881000.00,14050000000.00,12036683000.00,11161215000.00,11000925000.00,11854000000.00,9300425000.00,9123481000.00,9862984000.00,10868800000.00,8728902000.00,8094481000.00,9864565000.00,11833700000.00,9842031000.00,8200200000.00,8199100000.00,8708700000.00,12732400000.00,12071500000.00,13882000000.00,15107400000.00,8845574000.00,8282400000.00,8411513000.00,6563100000.00,10477017000.00,9106416000.00,9507330000.00,11288000000.00,10339848000.00,7587373000.00,6607347000.00,4655000000.00,8120915000.00,6213369000.00,6429200000.00,3570300000.00,6080490000.00,5580900000.00,5096600000.00,3347000000.00,1819524876.00,1640480710.34,1520117110.00,2137600000.00,1550496396.40,1187550878.80,1065904878.90,1384047945.00,1018264256.00,769326814.41,869625568.53,1064734425.09,806074335.00,646570449.00,707611665.32,352500000.00,808523336.19,460814211.27,517558435.79,276442000.00,474879704.88,418371122.40,660070339.02,789100214.22,465502749.84,377330352.60,382331738.40,571158073.50,474593709.50,426978095.10,445451237.38,579144628.46,328673988.61,275854532.58,195593307.20,315777107.10,247730310.00,196923376.00,260698893.45,256500860.00,238462240.00,299790720.00,304374900.00,291164400.00,219100000.00,16039850.00
totalPermanentEquity,,,,,,,,,,,,,,,,0.00,0.00,0.00,0.00,0.00,0.00,0.00,0.00,,,,,,,,,,,,,,,,,,,,,,,,,,,,,,,,,,,,,,,,,,,,,,,,,,,,,,,,,,,,,,,,,,,,,,,,,,,,,,,,,,,
noncontrollingInterestInConsolidatedEntity,,,,,,,,,,,,,,,,0.00,0.00,0.00,0.00,0.00,0.00,0.00,0.00,,,,,,,,,,,,,,,,,,,,,,,,,,,,,,,,,,,,,,,,,,,,,,,,,,,,,,,,,,,,,,,,,,,,,,,,,,,,,,,,,,,
temporaryEquityRedeemableNoncontrollingInterests,,,,,,,,,,,,,,,,0.00,0.00,0.00,0.00,0.00,0.00,0.00,0.00,,,,,,,,,,,,,,,,,,,,,,,,,,,,,,,,,,,,,,,,,,,,,,,,,,,,,,,,,,,,,,,,,,,,,,,,,,,,,,,,,,,
accumulatedOtherComprehensiveIncome,18306200000.00,18164300000.00,,23825100000.00,86434126000.00,20012794000.00,86345820000.00,24600500000.00,81061252000.00,80953257000.00,20849544000.00,15916600000.00,75815322000.00,75751379000.00,75701795000.00,3411200000.00,70120665000.00,70153036000.00,70081754000.00,-1369600000.00,63396952000.00,63357240000.00,63302193000.00,63361200000.00,64312852000.00,64284124000.00,64227280000.00,-12789100000.00,60653036000.00,60612088000.00,60581230000.00,62574800000.00,57206681000.00,-16229500000.00,-15163800000.00,-15360800000.00,-19009100000.00,-19909700000.00,-19530100000.00,-14162000000.00,-18970738000.00,14535000000.00,13997144000.00,16676400000.00,-11829009000.00,11845216000.00,17212247000.00,17307400000.00,11100429000.00,13130548000.00,14791126000.00,-9415800000.00,-9477621000.00,,,-9271300000.00,-8667972000.00,,,-8738500000.00,-11168887340.00,9094842052.12,12451686596.00,12473600000.00,264758794.30,985271596.40,14077605453.30,-10510141405.00,14283232285.00,290701447.47,484870907.85,14560203743.40,14150349675.00,11349743895.00,12631136280.91,12583000000.00,-5936108497.40,1498546232.46,1022694704.68,1522600000.00,776858140.80,820240624.32,1115060874.84,1263899810.64,146942399.70,168128706.80,94533712.80,,116433318.50,188311286.70,353987749.79,1949.89,1843.49,1807.01,97422924.00,68171114.40,43616835.00,43614792.00,44881377.78,46153240.00,46104280.00,1417297640.00,375323700.00,627638400.00,,
additionalPaidInCapital,,,,,,,,,,,,,,,,0.00,0.00,0.00,0.00,0.00,0.00,0.00,0.00,,,,,,,,,,,,,,,,,,,,,,,,,,,,,,,,,,,,,,,,,,,,,,,,,,,,,,,,,,,,,,,,,,,,,,,,,,,,,,,,,,,
commonStockTotalEquity,,,,,,,,,,58006296000.00,57973874000.00,57899100000.00,57899073000.00,,57899073000.00,57866800000.00,57866759000.00,0.00,57798844000.00,57710200000.00,57710202000.00,0.00,57710202000.00,57614100000.00,57614140000.00,,57614140000.00,57614100000.00,57614140000.00,,57614140000.00,57614100000.00,57614140000.00,,57614100000.00,57582400000.00,57508800000.00,,57026700000.00,57000800000.00,56983341000.00,,12730533000.00,12187300000.00,12176962000.00,,,8303900000.00,,,,,,,,,,,,,,,,,,,,,,,,,,,,4742800000.00,,,,3124100000.00,,,,,,,,,,,,,,,,,,,,,,,,,,
preferredStockTotalEquity,,,,,,,,,,,,,,,,0.00,0.00,0.00,0.00,0.00,0.00,0.00,0.00,,,,,,,,,,,,,,,,,,,,,,,,,,,,,,,,,,,,,,,,,,,,,,,,,,,,,,,,,,,,,,,,,,,,,,,,,,,,,,,,,,,
retainedEarningsTotalEquity,,,,,,,,,,,,,,,,0.00,0.00,0.00,0.00,0.00,0.00,0.00,0.00,,,,,,,,,,,,,,,,,,,,,,,,,,,,,,,,,,,,,,,,,,,,,,,,,,,,,,,,,,,,,,,,,,,,,,,,,,,,,,,,,,,
treasuryStock,,,,,,,,,,,,,,,,0.00,0.00,0.00,0.00,0.00,0.00,0.00,-82028267.70,-270221000.00,-285098000.00,-269311000.00,-286374000.00,-279325000.00,-281461000.00,-285965000.00,-253707000.00,-253479000.00,-258275000.00,-208790000.00,-77528000.00,-65053000.00,-30932000.00,-20294000.00,-11576000.00,-12199000.00,,-2050000.00,,-1905000.00,,-6023000.00,-920000.00,,-5082000.00,-19000.00,-4441000.00,-2706000.00,,,,-27374000.00,,,,-47153000.00,,,,-651433000.00,,,,-440774000.00,,,,-168552000.00,,,,-124256000.00,,,,-116926000.00,,,,-51002000.00,,,,-216021000.00,,,,-5396000.00,,,,,,,,,,,,,,
accumulatedAmortization,,,,,,,,,,,,,,,,0.00,0.00,0.00,0.00,0.00,0.00,,,,,,,,,,,,,,,,,,,,,,,,,,,,,,,,,,,,,,,,,,,,,,,,,,,,,,,,,,,,,,,,,,,,,,,,,,,,,,,,,,,,,
nonCurrrentAssetsOther,12416200000.00,12578400000.00,1887800000.00,13279700000.00,11743618000.00,12253905000.00,13926689000.00,14424900000.00,13421739000.00,13460004000.00,12225326000.00,12369400000.00,6306298000.00,5825579000.00,5755839000.00,6812100000.00,6022038000.00,6051983000.00,6018207000.00,6160800000.00,5171173000.00,4076645000.00,4007689000.00,6650000000.00,2335863000.00,2459347000.00,2427772000.00,2371100000.00,2352490000.00,295350000.00,2876568000.00,3093000000.00,3364827000.00,2877900000.00,2984200000.00,2916000000.00,2177100000.00,2165700000.00,2205100000.00,2294700000.00,2123256000.00,1966300000.00,1886809000.00,1892800000.00,1886706000.00,1899822000.00,1219582000.00,2713900000.00,2019539000.00,1971824000.00,3201986000.00,2153100000.00,1973775000.00,1944271000.00,2032300000.00,2103000000.00,2504667000.00,2430000000.00,2545500000.00,100000.00,17633552352.00,3546144669.54,3562017698.00,1225300000.00,3797359286.70,19853907127.60,1914861820.50,1547154340.00,1557510140.50,6078641889.18,6272817581.85,4385059850.22,23609738047.50,1862203266.00,1645318066.98,1570800000.00,22307592959.84,1665934704.87,5277747269.92,1618800000.00,4925056719.24,4702822810.08,4832108758.65,1313499768.48,3850070412.30,3236028863.80,3078777100.00,1422359981.70,3073168151.50,2862151915.20,2895528301.65,1136801469.12,2725928106.22,2403979244.63,872864691.20,780222505.80,808977060.00,747096688.00,710225944.98,597213260.00,567947840.00,543948980.00,515629500.00,496508400.00,475775650.00,412514800.00
deferredLongTermAssetCharges,,,,,,,,,,,,,,,,0.00,0.00,0.00,0.00,0.00,0.00,,,,,,,,,,,,,,,,,,,,,,,,,,,,,,,,,,,,,,,,,,,,,,,,,,,,,,,,,,,,,,,,,,,,,,,,,,,,,,,,,,,,,
nonCurrentAssetsTotal,100361500000.00,98970300000.00,100088000000.00,100141400000.00,100506989000.00,98394846000.00,92920123000.00,99975300000.00,96936173000.00,91734469000.00,96357970000.00,89854000000.00,87957991000.00,85124878000.00,82601205000.00,74121800000.00,73471291000.00,71382942000.00,70711394000.00,68796500000.00,69491024000.00,64512241000.00,60818393000.00,62133900000.00,60789827000.00,61081163000.00,59436568000.00,59954600000.00,59119229000.00,58095195000.00,61173528000.00,61861800000.00,64207820000.00,56075900000.00,55860200000.00,51414800000.00,49679300000.00,47215800000.00,46944700000.00,48204000000.00,47140600000.00,38968400000.00,37842261000.00,37903900000.00,37260121000.00,36820027000.00,31534648000.00,31459900000.00,31604477000.00,30298564000.00,29941422000.00,29767400000.00,29520281000.00,29660311000.00,29409500000.00,29797900000.00,29930316000.00,30606500000.00,31828300000.00,32519700000.00,27088763676.00,26686367216.18,27336593045.00,27595400000.00,28082645226.30,28807124051.60,28314611471.40,28758037735.00,29863108534.50,27414200619.33,27941994440.61,28543669626.78,28827322672.50,26095754790.00,26962779511.57,27636900000.00,27790382092.90,9590147993.52,9447405400.65,9329600000.00,8714097256.20,8238541841.28,8548978341.45,6787796000.28,6823146989.72,6080065721.80,5914496196.80,6343754918.70,6270545475.50,5975229915.00,6131015347.49,5951438658.88,6145889640.66,5807103107.53,2694752831.20,2702775294.00,2833292790.00,2815725640.00,2856381642.87,2724491000.00,2747056560.00,2753980260.00,2700829800.00,2940325200.00,2600717000.00,2536341650.00
capitalLeaseObligations,,3389988000.00,3162108000.00,3117400000.00,2650633000.00,2757412000.00,2550879000.00,2639300000.00,2430427000.00,2403155000.00,2677932000.00,2121100000.00,2249964000.00,2310824000.00,2433986000.00,2147900000.00,1894735000.00,1912792000.00,1979815000.00,0.00,0.00,,,,,,,,,,,,,,,,,,,,,,,,,,,,,,,,,,,,,,,,,,,,,,,,,,,,,,,,,,,,,,,,,,,,,,,,,,,,,,,,,,,,,
longTermDebtTotal,,,,,,,,,,,,,,,,0.00,0.00,0.00,0.00,0.00,0.00,,,,,,,,,,,,,,,,,,,,,,,,,,,,,,,,,,,,,,,,,,,,,,,,,,,,,,,,,,,,,,,,,,,,,,,,,,,,,,,,,,,,,
nonCurrentLiabilitiesOther,-100000.00,1454000000.00,1680118000.00,100000.00,2850381000.00,2960245000.00,2695807000.00,-100000.00,,200000.00,,100000.00,100000.00,,,-300000.00,0.00,0.00,0.00,0.00,0.00,,,,,,,,,,,,,,,,,,,,,,,,,,,,,,,,,,,,,,,,,,,,,,,,,,,,,,,,,,,,,,,,,,,,,,,,,,,,,,,,,,,,,
nonCurrentLiabilitiesTotal,12507200000.00,12806600000.00,13397400000.00,14089800000.00,15532747000.00,15148729000.00,14024333000.00,15718500000.00,15861121000.00,15546803000.00,17906715000.00,16567700000.00,17207325000.00,16621717000.00,16360368000.00,14175900000.00,13611530000.00,13169213000.00,13162009000.00,11750300000.00,10108688000.00,10126972000.00,9760390000.00,10180600000.00,10599000000.00,8375968000.00,8148715000.00,8416500000.00,8068854000.00,8699247000.00,9323895000.00,9700700000.00,9684700000.00,7782100000.00,7220900000.00,6673700000.00,6911200000.00,6583700000.00,7021000000.00,7496000000.00,9388595000.00,8823200000.00,8390926000.00,8717300000.00,8596410000.00,8519856000.00,5723359000.00,5902700000.00,5742034000.00,6355465000.00,6815901000.00,7558500000.00,8042948000.00,8208604000.00,9225500000.00,9313200000.00,9642301000.00,9854500000.00,10499700000.00,10264300000.00,8558213664.00,8475389546.78,9200965081.00,9382500000.00,9649280008.20,10476776209.20,9960153178.20,9287404290.00,10290754818.50,8363510453.55,7997060991.69,8445324926.43,6528773542.50,6623207829.00,7261512426.00,7050600000.00,8595415673.39,5869554418.83,5620402174.88,5605500000.00,5610919825.28,4717585177.92,5321181700.74,5338997231.76,5333423733.38,4473028317.60,3979006057.60,4164371583.00,3102508799.00,2263194895.20,2356963869.54,2350383756.77,2336511122.11,2254085958.12,1875827450.40,1872662095.60,1898970300.00,1779502608.00,1885290432.90,1625874740.00,1500818760.00,1422155360.00,1453427100.00,1545883200.00,1413414100.00,1169940200.00
negativeGoodwill,,,,,,,,,,,,,,,,0.00,0.00,0.00,0.00,0.00,0.00,,,,,,,,,,,,,,,,,,,,,,,,,,,,,,,,,,,,,,,,,,,,,,,,,,,,,,,,,,,,,,,,,,,,,,,,,,,,,,,,,,,,,
warrants,,,,,,,,,,,,,,,,0.00,0.00,0.00,0.00,0.00,0.00,,,,,,,,,,,,,,,,,,,,,,,,,,,,,,,,,,,,,,,,,,,,,,,,,,,,,,,,,,,,,,,,,,,,,,,,,,,,,,,,,,,,,
preferredStockRedeemable,,,,,,,,,,,,,,,,0.00,0.00,0.00,0.00,0.00,0.00,,,,,,,,,,,,,,,,,,,,,,,,,,,,,,,,,,,,,,,,,,,,,,,,,,,,,,,,,,,,,,,,,,,,,,,,,,,,,,,,,,,,,
capitalSurpluse,,,,,,,,,,,,,,,,0.00,0.00,0.00,0.00,0.00,0.00,,,,,,,,,,,,,,,,,,,,,,,,,,,,,,,,,,,,,,,,,,,,,,,,,,,,,,,,,,,,,,,,,,,,,,,,,,,,,,,,,,,,,
liabilitiesAndStockholdersEquity,137914200000.00,133294400000.00,,137958100000.00,142063954000.00,136633408000.00,127399920000.00,138602500000.00,135133255000.00,124440135000.00,133417831000.00,125196600000.00,127056787000.00,121393008000.00,113687561000.00,101742900000.00,102475317000.00,98738979000.00,96905532000.00,94126100000.00,95691043000.00,90921356000.00,82378945000.00,86851900000.00,83020423000.00,84124011000.00,80733942000.00,83841400000.00,79110196000.00,76656712000.00,80248015000.00,90176300000.00,88043173000.00,74436200000.00,75101200000.00,72143200000.00,65125900000.00,62989000000.00,63297000000.00,68674000000.00,59618974000.00,50982700000.00,48728570000.00,54159900000.00,49391546000.00,48521976000.00,45822291000.00,46139400000.00,45166496000.00,41842844000.00,41698184000.00,42678300000.00,42934285000.00,41063436000.00,40174500000.00,40101000000.00,39253762000.00,40094900000.00,41670600000.00,41813000000.00,34323307668.00,33278572182.06,34209291045.00,35475800000.00,34683193695.50,34693585400.00,34451304878.10,35558964085.00,35475117196.00,32460481434.57,32554500919.62,33471890180.82,33141869887.50,30208776318.00,31271578579.64,33016500000.00,31828726546.39,14068563191.73,14162573290.50,14830100000.00,14138352441.08,11765448280.80,12793467526.20,12381391245.72,12209957737.76,11015581096.20,9952515263.20,11028616633.80,9892333259.50,8594008295.70,8744123312.64,8638819954.46,8245947361.41,8126031812.49,5296422542.40,5425908739.30,5138659530.00,4912432200.00,5229367236.45,4694219460.00,4544175320.00,4376805720.00,4387341900.00,4630060800.00,4400075750.00,4119657850.00
cashAndShortTermInvestments,17641100000.00,12430500000.00,,15380900000.00,19059870000.00,15664973000.00,14233652000.00,18542300000.00,20000745000.00,14514953000.00,19335696000.00,18790300000.00,23103373000.00,17483775000.00,13249295000.00,11915300000.00,15031218000.00,14247441000.00,12836297000.00,11476900000.00,12240677000.00,10632573000.00,7965706000.00,10354500000.00,8348508000.00,8766112000.00,7240164000.00,8159600000.00,7559794000.00,5993548000.00,6216389000.00,13835300000.00,10399594000.00,7676400000.00,8008300000.00,10435100000.00,6274900000.00,6653800000.00,7706400000.00,11574400000.00,5447659000.00,4921900000.00,4024890000.00,9402800000.00,5149069000.00,5135145000.00,8175706000.00,8269600000.00,6619528000.00,5767670000.00,5704628000.00,6978600000.00,7889035000.00,5972147000.00,5648800000.00,4116200000.00,4125725000.00,4281000000.00,4268500000.00,3299000000.00,2059805540.00,1897101526.50,2032196003.00,2483000000.00,2024256341.10,1489887857.80,1859494974.00,1760734877.50,1591355934.50,1590168687.24,1361260645.38,1095614667.84,1058719612.50,1101870693.00,1090177337.62,1505400000.00,1334991012.73,2402904880.98,2610276590.60,2690000000.00,3180938454.68,1578988879.20,2076099954.57,3504899675.70,3595291704.00,3075107476.60,2266419492.00,2538986846.10,1929045974.50,1038794682.30,952831441.61,1028231593.92,822238940.27,1072959169.76,1674973986.40,1697429447.70,1455924960.00,1032961072.00,1204505170.86,1086896720.00,924930080.00,774922000.00,877764000.00,884206800.00,1119272350.00,10442050.00
propertyPlantAndEquipmentGross,,,,,,,,,,25701978000.00,26676905000.00,24768400000.00,25435683000.00,,25063436000.00,22576300000.00,21597197000.00,0.00,21431950000.00,20097000000.00,19673034000.00,,18276310000.00,18822300000.00,18480755000.00,,18658350000.00,19153800000.00,18341681000.00,,18693417000.00,19140100000.00,18624461000.00,,16542000000.00,15740100000.00,14814100000.00,,13592400000.00,13937800000.00,13086251000.00,,11321346000.00,11412300000.00,10965688000.00,,9223878000.00,9265200000.00,8887404000.00,,7275436000.00,7032300000.00,6890079000.00,,6434000000.00,6595100000.00,6270990000.00,,6976500000.00,7304600000.00,6219430048.00,,5495237416.00,5981500000.00,5830390415.50,,5499128175.30,5710067300.00,5735563983.00,,5116749094.08,5401226483.31,5217584625.00,,5403384361.06,5531700000.00,5482789133.06,,4169658130.73,4166300000.00,3789040536.96,,3716869582.80,3289098089.22,2973076577.42,,,,3197377324.00,,,,3419961534.44,,,,2024315730.00,,,,2179108720.00,,,,2124941350.00,
propertyPlantAndEquipmentNet,28925200000.00,29284800000.00,,30055700000.00,29926913000.00,29386901000.00,27494375000.00,29224300000.00,27231875000.00,25701978000.00,26676905000.00,24768400000.00,25435683000.00,25111748000.00,25063436000.00,22576300000.00,21597197000.00,21416968000.00,21431950000.00,20097000000.00,19673034000.00,18762061000.00,18276310000.00,18822300000.00,18480755000.00,18638073000.00,18658350000.00,19153800000.00,18341681000.00,18259924000.00,18693417000.00,19140100000.00,18624461000.00,16820000000.00,16542000000.00,15740100000.00,14814100000.00,13913500000.00,13592400000.00,13937800000.00,13086251000.00,11718000000.00,11321346000.00,11412300000.00,10965688000.00,10409245000.00,9223878000.00,9265200000.00,8887404000.00,7943196000.00,7275436000.00,7032300000.00,6890079000.00,6604150000.00,6434000000.00,6595100000.00,6270990000.00,6489000000.00,6976500000.00,7304600000.00,6219430048.00,5478530121.88,5495237416.00,5981500000.00,5830390415.50,5720810037.20,5499128175.30,5710067300.00,5735563983.00,5118516868.50,5116749094.08,5401226483.31,5217584625.00,5183973837.00,5403384361.06,5531700000.00,5482789133.06,4258035852.57,4169658130.73,4166300000.00,3789040536.96,3535719031.20,3716869582.80,3289098089.22,2973076577.42,2844036858.00,2835719096.80,3143579072.70,3197377324.00,3113077999.80,3235487045.84,3203950054.16,3419961534.44,3403123862.90,1821888140.00,1898596836.90,2024315730.00,2068628952.00,2146155697.89,2127277740.00,2179108720.00,2210031280.00,2185200300.00,2443816800.00,2124941350.00,2123826850.00
accumulatedDepreciation,,,,,,,,,,,,,,,,0.00,0.00,0.00,0.00,0.00,0.00,,,,,,,,,,,,,,,,,,,,,,,,,,,,,,,,,,,,,,,,,,,,,,,,,,,,,,,,,,,,,,,,,,,,,,,,,,,,,,,,,,,,,
netWorkingCapital,3706900000.00,202300000.00,-253700000.00,-2723800000.00,6577300000.00,4340900000.00,1300700000.00,-239300000.00,7089800000.00,3914200000.00,5179200000.00,1864500000.00,8823479000.00,7029136000.00,5868233000.00,,,,,,,,,,,,,,,,,,,,,,,,,,,,,,,,,,,,,,,,,,,,,,,,,,,,,,,,,,,,,,,,,,,,,,,,,,,,,,,,,,,,,,,,,,,
netInvestedCapital,93974000000.00,89170800000.00,88946000000.00,85800600000.00,93597300000.00,89977800000.00,82001000000.00,85743500000.00,90010600000.00,81974500000.00,87071300000.00,76486900000.00,83290203000.00,79085513000.00,71399370000.00,,,,,,,,,,,,,,,,,,,,,,,,,,,,,,,,,,,,,,,,,,,,,,,,,,,,,,,,,,,,,,,,,,,,,,,,,,,,,,,,,,,,,,,,,,,
commonStockSharesOutstanding,15853100000.00,15643750000.00,15842400000.00,15848400000.00,15851891892.00,15855547250.00,15851240130.00,15858600000.00,15859517857.00,15855945055.00,15873107618.00,15868900000.00,15860700000.00,15870620957.00,15868953488.00,15871700000.00,15848204315.00,15863643801.00,15863230036.00,15858600000.00,15849668911.00,15834300000.00,15661993750.00,15841200000.00,15707817165.00,15485753846.00,15708107143.00,15826900000.00,16111747368.00,15739646154.00,15717615000.00,15864600000.00,15530168421.00,15679100000.00,15614794444.00,15841200000.00,15631100000.00,15811700000.00,15812454746.00,15809154308.00,15802400000.00,9834800000.00,9837404958.00,16276018089.00,15632010015.00,15679942422.00,16299196571.00,15667835600.00,15614092489.00,15587589786.00,15587279889.00,15593982420.00,15550754629.00,15553256359.00,15471845492.00,15472346053.00,15416833818.00,15402067263.00,15374736623.00,14891194524.00,15387250653.00,15379742235.00,16773304558.00,15306585218.00,15802400000.00,15802400000.00,15802400000.00,15802400000.00,15802400000.00,15802400000.00,15802400000.00,15802400000.00,16413420091.00,16424288276.00,16374707691.00,15802400000.00,16544748799.00,11028739324.00,11276796070.00,11276796070.00,11397692082.00,11578807455.00,11452487788.00,11452487788.00,11567139599.00,11518555707.00,11427306958.00,11427306958.00,11645949428.00,11645949428.00,11699520887.00,11699520887.00,11611487042.00,3155428301.00,10377210119.00,10377210119.00,10374265643.00,10374265643.00,10385112153.00,10385112153.00,10354856133.00,10515240014.00,10680671580.00,10680671580.00,10914787597.00,11024664681.00
investments,-1210100000.00,-1218400000.00,-1080700000.00,-1095700000.00,167200000.00,-234600000.00,-307200000.00,125131000.00,-821500000.00,806700000.00,-351720000.00,-1650000000.00,-2663908000.00,-3980000.00,-75278000.00,-1912664000.00,-1648400000.00,-894400000.00,-383135000.00,-578156.80,-3210472.61,854587.27,-3865668.04,275800000.00,-10338000.00,18601000.00,272555000.00,-74700000.00,,,,280300000.00,,,,-445700000.00,,,,141707000.00,,,,,,,,,,,,,,,,,,,,,,,,,,,,,,,,,,,,,,,,,,,,,,,,,,,,,,,,,,,,,,,,,,
changeToLiabilities,,,,,1288600000.00,-1834000000.00,-2637607000.00,5821919000.00,1279200000.00,-419700000.00,-523867000.00,4124141000.00,1083489000.00,360452000.00,-2518292000.00,3464346000.00,-86334000.00,-773134000.00,-1222901000.00,711747867.98,46365197.48,110050089.45,-757905291.13,-105800000.00,338988000.00,-1194736000.00,-2707944000.00,-565100000.00,,,,5083200000.00,,,,1577400000.00,,,,0.00,,,,,,,,,,,,,,,,,,,,,,,,439179000.00,,,,144082000.00,,,,7498000.00,,,,79284000.00,,,,,,,,87907000.00,,,,17210000.00,,,,,,,,,,,,,,,,,,
totalCashflowsFromInvestingActivities,,,,,-1648900000.00,-1952300000.00,-307198000.00,-2680176000.00,-2476700000.00,-855100000.00,-1722921000.00,-1650047000.00,-2663908000.00,-814924000.00,-1670692000.00,-1912654000.00,-1648444000.00,-894357000.00,-383135000.00,-333652642.16,-248027674.77,-226496038.84,-1074637593.62,-3073000000.00,-647365000.00,-715880000.00,-607583000.00,-5898000000.00,-839160000.00,-1317000000.00,-2365000000.00,-5997000000.00,,,,-4768000000.00,,,,-3811220000.00,,,,,,,,,,,,,,,,,,,,,,,,,,,,,,,,,,,,41733000.00,,,18498000.00,,,,,,,,,,,,,,,,,,,,,,,,,,,
netBorrowings,,,,,-250300000.00,-167400000.00,-152784000.00,-306297000.00,-122900000.00,-1852400000.00,-553380000.00,-1834179000.00,-33919000.00,3183676000.00,-89079000.00,-1343640000.00,-1018822000.00,-136048000.00,554720000.00,-600456548.06,43055175.33,4957321.75,583171961.83,-2546300000.00,-1473882000.00,-106335000.00,-246903000.00,1892900000.00,,,,-696500000.00,,,,-786700000.00,,,,-661318000.00,,,,,,,,,,,,,,,,,,,,,,,,,,,,,,,,,,,,,,,,,,,,,,,,,,,,,,,,,,,,,,,,,,
totalCashFromFinancingActivities,-1402000000.00,-1706600000.00,-1016300000.00,-12680300000.00,-926494000.00,-11446000.00,-2719620000.00,-10491200000.00,155000000.00,-3927900000.00,-1777751000.00,-9579000000.00,-861500000.00,1986100000.00,-147582000.00,-10348000000.00,-1274400000.00,-277200000.00,-383831000.00,-11091700000.00,-2634612000.00,-16843000.00,521558000.00,-6575100000.00,-3969928000.00,-461905000.00,-1857158000.00,-5628200000.00,-2255532000.00,-1064229000.00,-2697169000.00,-4695133000.00,-2080912000.00,-2732200000.00,-5819600000.00,-3376100000.00,-2504400000.00,-2728800000.00,-4534500000.00,-2300700000.00,-5814604000.00,-111400000.00,-5340067000.00,-1799953000.00,-2680917000.00,-2851444000.00,-319986000.00,-3795520000.00,-1696024000.00,-1270553000.00,-1889903000.00,-3893537000.00,738782000.00,-1522945000.00,-183900000.00,-2735493000.00,-1565907000.00,-1259500000.00,-368100000.00,-2679094304.00,-256006352.20,-728790058.80,-341809285.00,-1475649145.70,-1032501885.30,-1653399709.60,-663649259.40,-943568865.00,11014440.00,463559938.56,-995956243.56,-2296745176.71,-148316985.00,176316330.40,-703297155.40,,,-386252641.37,-395696688.94,-1543800905.84,1712489980.56,-102396837.18,-412992237.54,-2889753034.12,380447296.58,171821170.20,-574714727.20,782328765.90,665844532.20,158372561.18,-222134581.88,,,,-115962706.40,,,,,,,,,,,
changeToOperatingActivities,,,,,,,,,,,,187366000.00,-187366000.00,-187366000.00,-187366000.00,-187366000.00,0.00,0.00,60060000.00,15474196.79,14947363.18,15348837.21,0.00,-100000.00,,,,-100000.00,1053000000.00,-1483000000.00,-1483000000.00,100000.00,,,,100000.00,,,,1279908000.00,,,,,,,,,,,,,,,,,,,,,,,,,,,,,,,,,,,,,,,,,,,,,,,,,,,,,,,,,,,,,,,,,,
changeInCash,5399400000.00,-43900000.00,-2795100000.00,-2421800000.00,3663184000.00,814220000.00,-3800725000.00,-1147400000.00,4569300000.00,-4110800000.00,195733000.00,-3891300000.00,4233400000.00,3543700000.00,1303830000.00,-3116300000.00,821400000.00,1373000000.00,1359026000.00,-738500000.00,1583271000.00,2665394000.00,-2399385000.00,2012000000.00,-389593000.00,1501138000.00,-647706000.00,821900000.00,1502660000.00,-455029000.00,-7610300000.00,4127917000.00,2782225000.00,-72100000.00,-2843300000.00,4220900000.00,-623500000.00,-1270100000.00,-4242500000.00,6451600000.00,352068000.00,770500000.00,-5260743000.00,4395937000.00,-360039000.00,-1816349000.00,-1357384000.00,2107027000.00,730485000.00,597725000.00,-1279636000.00,-1978038000.00,1972080000.00,366558000.00,1523400000.00,172513000.00,-393813000.00,-9800000.00,975400000.00,1220296432.00,199742092.08,-32219465.08,-411975793.00,-2775759563.20,2014581091.60,1382710754.10,150339039.30,-1708502567.00,2136198503.52,206811167.70,56554998.81,-21047258.64,-32562441.00,58152868.69,-459925155.55,,,-318847055.55,150980001.01,-803358020.84,720624992.84,-334125006.84,-1175649576.54,-512611546.94,366087851.02,780440302.80,-182398368.80,2385433640.10,-23082865.20,6902812.89,-1957132.88,54889905.51,,,-22420283.20,,,,,,59260000.00,,,,,
beginPeriodCashFlow,12013100000.00,12057000000.00,14852100000.00,17273900000.00,13610679000.00,12796459000.00,16597184000.00,17744600000.00,13175300000.00,17286100000.00,17090335000.00,20981600000.00,16748200000.00,13204500000.00,11900642000.00,15016900000.00,14195500000.00,12822500000.00,11463498000.00,12202000000.00,10618744000.00,7953350000.00,10352735000.00,-15959400000.00,8730281000.00,7229143000.00,7876849000.00,-11559600000.00,5552293000.00,6007322000.00,13617622000.00,9489783000.00,6707558000.00,6779700000.00,9623000000.00,-13321300000.00,6025600000.00,7295700000.00,11538200000.00,-4482200000.00,4482175000.00,3665300000.00,8926042000.00,4530163000.00,4890202000.00,6706551000.00,8063935000.00,5956873000.00,5226388000.00,4628663000.00,5908299000.00,7886338000.00,5914258000.00,5547700000.00,4024300000.00,3851787000.00,4245600000.00,4255400000.00,3280000000.00,2059703568.00,1859961475.92,1892180941.00,2304156734.00,5083959563.20,3069378471.60,1686667717.50,1536328678.20,3243783147.00,1107584643.48,900773475.78,844218476.97,857823615.00,890386056.00,832233187.31,1292158342.86,,1024944737.64,1343791793.19,1192811792.18,1999458020.84,1278833028.00,1612958034.84,2788607611.38,3282110077.82,2916022226.80,2135581924.00,2317980292.80,26627899.50,49710764.70,42807951.81,44765084.69,,1674975732.80,,1697396016.00,,,,,,,,,,,
endPeriodCashFlow,17412500000.00,12013100000.00,12057000000.00,14852100000.00,17273863000.00,13610679000.00,12796459000.00,16597200000.00,17744600000.00,13175300000.00,17286068000.00,17090300000.00,20981600000.00,16748200000.00,13204472000.00,11900600000.00,15016900000.00,14195500000.00,12822524000.00,11463500000.00,12202015000.00,10618744000.00,7953350000.00,-13947400000.00,8340688000.00,8730281000.00,7229143000.00,-10737700000.00,7054953000.00,5552293000.00,6007322000.00,13617700000.00,9489783000.00,6707600000.00,6779700000.00,-9100400000.00,5402100000.00,6025600000.00,7295700000.00,1969400000.00,4834243000.00,4435800000.00,3665299000.00,8926100000.00,4530163000.00,4890202000.00,6706551000.00,8063900000.00,5956873000.00,5226388000.00,4628663000.00,5908300000.00,7886338000.00,5914258000.00,5547700000.00,4024300000.00,3851787000.00,4245600000.00,4255400000.00,3280000000.00,2059703568.00,1859961475.92,1892180941.00,2308200000.00,5083959563.20,3069378471.60,1686667717.50,1535280580.00,3243783147.00,1107584643.48,900773475.78,836776356.36,857823615.00,890386056.00,832233187.31,1292158342.86,,1024944737.64,1343791793.19,1196100000.00,1999458020.84,1278833028.00,1612958034.84,2769498530.88,3282110077.82,2916022226.80,2135581924.00,2412061539.60,26627899.50,49710764.70,42807951.81,54889905.51,,,1674975732.80,,,,,,59260000.00,,,,,
totalCashFromOperatingActivities,7923000000.00,3415700000.00,-576300000.00,11810800000.00,6109394000.00,2202203000.00,519756000.00,11792500000.00,6398200000.00,1873500000.00,2836858000.00,8393600000.00,7079400000.00,1838800000.00,1544057000.00,9634900000.00,3552200000.00,3114100000.00,2080145000.00,8786200000.00,5257317000.00,3075422000.00,792295000.00,8901000000.00,4563948000.00,2424634000.00,1984496000.00,7932900000.00,4544554000.00,2081877000.00,-2214818000.00,10987770000.00,5488724000.00,3872100000.00,3232200000.00,8771800000.00,2934200000.00,2591300000.00,1578000000.00,9745500000.00,7255381000.00,1695900000.00,732257000.00,7162965000.00,3661742000.00,2596790000.00,707103000.00,5980767000.00,2966586000.00,2423881000.00,1235566000.00,3712079000.00,2100183000.00,2366438000.00,1884100000.00,3307636000.00,1829464000.00,1991100000.00,1568900000.00,5286314108.00,321514646.50,657878426.50,766892819.00,2444989418.40,2157112877.60,1990879835.90,1325617868.10,1485738035.00,3431739152.49,-396898861.50,1450257471.51,3021928662.21,189261715.50,424379279.80,511440297.20,1287608000.00,,333977752.72,491454511.64,1776995822.88,454735456.00,-122576835.99,418445557.11,1877426969.78,-453152630.06,921271228.80,397552984.80,521393768.80,473091148.70,236671364.02,250322491.28,54889905.51,,,86876414.40,,,,,,59260000.00,,,,,
issuanceOfCapitalStock,0.00,0.00,14500000.00,2300000.00,0.00,0.00,23764000.00,,0.00,2951000.00,,,,,,,,,,,,,,,,,,,,,,,,,,,,,,,,,,,,,,,,,,,,,,,,,,,,,,,,,,,,,,,,,,,,,,,,,,,,,,,,,,,,,,,,,,,,,,,,
depreciation,1671500000.00,1703900000.00,1526800000.00,1632300000.00,1523412000.00,1469615000.00,1330963000.00,1462500000.00,1370500000.00,1300100000.00,1263530000.00,1364200000.00,1326900000.00,1302200000.00,1174012000.00,1264100000.00,1255500000.00,1109200000.00,1046498000.00,1161800000.00,1068990000.00,923214000.00,869095000.00,994400000.00,917670000.00,872395000.00,827570000.00,916800000.00,847504000.00,883831000.00,863835000.00,885279000.00,753872000.00,763900000.00,671500000.00,710900000.00,593800000.00,552900000.00,534800000.00,519400000.00,534875000.00,493300000.00,476150000.00,500519000.00,461083000.00,427873000.00,379125000.00,396709000.00,363854000.00,349479000.00,344658000.00,496570000.00,357381000.00,337549000.00,375700000.00,360169000.00,313831000.00,341700000.00,360800000.00,469269364.00,1344292.90,23307595.10,796778748.00,-691948394.70,712232313.50,717712316.10,686003765.10,1469266430.00,,-3396381.27,672323486.76,1974199450.53,42658429.50,-162137664.71,749253627.71,,,3852784.80,270038797.38,764349540.28,12690810.28,-9744774.66,251404424.10,564242624.46,1176898.84,6837984.80,177741854.40,131958923.20,222832072.70,179710703.59,173507190.71,,,,98682078.40,,,,,,,,,,,
otherCashflowsFromInvestingActivities,,,,,,14700000.00,14700000.00,10002000.00,100000.00,-100000.00,5044000.00,5000000.00,5000000.00,5044000.00,100000.00,100000.00,2867000.00,2867000.00,202296000.00,-2782572.85,-2289639.38,-7419371.33,-75199.32,56792000.00,37558000.00,8277000.00,3823000.00,41067000.00,22440000.00,15275000.00,4413000.00,49529000.00,32592000.00,34397000.00,2124000.00,68328000.00,43471000.00,28980000.00,19708000.00,47442000.00,29188000.00,12316000.00,3667000.00,51866000.00,11575000.00,,1110000.00,67966000.00,4592000.00,,,,,,,,,,,,,,,,,,,,,,,,,,,67684000.00,,,,,,,,,,,,,,,,,,,,,,,,,,,,,,
dividendsPaid,-125400000.00,-128600000.00,-38200000.00,-11959800000.00,117571000.00,142919000.00,22006000.00,9617600000.00,24600000.00,231900000.00,1241110000.00,6669000000.00,130000000.00,4700000.00,46548000.00,7644300000.00,163600000.00,10400000.00,53007000.00,5129300000.00,2538524000.00,46601000.00,1099721000.00,4955000000.00,2649794000.00,82979000.00,1132019000.00,5984800000.00,2159773000.00,86381000.00,2099649000.00,2423071000.00,2477564000.00,1627800000.00,4961800000.00,3518700000.00,2548900000.00,2075900000.00,3916100000.00,1510700000.00,4912576000.00,13200000.00,4989171000.00,1651749000.00,1267091000.00,2465758000.00,65502000.00,2344624000.00,1292174000.00,29536000.00,1809066000.00,3990580000.00,16465000.00,992655000.00,31100000.00,2312794000.00,776406000.00,241700000.00,229600000.00,1829231468.00,108043990.32,1077899431.32,2713091.00,1285016125.70,13275466.70,214105464.40,440202943.20,839097000.00,,71735939.40,386092220.55,1557249263.34,703579468.50,899871805.00,909624709.00,227081000.00,,264085268.86,277295196.04,1024765202.16,4382434.32,330818186.25,337335418.41,335319183.24,7042061.30,165465997.60,172788590.40,5380574.00,163222512.80,6556850.85,148960760.85,,,,97302422.40,,,,,,,,,,,
changeToInventory,996500000.00,333800000.00,-496400000.00,-851400000.00,-60636000.00,-923852000.00,-1252106000.00,-1526400000.00,267300000.00,-518100000.00,-1722216000.00,-548200000.00,377400000.00,10000000.00,-1142700000.00,-190500000.00,178600000.00,-166100000.00,-666025000.00,-177200000.00,-400101000.00,-125160000.00,-464714000.00,20600000.00,201360000.00,-85769000.00,-199947000.00,-115700000.00,89650000.00,272567000.00,-683542000.00,-114110000.00,-47260000.00,224700000.00,-744900000.00,-215800000.00,33100000.00,-71000000.00,-335200000.00,-228800000.00,95213000.00,165000000.00,-454019000.00,-6061000.00,64401000.00,-83732000.00,-170908000.00,-245475000.00,186783000.00,129989000.00,-361097000.00,-299259000.00,-36822000.00,-156119000.00,-91900000.00,-43758000.00,224658000.00,150300000.00,-140800000.00,-467424988.00,141904425.56,84297227.44,-154076665.00,-216800882.70,74741626.90,16793277.70,-23634021.90,,,36698265.15,-19502626.62,83390756.10,22155246.00,-144099928.49,131696677.49,,,53618003.23,18456618.14,-91194713.00,-40483682.68,113463579.12,-30385183.44,-142471544.54,202921721.52,1294568.00,-23943007.20,-71393114.40,-41250557.40,2996506.56,-39463073.16,,,,17214264.80,,,,,,,,,,,
changeToAccountReceivables,,,,,-815700000.00,-877000000.00,857142000.00,1101277000.00,-518600000.00,-1706000000.00,1464781000.00,-2987105000.00,774477000.00,-1302020000.00,2665860000.00,-220.36,-35.71,-76.92,248.20,-148047819.03,155745252.73,-272396626.63,261385600.39,-265600000.00,-52311000.00,320925000.00,454760000.00,-578400000.00,130267000.00,199394000.00,287762000.00,-380800000.00,104862000.00,65665000.00,54712000.00,-502600000.00,,,80909000.00,-861700000.00,,,91386000.00,,-575871000.00,80188000.00,,,,56382000.00,199487000.00,,,,238202000.00,,620000.00,4223000.00,101274000.00,,,,,,,,,,,,,,,,,,,,94655000.00,,,,,30477000.00,,,,,99853000.00,147250000.00,120987000.00,,,,,,,,,,,,,,,
salePurchaseOfStock,-54100000.00,-20231000.00,-4900000.00,,-630000.00,-47998000.00,-7791000.00,-1300000.00,0.00,-4410000.00,-38426000.00,-1300000.00,-100000.00,-1500000.00,-4467000.00,-15000000.00,-14264000.00,-1400000.00,-1333000.00,463600000.00,1629665000.00,1436679000.00,-8599000.00,6122000.00,-11954000.00,1356139000.00,-48375000.00,1377400000.00,1511351000.00,-5005000.00,773116000.00,13943000.00,-383477000.00,-404400000.00,-50300000.00,-50500000.00,-10700000.00,-7600000.00,-5400000.00,-171700000.00,,-7400000.00,-1513000.00,311104000.00,479406000.00,-20033000.00,-197000.00,-1145000.00,-25730000.00,-4163000.00,-62000.00,233532000.00,-617000.00,46249000.00,111300000.00,-62138000.00,211838000.00,,,-584696216.00,89694232.70,402288076.30,-507886093.00,-676421048.40,-278758761.40,-1374800571.00,-764319619.20,,,406634228.40,-458735031.63,-332074148.43,-16426696.50,88999080.66,-103372026.66,,,-405708713.48,-160778745.25,-258980211.08,144561512.20,-146296630.44,-47784670.68,-319004446.46,17819683.64,228048511.60,-263964347.20,-34012642.50,-34428500.70,-86819082.87,-91402868.43,,,,,,,,,,,,,,,
otherCashflowsFromFinancingActivities,-861300000.00,-1231500000.00,-681800000.00,-411600000.00,-482515000.00,415698000.00,-2501827000.00,-599100000.00,418700000.00,-1800541000.00,161817000.00,-1074500000.00,-697500000.00,-100000.00,-7488000.00,-1298985000.00,-57927000.00,-61000000.00,-85124000.00,-3632800000.00,-277756000.00,4131000.00,1719343000.00,-797322000.00,165702000.00,-288198000.00,-429861000.00,-539800000.00,-731132000.00,-794192000.00,-1142771000.00,-1873825000.00,540244000.00,-554200000.00,4029200000.00,644200000.00,291300000.00,-256100000.00,-55100000.00,-490900000.00,-729268000.00,249100000.00,-199005000.00,-195979000.00,-476736000.00,-217657000.00,723677000.00,677917000.00,-96069000.00,18051000.00,65106000.00,923813000.00,724912000.00,14844000.00,-33300000.00,-67089000.00,-64511000.00,913100000.00,456500000.00,-7667660.00,176575719.00,-53178703.78,168789899.00,938136521.70,61577791.50,-64493674.20,540873303.00,-943568865.00,11014440.00,128661649.56,-151128991.38,-407421764.94,571689180.00,987189054.74,309699580.26,35028000.00,,283541340.97,42377252.35,-260055492.60,1572310902.68,374717979.51,-27872148.45,-2235429404.42,369669674.24,329129429.60,16821016.80,821721982.40,863495545.70,251748494.90,18229047.40,,,,-18660284.00,,,,,,,,,,,
changeToNetincome,,,,,1065100000.00,1397800000.00,-1184759000.00,1359010000.00,447300000.00,331400000.00,-1176257000.00,-1888054000.00,2784818000.00,217121000.00,297581000.00,2032588000.00,-65277000.00,629655000.00,1065886000.00,626933759.31,235210671.71,152179401.99,-137218531.05,7490400000.00,3189789000.00,1197028000.00,459147000.00,-2012700000.00,,,,4061500000.00,,,,984200000.00,,,,4041435000.00,,,,,,,,,,,,,,,,,,,,,,,,142721000.00,,,,17290000.00,,,,,,,,66026000.00,,,,169706000.00,,,,,,,,19816000.00,,,,,,,,,,,,,,,,,,
capitalExpenditures,1282700000,1295700000,1153000000,2035500000,1855947000,1753090000,888537000,3010300000,1699700000,1639700000,1327335000,1394400000,1149900000,807100000,1346319000,2003900000,1623700000,895800000,546056000,1352800000,940399000,805079000,472676000,1165500000,727630000,751040000,559499000,1372100000,901999000,1151255000,707284000,2069863000,1284719000,1187200000,719500000,1276400000,1220200000,1120600000,875800000,1442700000,1057993000,756400000,543654000,1054664000,965662000,628161000,365613000,726097000,891618000,1001725000,580760000,770357000,769502000,527941000,219000000,574820000,323480000,386400000,154100000,1399143752,91529999.52,222117875.48,244508373,574282869.9,462878334.1,404561708.7,189177087.3,668026000,0,133385393.34,168416898.15,986606523.54,43980588,124345522.98,213712414.02,479736000,0,0,129749388.49,667100304.72,29073418.8,2500701.12,163525575.36,395466539.22,36841212.38,52680331.8,37312357.6,155711656,136515533.3,104337328.62,50257613.58,137782000,0,,29161387.2,,,,,,0,,,,,
changeReceivables,,,,,,,,,,,,,,,,0.00,0.00,0.00,0.00,0.00,0.00,,,,,,,,,,,,,,,,,,,,,,,,,,,,,,,,,,,,,,,,,,,,,,,,,,,,,,,,,,,,,,,,,,,,,,,,,,,,,,,,,,,,,
cashFlowsOtherOperating,,,,,,,,,,,,,,,,0.00,0.00,0.00,0.00,0.00,0.00,,,,,,,,,,,,,,,,,,,,,,,,,,,,,,,,,,,,,,,,,,,,,,,,,,,,,,,,,,,,,,,,,,,,,,,,,,,,,,,,,,,,,
exchangeRateChanges,,,,,,,,,,,,,,,,0.00,0.00,0.00,0.00,0.00,0.00,,,,,,,,,,,,,,,,,,,,,,,,,,,,,,,,,,,,,,,,,,,,,,,,,,,,,,,,,,,,,,,,,,,,,,,,,,,,,,,,,,,,,
cashAndCashEquivalentsChanges,,,,,,,,,,,,,,,,0.00,0.00,0.00,0.00,0.00,0.00,,,,,,,,,,,,,,,,,,,,,,,,,,,,,,,,,,,,,,,,,,,,,,,,,,,,,,,,,,,,,,,,,,,,,,,,,,,,,,,,,,,,,
changeInWorkingCapital,896800000.00,-1411600000.00,-4844700000.00,3571200000.00,412301000.00,-3634853000.00,-3032571000.00,5396800000.00,1027900000.00,-2643800000.00,-781302000.00,588800000.00,2235400000.00,-931500000.00,-995132000.00,2298800000.00,-135600000.00,-1145400000.00,-1201705000.00,2010700000.00,411939000.00,-760422000.00,-2108790000.00,2204300000.00,488037000.00,-1657937000.00,-1469576000.00,1759600000.00,939155000.00,-1593963000.00,-2685367000.00,3462042000.00,1480272000.00,337700000.00,-1259300000.00,2159800000.00,79000000.00,-405200000.00,-1367900000.00,1898200000.00,438212000.00,-706100000.00,-1955155000.00,1945734000.00,509689000.00,-261870000.00,-2177453000.00,1340334000.00,433178000.00,-34994000.00,-1143118000.00,1393108000.00,-150962000.00,-3347000.00,-491600000.00,609585000.00,210615000.00,-110500000.00,-1016700000.00,282471644.00,-312387411.80,1035393849.80,-892378082.00,-270278198.60,829044739.60,11143946.90,53589512.10,-3318056694.00,3187852987.80,-487877818.86,149016825.06,-576653683.86,117269955.00,780918142.97,-794636077.97,,,248911758.89,-298780622.24,-447243246.88,96284863.36,369165365.25,-357506981.73,-214436540.78,312458549.94,209140040.40,-161257748.80,58138753.60,-45731105.80,-6362748.92,-166429903.78,,,,-146884464.80,,,,,,,,,,,
stockBasedCompensation,87800000.00,104700000.00,77200000.00,95900000.00,66955000.00,73051000.00,77929000.00,80000000.00,108100000.00,94400000.00,105142000.00,40800000.00,63900000.00,52200000.00,51797000.00,46100000.00,40800000.00,73400000.00,45402000.00,42600000.00,38244000.00,46278000.00,33855000.00,82100000.00,40811000.00,41432000.00,44950000.00,45400000.00,39333000.00,47591000.00,37958000.00,55985000.00,53061000.00,42200000.00,45900000.00,44900000.00,35500000.00,36200000.00,44500000.00,61900000.00,39556000.00,37800000.00,42926000.00,38596000.00,42842000.00,,,,,,,39110000.00,,28895000.00,24500000.00,61531000.00,16069000.00,37000000.00,20100000.00,,192325733.36,-51301627.36,-47221410.00,,-617509726.50,729001100.70,-282898563.30,,,156273556.14,-33521912.37,,,,,,,143082266.30,219909997.06,407399304.60,52851037.16,,,315279833.90,-405457207.02,579876206.40,251199652.00,58726911.90,92066999.70,,,,,,74841972.00,,,,,,,,,,,
otherNonCashItems,1164100000.00,581700000.00,-1271600000.00,2183900000.00,1302823000.00,755768000.00,-1422179000.00,749000000.00,723100000.00,-494300000.00,-665920000.00,-2064500000.00,1022100000.00,307700000.00,-177540000.00,2270800000.00,-434900000.00,96900000.00,-1191579000.00,979700000.00,983743000.00,262633000.00,-1219357000.00,598400000.00,183127000.00,823452000.00,-46792000.00,-152900000.00,313741000.00,345314000.00,-3661620000.00,647110000.00,-700122000.00,-31700000.00,-140200000.00,380200000.00,-1046400000.00,-64200000.00,-782100000.00,1902400000.00,3071270000.00,-580300000.00,-714523000.00,608433000.00,-259656000.00,473194000.00,138745000.00,1179496000.00,465717000.00,263701000.00,-72014000.00,-1201422000.00,66092000.00,881225000.00,295300000.00,508924000.00,-638124000.00,1008600000.00,580900000.00,304997776.00,-18456910.20,-38567725.80,57224732.00,2269863687.60,477369455.90,-7418120.40,1308315.60,3640382220.00,-906155931.03,22081812.57,2166716.07,347671940.28,82064461.50,-513349401.67,467069727.67,,,2706.23,-5791.22,119302892.68,-8567.24,88909564.38,-33554231.58,200.60,-6485.02,513.40,2231.20,4910.80,-365.20,40381607.97,104132892.03,-54889905.51,,,-3492.80,,,,,,-59260000.00,,,,,
freeCashFlow,6640300000.00,2120000000.00,-1729300000.00,9775300000.00,4253447000.00,449113000.00,-368781000.00,8782200000.00,4698500000.00,233800000.00,1509523000.00,6999200000.00,5929500000.00,1031700000.00,197738000.00,7631000000.00,1928500000.00,2218300000.00,1534089000.00,7433400000.00,4316918000.00,2270343000.00,319619000.00,7735500000.00,3836318000.00,1673594000.00,1424997000.00,6560800000.00,3642555000.00,930622000.00,-2922102000.00,8917907000.00,4204005000.00,2684900000.00,2512700000.00,7495400000.00,1714000000.00,1470700000.00,702200000.00,8302800000.00,6197388000.00,939500000.00,188603000.00,6108301000.00,2696080000.00,1968629000.00,341490000.00,5254670000.00,2074968000.00,1422156000.00,654806000.00,2941722000.00,1330681000.00,1838497000.00,1665100000.00,2732816000.00,1505984000.00,1604700000.00,1414800000.00,3887170356.00,229984646.98,435760551.02,522384446.00,1870706548.50,1694234543.50,1586318127.20,1136440780.80,1485738035.00,3431739152.49,-530284254.84,1281840573.36,2035322138.67,145281127.50,300033756.82,297727883.18,,,333977752.72,361705123.15,1109895518.16,425662037.20,-125077537.11,254919981.75,1481960430.56,-489993842.44,868590897.00,360240627.20,365682112.80,336575615.40,132334035.40,200064877.70,54889905.51,,,57715027.20,,,,,,59260000.00,,,,,
researchDevelopment,,,,,,,,,,,,,,,,0.00,0.00,0.00,0.00,0.00,0.00,0.00,0.00,0.00,0.00,0.00,0.00,0.00,0.00,0.00,0.00,0.00,0.00,0.00,0.00,0.00,0.00,0.00,0.00,0.00,0.00,0.00,0.00,0.00,0.00,0.00,0.00,0.00,0.00,0.00,0.00,0.00,0.00,0.00,0.00,0.00,0.00,0.00,0.00,0.00,0.00,0.00,0.00,0.00,0.00,0.00,0.00,0.00,0.00,0.00,0.00,0.00,0.00,0.00,0.00,0.00,0.00,0.00,0.00,0.00,0.00,0.00,0.00,0.00,0.00,0.00,0.00,0.00,0.00,0.00,0.00,0.00,0.00,0.00,0.00,,,,,,,,,,,
effectOfAccountingCharges,,,,,,,,,,,,,,,,0.00,0.00,0.00,0.00,0.00,0.00,0.00,0.00,0.00,0.00,0.00,0.00,0.00,0.00,0.00,0.00,0.00,0.00,0.00,0.00,0.00,0.00,0.00,0.00,0.00,0.00,0.00,0.00,0.00,0.00,0.00,0.00,0.00,0.00,0.00,0.00,0.00,0.00,0.00,0.00,0.00,0.00,0.00,0.00,0.00,0.00,0.00,0.00,0.00,0.00,0.00,0.00,0.00,0.00,0.00,0.00,0.00,0.00,0.00,0.00,0.00,0.00,0.00,0.00,0.00,0.00,0.00,0.00,0.00,0.00,0.00,0.00,0.00,0.00,0.00,0.00,0.00,0.00,0.00,0.00,,,,,,,,,,,
incomeBeforeTax,2803900000.00,2371900000.00,3877700000.00,4327500000.00,2803903000.00,3538622000.00,3565614000.00,4104200000.00,3122460000.00,3617085000.00,2915408000.00,8464300000.00,2431040000.00,1108173000.00,1490920000.00,3755000000.00,2826417000.00,2980011000.00,3381529000.00,4591400000.00,2754401000.00,2603719000.00,3217492000.00,5021800000.00,2934303000.00,2345292000.00,2628344000.00,5364100000.00,2404821000.00,2399104000.00,3230376000.00,5937300000.00,3901641000.00,2760100000.00,3914300000.00,5476000000.00,3272300000.00,2471600000.00,3148700000.00,5363600000.00,3171468000.00,2451200000.00,2882859000.00,4757287000.00,2986521000.00,2352350000.00,2951542000.00,4005225000.00,2324634000.00,2204035000.00,2707906000.00,3183259000.00,2343548000.00,1964407000.00,2212500000.00,2490382000.00,1811462000.00,1775800000.00,2118900000.00,3411842572.00,1322351732.00,764586138.60,1112269478.00,1684619198.30,1001809890.20,789148405.20,1054475631.30,1676845440.50,836846127.00,662858440.86,944716572.39,931130586.30,607675365.00,736267329.00,292211931.76,797905852.74,305464263.39,303060162.63,419304597.27,503298196.48,399230337.52,204965107.20,766586689.56,863507211.38,-62457533.16,252972526.60,182924932.00,411485240.50,168583828.00,55651422.30,206202567.65,137175827.26,-27792455.24,-130012562.49,83380121.60,123899868.20,52604910.00,107713632.00,21084937.83,96674840.00,72652760.00,106291540.00,89709300.00,133121300.00,66168200.00,158783750.00
minorityInterest,-106500000.00,-94800000.00,-119700000.00,-116500000.00,-106500000.00,-94300000.00,-116100000.00,-139700000.00,-160200000.00,1212000000.00,1586272000.00,1335496000.00,1567867000.00,1609542000.00,1749164000.00,1277980000.00,1269693000.00,1303586000.00,1382121000.00,310927008.99,264951096.29,301249169.44,285221973.91,49515000.00,45810000.00,32546000.00,28676000.00,49261000.00,36536000.00,43400000.00,35810000.00,26388000.00,13288000.00,27554000.00,47790000.00,39806000.00,26928000.00,22644000.00,22243000.00,749364000.00,21180000.00,307145000.00,460631000.00,1964423000.00,12028000.00,11508000.00,11114000.00,16836000.00,5914000.00,8892000.00,10662000.00,16560000.00,7994000.00,9807000.00,393000.00,1320000.00,-10125000.00,10125000.00,10432000.00,35136000.00,0.00,-7912000.00,7912000.00,19072000.00,4096000.00,-4082000.00,4082000.00,7925000.00,984000.00,0.00,0.00,-916000.00,916000.00,16000.00,0.00,1394000.00,-697000.00,697000.00,2202000.00,2830000.00,0.00,-2409000.00,2409000.00,1197000.00,0.00,0.00,0.00,577000.00,3070000.00,-774000.00,774000.00,104267000.00,32027000.00,50811000.00,57481000.00,,,,,,,,,,,
sellingGeneralAdministrative,1314300000.00,1315600000.00,1305600000.00,1454200000.00,1314336000.00,1294802000.00,1173436000.00,1383900000.00,1116561000.00,1142886000.00,1234059000.00,897000000.00,704057000.00,682032000.00,665346000.00,678600000.00,632466000.00,707400000.00,661522000.00,595200000.00,617105000.00,582760000.00,572143000.00,1018900000.00,528467000.00,520780000.00,555659000.00,573900000.00,505055000.00,553551000.00,533638000.00,653300000.00,569504000.00,537000000.00,521500000.00,627500000.00,394200000.00,354900000.00,443400000.00,632600000.00,352498000.00,396400000.00,351740000.00,395029000.00,504853000.00,343007000.00,303611000.00,369975000.00,278384000.00,209597000.00,322644000.00,260610000.00,299712000.00,309319000.00,327300000.00,446479000.00,323953000.00,394600000.00,313100000.00,561571000.00,1593527988.00,858634000.00,722378000.00,789899000.00,1209964815.50,698509000.00,561322000.00,643006000.00,1303370286.00,578810000.00,480525000.00,479461000.00,1075786717.50,499423000.00,395274000.00,522323000.00,727908634.50,185960000.00,205538000.00,262035000.00,433369746.88,234616000.00,150392000.00,176307000.00,360385726.58,74220000.00,201251000.00,287751000.00,387193007.00,131112000.00,159283000.00,10351000.00,318588254.82,202453000.00,237937000.00,,195440805.00,,,,162727960.00,,,,188206900.00,
sellingAndMarketingExpenses,4896800000.00,4772100000.00,4658000000.00,5299000000.00,4896778000.00,4490857000.00,4045995000.00,5109600000.00,4275220000.00,4008878000.00,3574633000.00,4163800000.00,3898698000.00,3150264000.00,3406852000.00,3456300000.00,3078160000.00,3085118000.00,3028003000.00,3309100000.00,2892641000.00,3168975000.00,3095288000.00,3168600000.00,2971041000.00,2850624000.00,2925230000.00,3056200000.00,2951972000.00,2939355000.00,3063008000.00,3278100000.00,2613769000.00,2587200000.00,2698800000.00,2336200000.00,2159900000.00,2347200000.00,2315400000.00,1954800000.00,1999915000.00,2084600000.00,1988907000.00,1974987000.00,1820697000.00,1803545000.00,1747371000.00,1682319000.00,1544036000.00,1510816000.00,1513829000.00,1670443000.00,1482502000.00,1461996000.00,1423600000.00,1583833000.00,1346801000.00,1307200000.00,1304200000.00,,,,,,,,,,,,,,,,,,,,,,,,,,,,,,,,,,,,,,,,,,,,,,,
grossProfit,9939500000.00,9262500000.00,10400000000.00,11707700000.00,9939569000.00,8614741000.00,9024666000.00,11514700000.00,9239538000.00,7745872000.00,8694431000.00,10358700000.00,8181349000.00,5813453000.00,6959408000.00,9477400000.00,6727920000.00,7183832000.00,7532425000.00,9966900000.00,6693030000.00,7122312000.00,7179471000.00,10038900000.00,6880181000.00,6219764000.00,6718664000.00,8569900000.00,6267329000.00,6482599000.00,7604782000.00,10367200000.00,7001207000.00,6135400000.00,7155000000.00,8423100000.00,5668600000.00,5136700000.00,6036800000.00,7778600000.00,5627756000.00,4910800000.00,5149983000.00,7077430000.00,5414090000.00,4525004000.00,4922976000.00,5841075000.00,4244274000.00,3793042000.00,4455009000.00,5002960000.00,3919590000.00,3739353000.00,4122400000.00,4527048000.00,3552755000.00,3623700000.00,3758600000.00,3937876080.00,3168416264.00,3102055254.64,3197298255.00,3967790392.60,3086901225.80,2963656476.80,3097793061.30,3390661566.50,2876868691.50,2704497017.25,2666671074.72,2976081679.23,2525143005.00,2328664338.00,2352526581.93,2825533969.50,1774873163.66,1242902366.13,1369516392.43,1652083486.20,1115070286.40,871794001.92,1009156803.24,1570726480.34,876907805.22,755997325.40,805378414.40,1189731569.30,682988667.50,593256478.80,707561990.31,864405540.52,557864039.37,474822596.67,473370452.00,433154358.30,305898345.00,261013376.00,353116514.01,450933720.00,294996280.00,276774380.00,335756100.00,413797800.00,233560600.00,196030650.00
reconciledDepreciation,1671500000.00,1703900000.00,1526800000.00,1632300000.00,1523400000.00,1469600000.00,1331000000.00,1462500000.00,1370500000.00,1300100000.00,1263500000.00,1364253000.00,1326944000.00,1302191000.00,1174012000.00,1264087000.00,1255500000.00,1109200000.00,1046498000.00,1161801000.00,1068990000.00,923214000.00,869095000.00,994465000.00,917670000.00,872395000.00,827570000.00,916830000.00,847504000.00,883831000.00,863835000.00,885279000.00,753872000.00,763900000.00,671500000.00,710900000.00,593800000.00,552900000.00,534800000.00,519281000.00,534875000.00,493300000.00,476150000.00,500519000.00,461083000.00,427873000.00,379125000.00,396709000.00,363854000.00,349479000.00,344658000.00,496570000.00,357381000.00,337549000.00,375700000.00,360169000.00,313831000.00,341700000.00,360800000.00,469269364.00,1344292.90,23307595.10,796778748.00,-691948394.70,712232313.50,717712316.10,686003765.10,1469266430.00,193096702.00,-3396381.27,672323486.76,1974199450.53,42658429.50,-162137664.71,749253627.71,965217766.45,136694121.18,3852784.80,270038797.38,764349540.28,12690810.28,-9744774.66,251404424.10,564242624.46,1176898.84,6837984.80,177741854.40,131958923.20,222832072.70,179710703.59,173507190.71,4937082.79,50358616.33,41956965.19,98682078.40,27447189.30,23705685.00,21744632.00,23164582.08,24735200.00,23111400.00,20240500.00,,,,
ebit,4219200000.00,3818400000.00,4889700000.00,5428600000.00,4057321000.00,4037290000.00,4164731000.00,5208000000.00,4334408000.00,4415732000.00,4125176000.00,9018100000.00,4105089000.00,1977455000.00,2921368000.00,5449500000.00,3603537000.00,3631928000.00,3988555000.00,5886300000.00,3373833000.00,3136589000.00,3643235000.00,5423400000.00,3397991000.00,2974235000.00,3400121000.00,4643200000.00,3188272000.00,3282102000.00,4234416000.00,6299221000.00,4076759000.00,3333400000.00,4481300000.00,5983900000.00,3526100000.00,2734800000.00,3557100000.00,5780100000.00,3387533000.00,2692200000.00,3061008000.00,4365934000.00,3524295000.00,2351627000.00,2873355000.00,4452289000.00,2281750000.00,2198454000.00,2735407000.00,3671524000.00,2541476000.00,2191548000.00,2545900000.00,2749072000.00,2111885000.00,2386260000.00,2226200000.00,4020326972.00,1545814712.00,1500245236.52,1402764132.00,5725737867.00,985488529.20,694168712.40,1408206318.90,361869392.00,1189353836.00,1233743555.97,1183205897.40,-1358134766.88,1757408823.00,1242292761.71,1096472891.08,3525339.98,1413732682.97,479910667.08,765089656.64,1044277687.52,742342059.92,655963667.46,611659932.72,352177873.00,464404399.82,333967231.00,396013456.80,178653425.00,133123966.50,268903688.40,314076527.84,-370519846.82,254845901.09,177343575.42,239981556.00,288008263.40,88967430.00,31102656.00,104134424.76,108022300.00,89008520.00,119014140.00,93006600.00,298939400.00,45353700.00,18515800.00
ebitda,5890700000.00,5522300000.00,6631400000.00,7389300000.00,6292576000.00,6516168000.00,6062856000.00,6670500000.00,5704908000.00,5715832000.00,5388706000.00,10382300000.00,5431989000.00,3279655000.00,4095380000.00,6713600000.00,4859037000.00,4741128000.00,5035053000.00,7048100000.00,4442823000.00,4059803000.00,4512330000.00,6417800000.00,4315661000.00,3846630000.00,4227691000.00,5560000000.00,4035776000.00,4165933000.00,5098251000.00,7184500000.00,4830631000.00,4097300000.00,5152800000.00,6694800000.00,4119900000.00,3287700000.00,4091900000.00,6299500000.00,3922408000.00,3185500000.00,3537158000.00,4866453000.00,3985378000.00,2779500000.00,3252480000.00,4848998000.00,2645604000.00,2547933000.00,3080065000.00,4168094000.00,2898857000.00,2529097000.00,2921600000.00,3109241000.00,2425716000.00,2727960000.00,2587000000.00,4489596336.00,1547159004.90,1523552831.62,2199542880.00,5033789472.30,1697720842.70,1411881028.50,2094210084.00,1831135822.00,1382450538.00,1230347174.70,1855529384.16,616064683.65,1800067252.50,1080155097.00,1845726518.79,968743106.43,1550426804.15,483763451.88,1035128454.02,1808627227.80,755032870.20,646218892.80,863064356.82,916420497.46,465581298.66,340805215.80,573755311.20,310612348.20,355956039.20,448614391.99,487583718.55,-365582764.03,305204517.42,219300540.61,338663634.40,315455452.70,112673115.00,52847288.00,127299006.84,132757500.00,112119920.00,139254640.00,91414800.00,435851300.00,21581350.00,-121429200.00
depreciationAndAmortization,1671500000.00,1703900000.00,1741700000.00,1960700000.00,2235255000.00,2478878000.00,1898125000.00,1462500000.00,1370500000.00,1300100000.00,1263530000.00,1364200000.00,1326900000.00,1302200000.00,1174012000.00,1264100000.00,1255500000.00,1109200000.00,1046498000.00,1161800000.00,1068990000.00,923214000.00,869095000.00,994400000.00,917670000.00,872395000.00,827570000.00,916800000.00,847504000.00,883831000.00,863835000.00,885279000.00,753872000.00,763900000.00,671500000.00,710900000.00,593800000.00,552900000.00,534800000.00,519400000.00,534875000.00,493300000.00,476150000.00,500519000.00,461083000.00,427873000.00,379125000.00,396709000.00,363854000.00,349479000.00,344658000.00,496570000.00,357381000.00,337549000.00,375700000.00,360169000.00,313831000.00,341700000.00,360800000.00,469269364.00,1344292.90,23307595.10,796778748.00,-691948394.70,712232313.50,717712316.10,686003765.10,1469266430.00,193096702.00,-3396381.27,672323486.76,1974199450.53,42658429.50,-162137664.71,749253627.71,965217766.45,136694121.18,3852784.80,270038797.38,764349540.28,12690810.28,-9744774.66,251404424.10,564242624.46,1176898.84,6837984.80,177741854.40,131958923.20,222832072.70,179710703.59,173507190.71,4937082.79,50358616.33,41956965.19,98682078.40,27447189.30,23705685.00,21744632.00,23164582.08,24735200.00,23111400.00,20240500.00,-1591800.00,136911900.00,-23772350.00,-139945000.00
nonOperatingIncomeNetOther,,,,,,,,,,,,,,,,0.00,0.00,0.00,0.00,0.00,0.00,,,,,,,,,,,,,,,,,,,,,,,,,,,,,,,,,,,,,,,,,,,,,,,,,,,,,,,,,,,,,,,,,,,,,,,,,,,,,,,,,,,,,
operatingIncome,4057300000.00,3447800000.00,4889700000.00,5428600000.00,4057321000.00,4037290000.00,4164731000.00,5166500000.00,4018040000.00,3903408000.00,3992254000.00,7432800000.00,3586818000.00,1918145000.00,3034404000.00,5330500000.00,3140463000.00,3548179000.00,4055733000.00,6209300000.00,3368753000.00,3650232000.00,3761168000.00,6274300000.00,3613770000.00,3038845000.00,3499907000.00,6275700000.00,3136835000.00,3298599000.00,4394232000.00,7045900000.00,4218552000.00,3120500000.00,4393600000.00,6059300000.00,3490400000.00,2767300000.00,3509600000.00,5918300000.00,3666606000.00,2719300000.00,3121858000.00,4997090000.00,3330761000.00,2520970000.00,3011179000.00,4095870000.00,2630855000.00,2229366000.00,2753309000.00,3258573000.00,2295363000.00,2069955000.00,2399100000.00,2654979000.00,2054329000.00,2025000000.00,2443600000.00,3727756624.00,1574890200.00,786192515.84,1115539862.00,1674200789.10,986141018.10,782423377.00,1046858190.00,1690992459.50,834792965.50,684265345.05,939922740.36,-743459031.51,1200711600.00,726882723.00,468837181.61,33194268.59,910273267.57,329131413.12,685222941.62,1023607202.04,576907421.16,359594029.92,502179748.41,325004246.40,429392735.16,294948439.00,340396334.40,134899190.70,234600932.00,223061465.70,299744426.44,-149342909.13,188917168.22,108789230.04,166727061.60,222574913.80,86751855.00,57274360.00,100881330.18,122485920.00,109156920.00,123409220.00,93006600.00,298939400.00,45353700.00,18515800.00
otherOperatingExpenses,16529600000.00,15341300000.00,15642300000.00,17223200000.00,16644600000.00,14000816000.00,14341306000.00,16736900000.00,14447408000.00,11778067000.00,12600118000.00,13040700000.00,11857884000.00,9590791000.00,9647984000.00,10300300000.00,8875249000.00,8592539000.00,8644302000.00,9766100000.00,7723190000.00,8038695000.00,8031186000.00,8794000000.00,7825680000.00,7264755000.00,7830653000.00,8127300000.00,7422572000.00,7123576000.00,7267232000.00,8159600000.00,6568411000.00,6549300000.00,6375000000.00,6279000000.00,5160200000.00,5425700000.00,5480600000.00,5571400000.00,4974905000.00,4845700000.00,4665977000.00,5358881000.00,4695625000.00,4446951000.00,4363720000.00,4609509000.00,3935709000.00,3736120000.00,3943562000.00,4130258000.00,3680154000.00,3593194000.00,3656000000.00,4120128000.00,3355718000.00,3323200000.00,3429500000.00,2342080952.00,3297472412.00,3949667464.80,3723695560.00,1438676497.10,3640851508.00,3742535087.00,3600280878.30,3434790197.50,3531483213.50,3376217842.41,3062739353.55,5352511273.71,2719746315.00,2949782598.00,3230206296.38,3647353741.88,2045756405.18,1843509814.26,1678747271.16,1985407161.32,1427604111.64,1479315232.80,1496702412.15,2367430613.08,1166472419.52,1195380339.40,1256272697.60,2137005757.10,1231178609.00,1077473432.40,1217728510.93,2155371256.79,993731441.01,1003642266.16,710760350.40,781179843.60,664167465.00,620058816.00,739080787.71,837000200.00,605044600.00,575408500.00,707214000.00,655939050.00,572617850.00,546862000.00
interestExpense,691600000.00,659600000.00,616800000.00,679200000.00,891066000.00,253204000.00,177520000.00,442400000.00,532226000.00,411448000.00,380146000.00,388700000.00,1514253000.00,521584000.00,476916000.00,346300000.00,465938000.00,424722000.00,432755000.00,345300000.00,382021000.00,337900000.00,401686000.00,415500000.00,453176000.00,462444000.00,499848000.00,416100000.00,497179000.00,432699000.00,607721000.00,334300000.00,355111000.00,215200000.00,207600000.00,195300000.00,167600000.00,196700000.00,137800000.00,167500000.00,195381000.00,152700000.00,157358000.00,531043000.00,528138000.00,141795000.00,60998000.00,774021000.00,149146000.00,148259000.00,162274000.00,421762000.00,195274000.00,211917000.00,144500000.00,255207000.00,298877000.00,610460000.00,324800000.00,128524000.00,290119960.00,199868000.00,148329000.00,183492000.00,140511000.00,360864203.20,106171000.00,98346698.50,94467000.00,75301000.00,68969000.00,125360471.31,83646000.00,249113970.00,71643000.00,77967000.00,64027000.00,47091000.00,327756991.51,196857000.00,259360581.48,0.00,0.00,136480000.00,355927000.00,954695387.00,102094000.00,176793000.00,86192000.00,86192000.00,109632000.00,276313107.32,77563000.00,105964000.00,106257000.00,,,,,,86993680.00,,,,,
taxProvision,-411100000.00,-225800000.00,58400000.00,-755900000.00,-411100000.00,474600000.00,36800000.00,357200000.00,-590300000.00,687500000.00,182100000.00,1573900000.00,72072000.00,-163143000.00,279668000.00,-463903000.00,222032000.00,364110000.00,632461000.00,,,,,,,,,,,,,,,,,,,,,,,,,,,,,,,,,,,,,,,,,,,,,,,,,,,,,,,,,,,,,,,,,,,,,,,,,,,,,,,,,,,,,,,
interestIncome,480900000.00,521400000.00,344400000.00,532700000.00,480900000.00,756800000.00,397300000.00,300600000.00,173400000.00,520200000.00,107400000.00,1875300000.00,369477000.00,149829000.00,147575000.00,151197000.00,625879000.00,155654000.00,135270000.00,,,,,,,,,,,,,,,,,,,,,,,,,,,,,,,,,,,,,,,,,,,,,,,,,,,,,,,,,,,,,,,,,,,,,,,,,,,,,,,,,,,,,,,
netInterestIncome,-528100000.00,-395600000.00,-387500000.00,-370900000.00,97400000.00,546700000.00,293800000.00,-63800000.00,-123900000.00,190200000.00,-116600000.00,1459100000.00,-1144776000.00,-485880000.00,-387242000.00,-482158000.00,282288000.00,-426562000.00,-409084000.00,,,,,,,,,,,,,,,,,,,,,,,,,,,,,,,,,,,,,,,,,,,,,,,,,,,,,,,,,,,,,,,,,,,,,,,,,,,,,,,,,,,,,,,
extraordinaryItems,,,,,,,,,,,,,,,,0.00,0.00,0.00,0.00,0.00,0.00,0.00,0.00,0.00,0.00,0.00,0.00,0.00,0.00,0.00,0.00,0.00,0.00,0.00,0.00,0.00,0.00,0.00,0.00,0.00,0.00,0.00,0.00,0.00,0.00,0.00,0.00,0.00,0.00,0.00,0.00,0.00,0.00,0.00,0.00,0.00,0.00,0.00,0.00,0.00,0.00,0.00,0.00,0.00,0.00,0.00,0.00,0.00,0.00,0.00,0.00,0.00,0.00,0.00,0.00,0.00,0.00,0.00,0.00,0.00,0.00,0.00,0.00,0.00,0.00,0.00,0.00,0.00,0.00,0.00,0.00,0.00,0.00,0.00,0.00,,,,,,,,,,,
nonRecurring,,,,,,,,,,,,,,,,0.00,0.00,0.00,0.00,0.00,0.00,0.00,0.00,0.00,0.00,0.00,0.00,0.00,0.00,0.00,0.00,0.00,0.00,0.00,0.00,0.00,0.00,0.00,0.00,0.00,0.00,0.00,0.00,0.00,0.00,0.00,0.00,0.00,0.00,0.00,0.00,0.00,0.00,0.00,0.00,0.00,0.00,0.00,0.00,0.00,0.00,0.00,0.00,0.00,0.00,0.00,0.00,0.00,0.00,0.00,0.00,0.00,0.00,0.00,0.00,0.00,0.00,0.00,0.00,0.00,0.00,0.00,0.00,0.00,0.00,0.00,0.00,0.00,0.00,0.00,0.00,0.00,0.00,0.00,0.00,,,,,,,,,,,
otherItems,,,,,,,,,,,,,,,,0.00,0.00,0.00,0.00,0.00,0.00,0.00,0.00,0.00,0.00,0.00,0.00,0.00,0.00,0.00,0.00,0.00,0.00,0.00,0.00,0.00,0.00,0.00,0.00,0.00,0.00,0.00,0.00,0.00,0.00,0.00,0.00,0.00,0.00,0.00,0.00,0.00,0.00,0.00,0.00,0.00,0.00,0.00,0.00,0.00,0.00,0.00,0.00,0.00,0.00,0.00,0.00,0.00,0.00,0.00,0.00,0.00,0.00,0.00,0.00,0.00,0.00,0.00,0.00,0.00,0.00,0.00,0.00,0.00,0.00,0.00,0.00,0.00,0.00,0.00,0.00,0.00,0.00,0.00,0.00,,,,,,,,,,,
incomeTaxExpense,-411100000.00,-225800000.00,58400000.00,-755900000.00,-411103000.00,474574000.00,36776000.00,357200000.00,-590257000.00,687504000.00,182097000.00,1573900000.00,72072000.00,-163143000.00,279668000.00,-463900000.00,222032000.00,364110000.00,632461000.00,1127900000.00,-137705000.00,179558000.00,619863000.00,1722500000.00,2797813000.00,220459000.00,338513000.00,530300000.00,-778328000.00,226583000.00,336383000.00,1678800000.00,834700000.00,169200000.00,951500000.00,816900000.00,381800000.00,256000000.00,551900000.00,613000000.00,832466000.00,527900000.00,506366000.00,972610000.00,452877000.00,394757000.00,584856000.00,940997000.00,620797000.00,358340000.00,601866000.00,570416000.00,515876000.00,436516000.00,561600000.00,725903000.00,592114000.00,383900000.00,506200000.00,373030848.00,370246864.00,353793654.44,340055297.00,504128143.80,373267515.60,294792295.80,401274382.80,457650854.50,259488026.50,139792680.51,278956511.55,52119715.47,205330950.00,407001924.00,109758355.70,280224682.62,140608899.89,11812426.71,78731635.90,35105122.44,61631440.08,78445117.44,254115945.12,375408289.88,-533754193.58,-93245040.40,-31169864.00,216019261.50,-58078174.50,-66976912.50,-39421938.73,82285921.75,-415660907.75,-27368973.46,-41756424.00,44262358.60,2463255.00,-8891272.00,-57028270.11,2317080.00,13392760.00,-1503580.00,20352300.00,-24588300.00,-876400.00,17331650.00
totalRevenue,20587600000.00,18898100000.00,20531700000.00,22693000000.00,20587642000.00,17988995000.00,18439152000.00,22010800000.00,18492609000.00,15711141000.00,16639761000.00,18556600000.00,15604498000.00,11615330000.00,12602597000.00,15856800000.00,11957652000.00,12145133000.00,12640126000.00,16017800000.00,11063743000.00,11509545000.00,11640219000.00,15027200000.00,11362303000.00,10267953000.00,11241805000.00,13177500000.00,10482788000.00,10377204000.00,11565098000.00,15296200000.00,10745120000.00,9910000000.00,10768800000.00,12232900000.00,8624400000.00,8177400000.00,9045100000.00,11052800000.00,8462603000.00,7503100000.00,7772806000.00,10133861000.00,8036022000.00,6825403000.00,7235714000.00,8378422000.00,6374534000.00,5811646000.00,6562098000.00,7455334000.00,5978171000.00,5678373000.00,6121400000.00,6778590000.00,5411593000.00,5348100000.00,5655700000.00,6129139548.00,4872360688.00,4735859980.64,4839237169.00,5870277286.20,4626992526.10,4524958464.00,4647137011.20,5144537994.50,4366278342.50,4060485364.95,4002662093.91,4609056804.69,3920457915.00,3676665321.00,3699043477.99,4490748010.47,2956026813.16,2172641227.38,2363970212.78,2857511470.68,2004511532.80,1838909262.72,1998882160.56,2692434859.48,1595865154.68,1490328778.40,1596782823.20,2271904681.60,1465782129.50,1300534898.10,1517472937.37,2006030297.55,1182648609.23,1112431496.20,877487412.00,1003754757.40,750919320.00,677333176.00,839962117.89,959486120.00,714201520.00,698817720.00,800220600.00,954878450.00,617971550.00,565377800.00
totalOperatingExpenses,5881500000.00,5705700000.00,5510600000.00,6237900000.00,5996527000.00,4626562000.00,4926820000.00,6240800000.00,5194337000.00,3812798000.00,4654788000.00,4842800000.00,4434735000.00,3788914000.00,4004795000.00,3920900000.00,3645517000.00,3631238000.00,3536601000.00,3715200000.00,3352477000.00,3651462000.00,3570438000.00,3805700000.00,3343558000.00,3216566000.00,3307512000.00,3519700000.00,3207113000.00,3228971000.00,3306916000.00,3230600000.00,2824498000.00,2774700000.00,2761200000.00,2469200000.00,2204400000.00,2385000000.00,2472300000.00,2297200000.00,2140058000.00,2253400000.00,2043154000.00,2302450000.00,2073693000.00,2146552000.00,2050982000.00,2072162000.00,1805449000.00,1717516000.00,1836473000.00,1677884000.00,1621573000.00,1654174000.00,1657000000.00,1868586000.00,1496880000.00,1598800000.00,1532400000.00,150817484.00,1593527988.00,2315862738.80,2081756646.00,-463810396.50,2100760207.70,2181233099.80,2050936928.40,1680913769.50,2042073562.50,2020229494.71,1726748334.36,3719536148.25,1324431405.00,1601781615.00,1883689400.32,1982139700.91,864602755.68,913770953.01,684293450.81,779979176.84,538162865.24,512199972.00,506977054.83,1245722233.94,447515070.06,461048886.40,464868288.80,1054832644.80,448385147.00,370195013.10,407817563.87,1013746499.76,368946871.15,366033366.63,306643390.40,210579444.50,219146490.00,203739016.00,252235183.83,328447800.00,185839360.00,153365160.00,242749500.00,114858400.00,188206900.00,177514850.00
costOfRevenue,10648100000.00,9635600000.00,10131700000.00,10985300000.00,10648073000.00,9374254000.00,9414486000.00,10496100000.00,9253071000.00,7965269000.00,7945330000.00,8197900000.00,7423149000.00,5801877000.00,5643189000.00,6379400000.00,5229732000.00,4961301000.00,5107701000.00,6050900000.00,4370713000.00,4387233000.00,4460748000.00,4988300000.00,4482122000.00,4048189000.00,4523141000.00,4607600000.00,4215459000.00,3894605000.00,3960316000.00,4929000000.00,3743913000.00,3774600000.00,3613800000.00,3809800000.00,2955800000.00,3040700000.00,3008300000.00,3274200000.00,2834847000.00,2592300000.00,2622823000.00,3056431000.00,2621932000.00,2300399000.00,2312738000.00,2537347000.00,2130260000.00,2018604000.00,2107089000.00,2452374000.00,2058581000.00,1939020000.00,1999000000.00,2251542000.00,1858838000.00,1724400000.00,1897100000.00,2191263468.00,1703944424.00,1633804726.00,1641938914.00,1902486893.60,1540091300.30,1561301987.20,1549343949.90,1753876428.00,1489409651.00,1355988347.70,1335991019.19,1632975125.46,1395314910.00,1348000983.00,1346516896.06,1665214040.97,1181153649.50,929738861.25,994453820.35,1205427984.48,889441246.40,967115260.80,989725357.32,1121708379.14,718957349.46,734331453.00,791404408.80,1082173112.30,782793462.00,707278419.30,809910947.06,1141624757.03,624784569.86,637608899.53,404116960.00,570600399.10,445020975.00,416319800.00,486845603.88,508552400.00,419205240.00,422043340.00,464464500.00,541080650.00,384410950.00,369347150.00
totalOtherIncomeExpenseNet,-726100000.00,-789300000.00,-1012000000.00,-1101100000.00,-1253418000.00,-498668000.00,-599117000.00,-736200000.00,-699063000.00,-396224000.00,-842168000.00,1833300000.00,-170798000.00,-374106000.00,-958837000.00,-1258100000.00,-319217000.00,-227317000.00,-154679000.00,-920300000.00,-196751000.00,-156869000.00,67879000.00,33200000.00,-4656000.00,-135209000.00,-186041000.00,1150000000.00,-244528000.00,-455264000.00,-332528000.00,-914500000.00,205589000.00,-377700000.00,-336800000.00,-178600000.00,-46500000.00,-42800000.00,-303100000.00,202300000.00,127562000.00,-28200000.00,-25873000.00,-48981000.00,-9604000.00,142217000.00,139545000.00,327229000.00,192149000.00,153863000.00,134859000.00,-66330000.00,-2580000.00,-15284000.00,-188900000.00,-3235000.00,-1350000.00,200000.00,-324700000.00,-50618140.00,29175536.00,-455778372.42,-270552649.00,-290294924.80,1007062.70,88621098.60,-361239102.60,1348267001.50,-354084900.50,-265845399.12,-243038774.16,615576436.80,-350109540.00,-197132670.00,-627382071.82,266571359.95,-503287840.00,-29865788.19,-80764354.12,-161614109.40,-76181620.48,-186057473.28,-111317021.13,-27173626.60,50944520.40,33879342.40,-55503331.20,-43754500.50,101479554.00,-45842222.70,-14332101.40,221178887.58,-65928732.87,-68554345.38,-73254494.40,-65433349.60,-2215575.00,26171704.00,-3253094.58,14463620.00,20148400.00,4395080.00,1591800.00,-136911900.00,23772350.00,139945000.00
discontinuedOperations,,,,,,,,,,,,,,,,0.00,0.00,0.00,0.00,0.00,0.00,0.00,0.00,0.00,0.00,0.00,0.00,0.00,0.00,0.00,0.00,0.00,0.00,0.00,0.00,0.00,0.00,0.00,0.00,0.00,0.00,0.00,0.00,0.00,0.00,0.00,0.00,0.00,0.00,0.00,0.00,0.00,0.00,0.00,0.00,0.00,0.00,0.00,0.00,0.00,0.00,0.00,0.00,0.00,0.00,0.00,0.00,0.00,0.00,0.00,0.00,0.00,0.00,0.00,0.00,0.00,0.00,0.00,0.00,0.00,0.00,0.00,0.00,0.00,0.00,0.00,0.00,0.00,0.00,0.00,0.00,0.00,0.00,0.00,0.00,,,,,,,,,,,
netIncomeFromContinuingOps,3215000000.00,2597700000.00,3819300000.00,5083400000.00,3215000000.00,3064000000.00,3528800000.00,3747000000.00,3712800000.00,2929600000.00,2733300000.00,6890400000.00,2358968000.00,1271316000.00,1211252000.00,4219046000.00,2604385000.00,2615901000.00,2749068000.00,892362610.47,719768049.58,619514694.61,784497765.16,9673845000.00,631484000.00,-4744660000.00,2289831000.00,13083400000.00,0.00,0.00,0.00,12879200000.00,0.00,0.00,0.00,12362000000.00,0.00,0.00,0.00,11399437000.00,0.00,0.00,0.00,0.00,0.00,0.00,0.00,0.00,0.00,0.00,0.00,0.00,0.00,0.00,0.00,0.00,0.00,0.00,0.00,0.00,0.00,0.00,0.00,0.00,0.00,0.00,0.00,0.00,0.00,0.00,0.00,0.00,0.00,0.00,0.00,0.00,0.00,0.00,0.00,0.00,0.00,0.00,0.00,0.00,0.00,0.00,0.00,0.00,0.00,0.00,0.00,0.00,0.00,0.00,0.00,,,,,,,,,,,
netIncomeApplicableToCommonShares,3911740000.00,2502974000.00,3699575000.00,4966871000.00,3108600000.00,2969700000.00,3412772000.00,3607242000.00,3552500000.00,2885800000.00,2625412000.00,6786010000.00,2274801000.00,1226799000.00,1091784000.00,4099705000.00,2497677000.00,2520733000.00,2661850000.00,865786720.94,704611632.36,592167646.31,759833897.08,882315000.00,57138000.00,578935000.00,695313000.00,1428918000.00,923850000.00,724529000.00,779398000.00,1047053000.00,380763000.00,827399000.00,882663000.00,1467919000.00,934709000.00,1010362000.00,1129230000.00,1847819000.00,1027371000.00,459485000.00,713656000.00,3929747000.00,1202164000.00,828379000.00,1271229000.00,1604886000.00,519657000.00,1232004000.00,1282418000.00,1612844000.00,1172174000.00,835566000.00,925986000.00,1070927000.00,856157000.00,817739000.00,690529000.00,1118737000.00,371013000.00,292196000.00,426466000.00,665708000.00,350308000.00,253273000.00,313848000.00,564688000.00,223798000.00,224453000.00,301980000.00,278751000.00,192837000.00,136577000.00,54089000.00,192434000.00,61435000.00,78688000.00,104919000.00,153641000.00,110205000.00,71003000.00,152750000.00,142945000.00,78233000.00,109682000.00,95782000.00,112675000.00,64961000.00,48919000.00,112791000.00,130516000.00,212494000.00,0.00,0.00,,,,,,,,,,,
preferredStockAndOtherAdjustments,,,,,,,,,,,,,,,,0.00,0.00,0.00,0.00,0.00,0.00,,,,,,,,,,,,,,,,,,,,,,,,,,,,,,,,,,,,,,,,,,,,,,,,,,,,,,,,,,,,,,,,,,,,,,,,,,,,,,,,,,,,,
