,2023-09-30,2023-06-30,2023-03-31,2022-12-31,2022-09-30,2022-06-30,2022-03-31,2021-12-31,2021-09-30,2021-06-30,2021-03-31,2020-12-31,2020-09-30,2020-06-30,2020-03-31,2019-12-31,2019-09-30,2019-06-30,2019-03-31,2018-12-31,2018-09-30,2018-06-30,2018-03-31,2017-12-31,2017-09-30,2017-06-30,2017-03-31,2016-12-31,2016-09-30,2016-06-30,2016-03-31,2015-12-31,2015-09-30,2015-06-30,2015-03-31,2014-12-31,2014-09-30,2014-06-30,2014-03-31,2013-12-31,2013-09-30,2013-06-30,2013-03-31,2012-12-31,2012-09-30,2012-06-30,2012-03-31,2011-12-31,2011-09-30,2011-06-30,2011-03-31,2010-12-31,2010-09-30,2010-06-30,2010-03-31,2009-12-31,2009-09-30,2009-06-30,2009-03-31,2008-12-31,2008-09-30,2008-06-30,2008-03-31,2007-12-31,2007-09-30,2007-06-30,2007-03-31,2006-12-31,2006-09-30,2006-06-30,2006-03-31,2005-12-31,2005-09-30,2005-06-30,2005-03-31,2004-12-31,2004-09-30,2004-06-30,2004-03-31,2003-12-31,2003-09-30,2003-06-30,2003-03-31,2002-12-31,2002-09-30,2002-06-30,2002-03-31,2001-12-31,2001-09-30,2001-06-30,2001-03-31,2000-12-31,2000-09-30,2000-06-30,2000-03-31
date,2023-09-30,2023-06-30,2023-03-31,2022-12-31,2022-09-30,2022-06-30,2022-03-31,2021-12-31,2021-09-30,2021-06-30,2021-03-31,2020-12-31,2020-09-30,2020-06-30,2020-03-31,2019-12-31,2019-09-30,2019-06-30,2019-03-31,2018-12-31,2018-09-30,2018-06-30,2018-03-31,2017-12-31,2017-09-30,2017-06-30,2017-03-31,2016-12-31,2016-09-30,2016-06-30,2016-03-31,2015-12-31,2015-09-30,2015-06-30,2015-03-31,2014-12-31,2014-09-30,2014-06-30,2014-03-31,2013-12-31,2013-09-30,2013-06-30,2013-03-31,2012-12-31,2012-09-30,2012-06-30,2012-03-31,2011-12-31,2011-09-30,2011-06-30,2011-03-31,2010-12-31,2010-09-30,2010-06-30,2010-03-31,2009-12-31,2009-09-30,2009-06-30,2009-03-31,2008-12-31,2008-09-30,2008-06-30,2008-03-31,2007-12-31,2007-09-30,2007-06-30,2007-03-31,2006-12-31,2006-09-30,2006-06-30,2006-03-31,2005-12-31,2005-09-30,2005-06-30,2005-03-31,2004-12-31,2004-09-30,2004-06-30,2004-03-31,2003-12-31,2003-09-30,2003-06-30,2003-03-31,2002-12-31,2002-09-30,2002-06-30,2002-03-31,2001-12-31,2001-09-30,2001-06-30,2001-03-31,2000-12-31,2000-09-30,2000-06-30,2000-03-31
filing_date,2023-11-21,2023-08-23,2023-06-06,2023-02-28,2022-11-16,2022-08-24,2022-05-24,2022-02-15,2021-11-16,2021-08-24,2021-06-02,2021-02-22,2020-11-10,2020-08-18,2020-05-19,2020-02-18,2019-11-12,2019-08-13,2019-05-22,2019-02-19,2018-11-13,2018-08-14,2018-05-22,2018-02-21,2017-11-14,2017-08-15,2017-05-24,2017-02-28,2016-11-15,2016-08-25,2016-05-31,2016-03-01,2015-11-17,2015-08-25,2015-06-02,2015-03-03,2014-11-12,2014-08-20,2014-05-28,2014-02-25,2013-11-12,2013-08-19,2013-05-28,2013-02-25,2012-11-13,2012-08-20,2012-05-29,2012-02-28,2011-11-16,2011-08-24,2011-06-01,2011-03-01,2010-11-17,2010-08-25,2010-06-02,2010-03-02,2009-11-19,2009-06-30,2009-06-04,2009-03-04,2008-11-12,2008-08-21,2008-05-29,2008-02-27,2007-11-15,2007-08-23,2007-05-31,2007-02-28,2006-11-16,2006-08-23,2006-06-01,2006-03-16,2005-11-17,2005-08-17,2005-05-27,2005-03-17,2004-11-12,2004-08-16,2004-05-21,2004-03-12,2003-11-06,2003-08-15,2003-05-20,2003-03-27,2002-11-19,2002-08-14,2002-05-23,2002-03-28,2001-09-30,2001-06-30,2001-03-31,,,,
currency_symbol,USD,USD,USD,USD,USD,USD,USD,USD,USD,USD,USD,USD,USD,USD,USD,USD,USD,USD,USD,USD,USD,USD,USD,USD,USD,USD,USD,USD,USD,USD,USD,USD,USD,USD,USD,USD,USD,USD,USD,USD,USD,USD,USD,USD,USD,USD,USD,USD,USD,USD,USD,USD,USD,USD,USD,USD,USD,USD,USD,USD,USD,USD,USD,USD,USD,USD,USD,USD,USD,USD,USD,USD,USD,USD,USD,USD,USD,USD,USD,USD,USD,USD,USD,USD,USD,USD,USD,USD,USD,USD,USD,USD,USD,USD,USD
totalAssets,12239587000.00,12304376000.00,12182238000.00,12018482000.00,12132079000.00,12137963000.00,12002481000.00,12194209000.00,11864171000.00,11838725000.00,11868488000.00,11839636000.00,11972763000.00,11930665000.00,12072572000.00,11248525000.00,11106802000.00,11267946000.00,11081511000.00,9040648000.00,8972353000.00,8835556000.00,8614953000.00,8482301000.00,8468224000.00,8437413000.00,8428657000.00,8315033000.00,8414645000.00,8437529000.00,8438963000.00,8134565000.00,8181536000.00,8167875000.00,8146695000.00,7962358000.00,7997737000.00,7969525000.00,7913074000.00,5564774000.00,4944699000.00,4852288000.00,4747485000.00,4613814000.00,4357206000.00,4169146000.00,4045112000.00,3655754000.00,3678068000.00,3603468000.00,3573383000.00,3354217000.00,3394325000.00,3328727000.00,3202808000.00,3072963000.00,3165898000.00,3044971000.00,3001728000.00,2964065000.00,3008259000.00,2973980000.00,2873127000.00,2805566000.00,2766566000.00,2875389000.00,2781314000.00,2682681000.00,2661585000.00,2622720000.00,2615728000.00,2542149000.00,2562574000.00,2508731000.00,2406383000.00,2201962000.00,2146022000.00,2125947000.00,2063280000.00,1983071000.00,2011249000.00,2002088000.00,1989851000.00,1965225000.00,2083203000.00,2070098000.00,2049204000.00,1950615000.00,1375392000.00,1364314000.00,1349754000.00,1356360000.00,1381945000.00,1350312000.00,1358325000.00
intangibleAssets,598699000.00,606450000.00,612104000.00,620901000.00,625673000.00,634262000.00,642120000.00,651217000.00,658545000.00,665193000.00,672455000.00,681127000.00,686315000.00,692482000.00,698032000.00,709756000.00,514512000.00,521969000.00,527702000.00,550593000.00,562698000.00,571953000.00,583346000.00,597674000.00,608520000.00,618879000.00,626974000.00,640903000.00,652361000.00,664678000.00,676427000.00,687125000.00,702719000.00,714702000.00,729765000.00,748125000.00,763338000.00,779401000.00,789825000.00,49872000.00,53963000.00,56155000.00,57994000.00,28845000.00,28649000.00,29468000.00,30288000.00,31380000.00,29122000.00,24839000.00,25062000.00,25360000.00,25583000.00,25834000.00,26085000.00,26419000.00,26670000.00,26921000.00,27195000.00,27567000.00,27888000.00,28185000.00,28259000.00,26844000.00,27095000.00,27345000.00,27596000.00,27926000.00,27920000.00,67208000.00,67094000.00,67094000.00,54344000.00,,,,,,,,,,,,,,,,,,,,,,
earningAssets,,,,,,,,,,,,,,,,,,,,,,,,,,,,,,,,,,,,,,,,,,,,,,,,,,,,,,,,,,,,,,,,,,,,,,,,,,,,,,,,,,,,,,,,,,,,,,,
otherCurrentAssets,185249000.00,188169000.00,177127000.00,163695000.00,199069000.00,182061000.00,182399000.00,232245000.00,174406000.00,180589000.00,149003000.00,146811000.00,158819000.00,153188000.00,138749000.00,155241000.00,140487000.00,126758000.00,126108000.00,198408000.00,168578000.00,151662000.00,127522000.00,105106000.00,105970000.00,95115000.00,83779000.00,70466000.00,98672000.00,96200000.00,78558000.00,77408000.00,96863000.00,90491000.00,76341000.00,119589000.00,97232000.00,89741000.00,70872000.00,42761000.00,68435000.00,66555000.00,59170000.00,47614000.00,70582000.00,60883000.00,52578000.00,52754000.00,67063000.00,59245000.00,48278000.00,76965000.00,51931000.00,48669000.00,33984000.00,63173000.00,46381000.00,43848000.00,34037000.00,49977000.00,46078000.00,41685000.00,27570000.00,53719000.00,43805000.00,45128000.00,29418000.00,40459000.00,38207000.00,41088000.00,28742000.00,45369000.00,34312000.00,31380000.00,26284000.00,17687000.00,27152000.00,27734000.00,24254000.00,16387000.00,24453000.00,34664000.00,42936000.00,20210000.00,32065000.00,49970000.00,41328000.00,42027000.00,18462000.00,18878000.00,12398000.00,10274000.00,20561000.00,19270000.00,16550000.00
totalLiab,9599431000.00,9581189000.00,9546077000.00,9340201000.00,9416004000.00,9343154000.00,9092801000.00,9065918000.00,8667636000.00,8537160000.00,8366921000.00,8280124000.00,8210099000.00,8204146000.00,8535543000.00,7699444000.00,7651860000.00,7596644000.00,7534288000.00,5489835000.00,5312717000.00,5177607000.00,5068332000.00,5067105000.00,5237437000.00,5309136000.00,5404982000.00,5398841000.00,5558924000.00,5688632000.00,5809824000.00,5673917000.00,5768460000.00,5878746000.00,6000107000.00,5959446000.00,6072238000.00,6155000000.00,6246443000.00,4048569000.00,3476851000.00,3483309000.00,3477038000.00,3403120000.00,3209728000.00,3110045000.00,3066463000.00,2807840000.00,2900442000.00,2839190000.00,2689499000.00,2314843000.00,2252287000.00,2262277000.00,2093425000.00,1790598000.00,1873342000.00,1781883000.00,1821923000.00,1888899000.00,1950748000.00,1935381000.00,1922464000.00,1781771000.00,1701176000.00,1663364000.00,1663355000.00,1651827000.00,1671131000.00,1689624000.00,1676223000.00,1622378000.00,1649515000.00,1638314000.00,1646895000.00,1479647000.00,1383449000.00,1366199000.00,1374388000.00,1351827000.00,1413962000.00,1461109000.00,1503705000.00,1496869000.00,1627012000.00,1643206000.00,1657712000.00,1662044000.00,1179019000.00,1184955000.00,1187681000.00,1200089000.00,1223563000.00,1203685000.00,1222785000.00
totalStockholderEquity,2640156000.00,2723187000.00,2636161000.00,2678281000.00,2716075000.00,2794809000.00,2909680000.00,3128291000.00,3196535000.00,3301565000.00,3501567000.00,3559512000.00,3762664000.00,3726519000.00,3537029000.00,3549081000.00,3454942000.00,3671302000.00,3547223000.00,3550813000.00,3659636000.00,3657949000.00,3546621000.00,3415196000.00,3230787000.00,3128277000.00,3023675000.00,2916192000.00,2855721000.00,2748897000.00,2629139000.00,2460648000.00,2413076000.00,2289129000.00,2146588000.00,2002912000.00,1925499000.00,1814525000.00,1666631000.00,1516205000.00,1467848000.00,1368979000.00,1270447000.00,1210694000.00,1147478000.00,1059101000.00,978649000.00,847914000.00,777626000.00,764278000.00,883884000.00,1039374000.00,1142038000.00,1066450000.00,1109383000.00,1282365000.00,1292556000.00,1263088000.00,1179805000.00,1075166000.00,1057511000.00,1038599000.00,950663000.00,1023795000.00,1065390000.00,1212025000.00,1117959000.00,1030854000.00,990454000.00,933096000.00,939505000.00,919771000.00,913059000.00,870417000.00,759488000.00,722315000.00,762573000.00,759748000.00,688892000.00,631244000.00,597287000.00,540979000.00,486146000.00,468356000.00,456191000.00,426892000.00,391492000.00,288571000.00,196373000.00,179359000.00,162073000.00,156271000.00,158382000.00,146627000.00,135540000.00
deferredLongTermLiab,,432680000.00,422984000.00,,,,,,375069000.00,357343000.00,357343000.00,342445000.00,342730000.00,338086000.00,333265000.00,334013000.00,318309000.00,313903000.00,310404000.00,318353000.00,320160000.00,314091000.00,310686000.00,303620000.00,429194000.00,438782000.00,446128000.00,454282000.00,455348000.00,446124000.00,442294000.00,433925000.00,0.00,0.00,0.00,0.00,0.00,0.00,0.00,0.00,0.00,0.00,0.00,0.00,0.00,0.00,0.00,0.00,0.00,0.00,0.00,0.00,0.00,0.00,0.00,,,,,,,,,,,,,,,,,,,,,,,,,,,,,,,,,,,,,,,,
otherCurrentLiab,1190715000.00,465972000.00,1184706000.00,1061927000.00,1160489000.00,1154936000.00,1110186000.00,481249000.00,1204394000.00,1092052000.00,1054570000.00,496472000.00,1121564000.00,1127486000.00,498686000.00,519852000.00,1061375000.00,18233000.00,1021922000.00,90019000.00,697572000.00,688227000.00,589822000.00,51967000.00,43046000.00,31725000.00,46617000.00,135281000.00,49579000.00,56354000.00,55243000.00,39794000.00,187483000.00,156908000.00,148386000.00,126446000.00,114288000.00,69940000.00,75956000.00,154630000.00,148528000.00,140332000.00,140588000.00,149558000.00,141043000.00,135517000.00,133761000.00,148098000.00,128338000.00,118537000.00,114508000.00,119229000.00,91508000.00,82963000.00,68122000.00,73257000.00,59041000.00,52916000.00,48650000.00,43177000.00,232489000.00,205709000.00,200613000.00,51385000.00,40121000.00,44420000.00,47173000.00,174585000.00,48953000.00,44628000.00,46786000.00,44498000.00,41279000.00,75053000.00,165532000.00,122814000.00,76012000.00,114981000.00,66658000.00,58547000.00,44121000.00,44068000.00,35779000.00,32970000.00,35276000.00,39676000.00,33640000.00,30027000.00,193112000.00,189609000.00,167987000.00,167756000.00,173338000.00,168954000.00,151062000.00
commonStock,8000.00,8000.00,8000.00,8000.00,8000.00,8000.00,8000.00,8000.00,8000.00,8000.00,8000.00,8000.00,8000.00,8000.00,8000.00,8000.00,8000.00,8000.00,8000.00,8000.00,8000.00,8000.00,8000.00,8000.00,8000.00,8000.00,8000.00,8000.00,8000.00,8000.00,8000.00,7000.00,7000.00,7000.00,7000.00,7000.00,7000.00,7000.00,7000.00,7000.00,7000.00,7000.00,7000.00,7000.00,7000.00,7000.00,7000.00,11000.00,11000.00,11000.00,11000.00,11000.00,11000.00,11000.00,10000.00,10000.00,10000.00,10000.00,10000.00,10000.00,10000.00,10000.00,10000.00,10000.00,10000.00,11000.00,11000.00,11000.00,11000.00,11000.00,11000.00,11000.00,11000.00,8000.00,8000.00,8000.00,7000.00,7000.00,7000.00,7000.00,4000.00,4000.00,4000.00,4000.00,4000.00,4000.00,3000.00,3000.00,283000.00,283000.00,283000.00,283000.00,283000.00,283000.00,283000.00
capitalStock,,8000.00,8000.00,8000.00,8000.00,8000.00,8000.00,8000.00,8000.00,8000.00,,,,,,,,,,,,,,,,,,,,,,,,,,,,,,,,,,,,,,,,,,,,,,,,,,,,,,,,,,,,,,,,,,,,,,,,,,,,,,,,,,,,,
retainedEarnings,4690424000.00,4767168000.00,4697697000.00,4744624000.00,4726823000.00,4706547000.00,4653043000.00,4605791000.00,4586904000.00,4480085000.00,4300818000.00,4196634000.00,4101776000.00,3971507000.00,3798983000.00,3772848000.00,3681100000.00,3561620000.00,3441138000.00,3326155000.00,3277118000.00,3165696000.00,3052336000.00,2920096000.00,2740046000.00,2648515000.00,2565927000.00,2462935000.00,2404998000.00,2295597000.00,2175437000.00,2021077000.00,1970662000.00,1854608000.00,1709024000.00,1565341000.00,1485310000.00,1367516000.00,1232425000.00,1089112000.00,1044224000.00,944764000.00,832286000.00,714900000.00,654251000.00,569138000.00,473944000.00,1989629000.00,1927559000.00,1826392000.00,1717739000.00,1612927000.00,1569768000.00,1487187000.00,1391383000.00,1287268000.00,1258407000.00,1202082000.00,1127492000.00,1039628000.00,1020900000.00,970503000.00,900855000.00,824471000.00,795676000.00,742695000.00,680682000.00,613218000.00,584184000.00,531551000.00,474975000.00,407373000.00,368017000.00,307224000.00,241295000.00,172648000.00,140579000.00,89186000.00,35951000.00,-15340000.00,-46612000.00,-91776000.00,-135234000.00,-140275000.00,-148894000.00,-177257000.00,-193198000.00,-205294000.00,,,,,,,
otherLiab,,,,,533627000.00,517750000.00,522525000.00,513640000.00,524041000.00,512958000.00,505344000.00,488726000.00,514441000.00,484847000.00,467244000.00,457263000.00,443090000.00,444938000.00,434471000.00,558165000.00,546087000.00,534313000.00,543438000.00,239061000.00,226826000.00,228337000.00,225851000.00,225564000.00,223592000.00,231573000.00,229079000.00,229354000.00,524444000.00,545944000.00,565942000.00,219166000.00,558046000.00,583032000.00,580456000.00,139159000.00,236480000.00,239527000.00,248632000.00,138786000.00,229324000.00,218308000.00,217908000.00,131664000.00,195376000.00,187735000.00,182337000.00,114826000.00,123380000.00,114809000.00,118015000.00,66999000.00,122235000.00,81623000.00,72236000.00,63428000.00,57792000.00,52643000.00,52696000.00,50076000.00,60042000.00,63418000.00,64537000.00,35186000.00,66773000.00,67765000.00,72002000.00,37916000.00,78581000.00,75899000.00,80928000.00,36586000.00,73325000.00,75837000.00,77468000.00,35577000.00,68527000.00,67698000.00,65857000.00,49461000.00,40677000.00,35400000.00,37232000.00,36273000.00,39311000.00,39488000.00,41388000.00,43933000.00,58681000.00,51080000.00,55447000.00
goodWill,989934000.00,991871000.00,990573000.00,990471000.00,989946000.00,992401000.00,993820000.00,993744000.00,994562000.00,994140000.00,994530000.00,993590000.00,991398000.00,990396000.00,989112000.00,992240000.00,991375000.00,992432000.00,991240000.00,990237000.00,992764000.00,991934000.00,993461000.00,994293000.00,994408000.00,993916000.00,990695000.00,990877000.00,991392000.00,992579000.00,993742000.00,989484000.00,992576000.00,991742000.00,993276000.00,995426000.00,997715000.00,1001213000.00,1011299000.00,199835000.00,199835000.00,199791000.00,201789000.00,76389000.00,76389000.00,76389000.00,76389000.00,76389000.00,51378000.00,34387000.00,34387000.00,34387000.00,34387000.00,34387000.00,34387000.00,34387000.00,34387000.00,34603000.00,34603000.00,34603000.00,34603000.00,34603000.00,33718000.00,33718000.00,33718000.00,33918000.00,33718000.00,33718000.00,33765000.00,67208000.00,67208000.00,67094000.00,54000000.00,3000000.00,3000000.00,3000000.00,3000000.00,,,,,,,,,,,,,,,,,,
otherAssets,,71870000.00,54633000.00,62429000.00,64364000.00,55273000.00,53194000.00,73651000.00,52182000.00,43402000.00,47831000.00,52329000.00,50374000.00,48250000.00,49444000.00,52448000.00,49446000.00,49667000.00,46241000.00,48379000.00,56839000.00,54922000.00,62233000.00,1661271000.00,1681786000.00,1679904000.00,1682343000.00,1695929000.00,1710346000.00,1725823000.00,1740038000.00,1759242000.00,1777058000.00,1789605000.00,1811880000.00,1789288000.00,1809895000.00,1832666000.00,1846173000.00,291420000.00,287353000.00,290980000.00,299806000.00,137855000.00,138885000.00,140299000.00,141589000.00,138835000.00,112493000.00,89170000.00,85969000.00,86776000.00,88283000.00,88456000.00,83577000.00,85007000.00,83025000.00,82153000.00,86251000.00,85034000.00,75651000.00,77974000.00,76359000.00,74797000.00,73565000.00,77166000.00,73061000.00,75731000.00,79982000.00,93344000.00,93513000.00,95358000.00,87701000.00,36717000.00,37539000.00,38323000.00,41965000.00,45622000.00,47356000.00,43915000.00,34236000.00,36894000.00,37524000.00,51321000.00,65598000.00,72133000.00,92076000.00,103485000.00,43457000.00,45669000.00,41128000.00,47625000.00,44508000.00,52500000.00,58291000.00
cash,317528000.00,277064000.00,226499000.00,269282000.00,191204000.00,240551000.00,138733000.00,601428000.00,604645000.00,809287000.00,880233000.00,834992000.00,1068205000.00,1141502000.00,1279838000.00,418665000.00,573726000.00,747719000.00,537330000.00,896527000.00,970006000.00,902249000.00,639143000.00,546937000.00,363302000.00,257230000.00,126087000.00,135178000.00,119494000.00,104827000.00,103708000.00,90782000.00,105346000.00,114536000.00,123821000.00,104671000.00,89664000.00,67446000.00,83358000.00,1112471000.00,567301000.00,520969000.00,407724000.00,598111000.00,479383000.00,448594000.00,364084000.00,57901000.00,65929000.00,68820000.00,53667000.00,59209000.00,194502000.00,160818000.00,133286000.00,100018000.00,216215000.00,126391000.00,50902000.00,37358000.00,21307000.00,19459000.00,19128000.00,14654000.00,14836000.00,82647000.00,16983000.00,11128000.00,13987000.00,13128000.00,55350000.00,40783000.00,112704000.00,175888000.00,131688000.00,56321000.00,27479000.00,19817000.00,12867000.00,11487000.00,49858000.00,46074000.00,24738000.00,13885000.00,56843000.00,39544000.00,65287000.00,18117000.00,,,,18009000.00,,,
cashAndEquivalents,,277064000.00,226499000.00,269282000.00,191204000.00,240551000.00,138733000.00,601428000.00,604645000.00,809287000.00,,,,,,,,,,,,,,,,,,,,,,,,,,,,,,,,,,,,,,,,,,,,,,,,,,,,,,,,,,,,,,,,,,,,,,,,,,,,,,,,,,,,,
totalCurrentLiabilities,5133306000.00,5026378000.00,4983455000.00,5370389000.00,5442901000.00,5341818000.00,5052574000.00,5180307000.00,4955229000.00,4899345000.00,4792423000.00,4743915000.00,4648888000.00,4437559000.00,4831049000.00,4477702000.00,4463913000.00,4372405000.00,4298877000.00,3885950000.00,3721232000.00,3598217000.00,3480139000.00,3480097000.00,3537409000.00,3598327000.00,3659631000.00,3676046000.00,3837351000.00,3841233000.00,3908563000.00,3797477000.00,3950914000.00,3879758000.00,3824478000.00,3743066000.00,3784042000.00,3774173000.00,3664247000.00,2764785000.00,2636344000.00,2639665000.00,2624141000.00,2559638000.00,2380854000.00,2292041000.00,2248714000.00,2187875000.00,2105628000.00,2086035000.00,2076330000.00,1848049000.00,1827864000.00,1846214000.00,1697715000.00,1466027000.00,1472958000.00,1421425000.00,1470677000.00,1364994000.00,1422462000.00,1430472000.00,1315932000.00,1225928000.00,1207360000.00,1249614000.00,1194668000.00,1113420000.00,1153499000.00,1229208000.00,1208878000.00,1141464000.00,1157159000.00,1140465000.00,1135842000.00,961125000.00,959148000.00,972386000.00,922535000.00,853945000.00,889346000.00,861899000.00,777534000.00,722576000.00,825109000.00,845536000.00,757023000.00,693749000.00,607326000.00,590648000.00,553037000.00,576235000.00,597138000.00,556570000.00,533589000.00
currentDeferredRevenue,,685191000.00,,,,,,410606000.00,,,,342445000.00,,,528156000.00,334013000.00,318309000.00,587119000.00,310404000.00,318353000.00,,314091000.00,310686000.00,303620000.00,572360000.00,629088000.00,563276000.00,454282000.00,590325000.00,564757000.00,534674000.00,553163000.00,582661000.00,547848000.00,536931000.00,520673000.00,573183000.00,579199000.00,541451000.00,428625000.00,429171000.00,450253000.00,381315000.00,379639000.00,413950000.00,417663000.00,376807000.00,385746000.00,390283000.00,396187000.00,386552000.00,404086000.00,429262000.00,452490000.00,424961000.00,393060000.00,400965000.00,413009000.00,407568000.00,372510000.00,335454000.00,339142000.00,311561000.00,301414000.00,304810000.00,298097000.00,254859000.00,252975000.00,257334000.00,291278000.00,282916000.00,265437000.00,280622000.00,243140000.00,240146000.00,198479000.00,210312000.00,198957000.00,187646000.00,173818000.00,214649000.00,207055000.00,200508000.00,208176000.00,223682000.00,209192000.00,186639000.00,176218000.00,,,,,,,
netDebt,3678088000.00,3853004000.00,3943377000.00,3382319000.00,3433272000.00,3343091000.00,3378969000.00,2770543000.00,2583721000.00,2315570000.00,2188921000.00,2212491000.00,1978565000.00,2140238000.00,2457412000.00,2345814000.00,2171131000.00,2480663000.00,2263610000.00,149193000.00,75392000.00,142828000.00,405612000.00,497390000.00,681056000.00,786878000.00,947805000.00,908077000.00,923511000.00,1065279000.00,1126778000.00,1122977000.00,1188351000.00,1339099000.00,1486453000.00,1532222000.00,1646066000.00,1801043000.00,1989247000.00,-58887000.00,37756000.00,84026000.00,197230000.00,6977000.00,120866000.00,151862000.00,236564000.00,358083000.00,534458000.00,497591000.00,378088000.00,242615000.00,107717000.00,141511000.00,145702000.00,104253000.00,63241000.00,153278000.00,237188000.00,575780000.00,449867000.00,433482000.00,537252000.00,674567000.00,573272000.00,438219000.00,392936000.00,500318000.00,473628000.00,455587000.00,397177000.00,448187000.00,357747000.00,303823000.00,351975000.00,433863000.00,359367000.00,326692000.00,394075000.00,464598000.00,430464000.00,504387000.00,656351000.00,721637000.00,715925000.00,734275000.00,817574000.00,972368000.00,,,,,,,
shortTermDebt,,95000000.00,116000000.00,185000000.00,185000000.00,100056000.00,1187170000.00,366445000.00,0.00,0.00,,264359000.00,,,500000000.00,201850000.00,,449081000.00,63000.00,304788000.00,211000.00,181000.00,175000.00,229928000.00,350000.00,418000.00,520000.00,306000.00,372000.00,404000.00,598000.00,598000.00,595000.00,591000.00,587000.00,582000.00,5580000.00,70694000.00,70865000.00,916000.00,1030000.00,878000.00,689000.00,627000.00,699000.00,760000.00,807000.00,848000.00,949000.00,991000.00,923000.00,973000.00,1176000.00,1075000.00,1293000.00,1344000.00,1307000.00,834000.00,9080000.00,157977000.00,680000.00,675000.00,2544000.00,184159000.00,154334000.00,170534000.00,5769000.00,34273000.00,36756000.00,76064000.00,57184000.00,82930000.00,56676000.00,57761000.00,53538000.00,51884000.00,35870000.00,28533000.00,32557000.00,53305000.00,24233000.00,18949000.00,20775000.00,10690000.00,11542000.00,11549000.00,19404000.00,58463000.00,,,,,,,
shortLongTermDebt,,95000000.00,116000000.00,185000000.00,185000000.00,100056000.00,,,,,,,,,500000000.00,,,,63000.00,210000.00,211000.00,181000.00,175000.00,350000.00,350000.00,1044108000.00,1073892000.00,306000.00,372000.00,404000.00,598000.00,598000.00,,,,582000.00,,,,,,,,,,,,,,,,,,,,,,,,,,,,,,,,,,,,,,,,,,,,,,,,,,,,,,,,,,,
shortLongTermDebtTotal,3995616000.00,4130068000.00,4169876000.00,3651601000.00,3624476000.00,3583642000.00,3517702000.00,3371971000.00,3188366000.00,3124857000.00,3069154000.00,3047483000.00,3046770000.00,3281740000.00,3737250000.00,2764479000.00,2744857000.00,3228382000.00,2800940000.00,1045720000.00,1045398000.00,1045077000.00,1044755000.00,1044327000.00,1044358000.00,1044108000.00,1073892000.00,1043255000.00,1043005000.00,1170106000.00,1230486000.00,1213759000.00,1293697000.00,1453635000.00,1610274000.00,1636893000.00,1735730000.00,1868489000.00,2072605000.00,1053584000.00,605057000.00,604995000.00,604954000.00,605088000.00,600249000.00,600456000.00,600648000.00,415984000.00,600387000.00,566411000.00,431755000.00,301824000.00,302219000.00,302329000.00,278988000.00,204271000.00,279456000.00,279669000.00,288090000.00,613138000.00,471174000.00,452941000.00,556380000.00,689221000.00,588108000.00,520866000.00,409919000.00,511446000.00,487615000.00,468715000.00,452527000.00,488970000.00,470451000.00,479711000.00,483663000.00,490184000.00,386846000.00,346509000.00,406942000.00,476085000.00,480322000.00,550461000.00,681089000.00,735522000.00,772768000.00,773819000.00,882861000.00,990485000.00,,,,,,,
otherStockholderEquity,-2002677000.00,-2007165000.00,-2017189000.00,-2021208000.00,-1956458000.00,-1890957000.00,-1702306000.00,-1454881000.00,-1368551000.00,-1155245000.00,-777793000.00,-610371000.00,-300406000.00,-201057000.00,-210427000.00,-189206000.00,-187304000.00,143155000.00,146115000.00,268843000.00,414593000.00,528159000.00,523089000.00,520046000.00,515236000.00,506418000.00,498314000.00,492950000.00,488211000.00,485713000.00,481510000.00,483623000.00,474460000.00,467244000.00,457535000.00,449901000.00,445000000.00,440228000.00,433940000.00,423403000.00,419009000.00,419459000.00,433263000.00,493120000.00,490537000.00,487160000.00,501789000.00,-1144530000.00,-1157565000.00,-1063739000.00,-834245000.00,-571967000.00,-425661000.00,-416283000.00,-275780000.00,1786000.00,42085000.00,69030000.00,60847000.00,44877000.00,39852000.00,69523000.00,53581000.00,200015000.00,267396000.00,463884000.00,434420000.00,414153000.00,405597000.00,396531000.00,459989000.00,509297000.00,542760000.00,562537000.00,517733000.00,548845000.00,621621000.00,670300000.00,653284000.00,647106000.00,644896000.00,635088000.00,622034000.00,610195000.00,898000000.00,889000000.00,848000000.00,733066000.00,,,,,,,
propertyPlantEquipment,,1688891000.00,1694337000.00,4297829000.00,4289577000.00,1611119000.00,1567986000.00,1528311000.00,3997621000.00,1463990000.00,1463990000.00,1462602000.00,1444889000.00,3804012000.00,1444478000.00,1433213000.00,3724821000.00,3741407000.00,1363128000.00,1368985000.00,1335769000.00,1338931000.00,1358397000.00,1394138000.00,1418486000.00,1431294000.00,1439621000.00,1446340000.00,1442173000.00,1431922000.00,1432698000.00,1434577000.00,1396093000.00,1400342000.00,1397950000.00,1432030000.00,1424569000.00,1422083000.00,1425117000.00,1283970000.00,1278655000.00,1287266000.00,1287042000.00,1292547000.00,1271220000.00,1264468000.00,1234477000.00,1223714000.00,1192160000.00,1172839000.00,1152633000.00,1144642000.00,1105852000.00,1100373000.00,1097487000.00,1100338000.00,1070217000.00,1067432000.00,1061683000.00,1071405000.00,1053789000.00,1058273000.00,1047667000.00,1047944000.00,1016712000.00,1019252000.00,1016046000.00,994977000.00,983609000.00,954620000.00,932455000.00,898851000.00,869114000.00,843034000.00,810342000.00,786212000.00,754374000.00,743945000.00,710503000.00,712702000.00,707309000.00,711222000.00,716804000.00,728432000.00,718352000.00,715697000.00,720309000.00,711282000.00,406531000.00,400973000.00,402658000.00,410960000.00,404994000.00,396331000.00,395957000.00
totalCurrentAssets,6311119000.00,6326472000.00,6201692000.00,6046852000.00,6162519000.00,6183165000.00,6057780000.00,6275476000.00,6161261000.00,6221871000.00,6310718000.00,6270001000.00,6437350000.00,6395525000.00,6571995000.00,5695543000.00,5826648000.00,5962471000.00,5781838000.00,6082454000.00,6024283000.00,5877816000.00,5617516000.00,5426892000.00,5367952000.00,5326215000.00,5306693000.00,5172764000.00,5262126000.00,5279784000.00,5266227000.00,4940746000.00,5008385000.00,4977928000.00,4936865000.00,4741040000.00,4763273000.00,4714776000.00,4641784000.00,3989384000.00,3378691000.00,3276279000.00,3162874000.00,3184200000.00,2947889000.00,2765167000.00,2669834000.00,2293820000.00,2374122000.00,2342166000.00,2335488000.00,2124271000.00,2201662000.00,2141370000.00,2023296000.00,1887618000.00,2012656000.00,1895386000.00,1853794000.00,1807626000.00,1878819000.00,1837733000.00,1749101000.00,1682825000.00,1676289000.00,1778971000.00,1692207000.00,1611973000.00,1597994000.00,1574756000.00,1589760000.00,1547940000.00,1605759000.00,1628980000.00,1558502000.00,1377427000.00,1349683000.00,1336380000.00,1305421000.00,1226454000.00,1269704000.00,1253972000.00,1235523000.00,1185472000.00,1299253000.00,1282268000.00,1236819000.00,1135848000.00,,,,,,,
longTermInvestments,,,,,,,,,,,,,,,,,,,,,,,,,,,,,,,,,,,,,,,,,,,,,,,,,,,,,,,,,,,,,,,,,,,,,,,,,,,,,,,,,,,,,,,,,,,,,,,
netTangibleAssets,,1124866000.00,1033484000.00,,1100456000.00,1168146000.00,1273740000.00,2477074000.00,1543428000.00,3870367000.00,3870367000.00,4892884000.00,4099849000.00,2043641000.00,3846041000.00,3864244000.00,1949055000.00,2156901000.00,4082454000.00,2009983000.00,2104174000.00,2094062000.00,1969814000.00,1823229000.00,1627859000.00,1515482000.00,1406006000.00,1284412000.00,1211968000.00,1091640000.00,958970000.00,784039000.00,717781000.00,582685000.00,423547000.00,259361000.00,164446000.00,33911000.00,-134493000.00,,1214050000.00,1113033000.00,1010664000.00,1105460000.00,1042440000.00,953244000.00,871972000.00,740145000.00,697126000.00,705052000.00,824435000.00,979627000.00,1082068000.00,1006229000.00,1048911000.00,,,,,,,,,,,,,,,,,,,,,,,,,,,,,,,,,,,,,,,,
shortTermInvestments,,,,,,,,,,,,,,,,,,,,,0.00,0.00,0.00,0.00,0.00,0.00,0.00,0.00,0.00,0.00,0.00,0.00,0.00,0.00,0.00,0.00,0.00,0.00,0.00,0.00,0.00,0.00,0.00,0.00,0.00,0.00,0.00,0.00,0.00,0.00,0.00,0.00,0.00,0.00,0.00,,,,,,,,,,,,,,,,,,,,,,,,,,,,,,,,,,,,,,,,
netReceivables,868305000.00,793772000.00,782093000.00,698613000.00,845667000.00,930452000.00,957799000.00,782785000.00,931758000.00,803880000.00,804826000.00,749999000.00,843054000.00,742346000.00,627405000.00,689469000.00,721342000.00,713061000.00,684419000.00,624972000.00,698617000.00,664149000.00,620378000.00,606357000.00,679359000.00,680503000.00,683024000.00,641252000.00,686947000.00,657483000.00,650993000.00,597788000.00,664614000.00,653309000.00,631926000.00,579825000.00,634828000.00,622432000.00,576606000.00,277595000.00,278977000.00,281714000.00,272208000.00,229866000.00,204555000.00,159349000.00,146228000.00,140007000.00,131409000.00,122188000.00,115424000.00,124227000.00,115731000.00,114885000.00,110471000.00,92560000.00,92993000.00,89393000.00,87519000.00,97203000.00,93778000.00,90146000.00,84083000.00,84983000.00,76982000.00,90689000.00,89754000.00,97046000.00,83733000.00,87414000.00,84779000.00,94689000.00,83877000.00,94380000.00,91233000.00,101969000.00,100109000.00,99262000.00,94299000.00,84799000.00,92828000.00,93350000.00,101483000.00,102574000.00,131957000.00,118101000.00,114356000.00,93704000.00,,,,,,,
longTermDebt,1785717000.00,1785074000.00,1784596000.00,1188283000.00,1187916000.00,1187583000.00,1187170000.00,1034320000.00,1034002000.00,1033369000.00,1033369000.00,1032984000.00,1031872000.00,1240340000.00,1241094000.00,747320000.00,747136000.00,746951000.00,746767000.00,1045720000.00,1045398000.00,1045077000.00,1044755000.00,1044327000.00,1044008000.00,1043690000.00,1073372000.00,1042949000.00,1042633000.00,1169702000.00,1229888000.00,1213161000.00,1293102000.00,1453044000.00,1609687000.00,1636311000.00,1730150000.00,1797795000.00,2001740000.00,1052668000.00,604027000.00,604117000.00,604265000.00,604461000.00,599550000.00,599696000.00,599841000.00,415136000.00,599438000.00,565420000.00,430832000.00,300851000.00,301043000.00,301254000.00,277695000.00,202927000.00,278149000.00,278835000.00,279010000.00,455161000.00,470494000.00,452266000.00,553836000.00,505062000.00,433774000.00,350332000.00,404150000.00,477173000.00,450859000.00,392651000.00,395343000.00,406040000.00,413775000.00,421950000.00,430125000.00,438300000.00,350976000.00,317976000.00,374385000.00,422780000.00,456089000.00,531512000.00,660314000.00,724832000.00,761226000.00,762270000.00,863457000.00,932022000.00,532382000.00,554819000.00,593256000.00,579921000.00,567744000.00,596035000.00,633749000.00
inventory,4940037000.00,5067467000.00,5015973000.00,4915262000.00,4926579000.00,4830101000.00,4778849000.00,4659018000.00,4450452000.00,4428115000.00,4476656000.00,4538199000.00,4367272000.00,4358489000.00,4526003000.00,4432168000.00,4391093000.00,4374933000.00,4433981000.00,4362547000.00,4187082000.00,4159756000.00,4230473000.00,4168492000.00,4219321000.00,4293367000.00,4413803000.00,4325868000.00,4357013000.00,4421274000.00,4432968000.00,4174768000.00,4141562000.00,4119592000.00,4104777000.00,3936955000.00,3941549000.00,3935157000.00,3910948000.00,2556557000.00,2463978000.00,2407041000.00,2423772000.00,2308609000.00,2193369000.00,2096341000.00,2106944000.00,2043158000.00,2109721000.00,2091913000.00,2118119000.00,1863870000.00,1839498000.00,1816998000.00,1745555000.00,1631867000.00,1657067000.00,1635754000.00,1681336000.00,1623088000.00,1717656000.00,1686443000.00,1618320000.00,1529469000.00,1540666000.00,1560507000.00,1556052000.00,1463340000.00,1462067000.00,1433126000.00,1420889000.00,1367099000.00,1374866000.00,1327332000.00,1309297000.00,1201450000.00,1194943000.00,1189567000.00,1174001000.00,1113781000.00,1102565000.00,1079884000.00,1066366000.00,1048803000.00,1078388000.00,1074653000.00,1015848000.00,982000000.00,805392000.00,788773000.00,782619000.00,788914000.00,803107000.00,766998000.00,764816000.00
accountsPayable,3942591000.00,3780215000.00,3682749000.00,4123462000.00,4097412000.00,4086826000.00,3942388000.00,3922007000.00,3750835000.00,3807293000.00,3737853000.00,3640639000.00,3527324000.00,3310073000.00,3304207000.00,3421987000.00,3402538000.00,3317972000.00,3276955000.00,3172790000.00,3023660000.00,2909990000.00,2890317000.00,2894582000.00,2921653000.00,2937096000.00,3049218000.00,3086177000.00,3197075000.00,3219718000.00,3318048000.00,3203922000.00,3180175000.00,3174411000.00,3138574000.00,3095365000.00,3090991000.00,3054340000.00,2975975000.00,2180614000.00,2057615000.00,2048202000.00,2101549000.00,2029814000.00,1825162000.00,1738101000.00,1737339000.00,1653183000.00,1586058000.00,1570320000.00,1574347000.00,1323761000.00,1305918000.00,1309686000.00,1203339000.00,998366000.00,1011645000.00,954666000.00,1005379000.00,791330000.00,853839000.00,884946000.00,801214000.00,688970000.00,708095000.00,736563000.00,886867000.00,651587000.00,810456000.00,817238000.00,821992000.00,748599000.00,778582000.00,764511000.00,676626000.00,587948000.00,636954000.00,629915000.00,635674000.00,568275000.00,606343000.00,591827000.00,520472000.00,470740000.00,554609000.00,585119000.00,517340000.00,429041000.00,403668000.00,401039000.00,354598000.00,387852000.00,415858000.00,374473000.00,363062000.00
totalPermanentEquity,,,,,,,,,,,,,,,,,,,,,0.00,0.00,0.00,0.00,0.00,0.00,0.00,0.00,0.00,0.00,0.00,0.00,0.00,0.00,0.00,0.00,0.00,0.00,0.00,0.00,0.00,0.00,0.00,0.00,0.00,0.00,0.00,0.00,0.00,0.00,0.00,0.00,0.00,0.00,0.00,,,,,,,,,,,,,,,,,,,,,,,,,,,,,,,,,,,,,,,,
noncontrollingInterestInConsolidatedEntity,,,,,,,,,,,,,,,,,,,,,0.00,0.00,0.00,0.00,0.00,0.00,0.00,0.00,0.00,0.00,0.00,0.00,0.00,0.00,0.00,0.00,0.00,0.00,0.00,0.00,0.00,0.00,0.00,0.00,0.00,0.00,0.00,0.00,0.00,0.00,0.00,0.00,0.00,0.00,0.00,,,,,,,,,,,,,,,,,,,,,,,,,,,,,,,,,,,,,,,,
temporaryEquityRedeemableNoncontrollingInterests,,,,,,,,,,,,,,,,,,,,,0.00,0.00,0.00,0.00,0.00,0.00,0.00,0.00,0.00,0.00,0.00,0.00,0.00,0.00,0.00,0.00,0.00,0.00,0.00,0.00,0.00,0.00,0.00,0.00,0.00,0.00,0.00,0.00,0.00,0.00,0.00,0.00,0.00,0.00,0.00,,,,,,,,,,,,,,,,,,,,,,,,,,,,,,,,,,,,,,,,
accumulatedOtherComprehensiveIncome,-47599000.00,-36824000.00,-44355000.00,-45143000.00,-54298000.00,-20789000.00,-41065000.00,-22627000.00,-21826000.00,-23283000.00,-21466000.00,-26759000.00,-38714000.00,-43939000.00,-51535000.00,-34569000.00,-38862000.00,-33481000.00,-40038000.00,-44193000.00,-32083000.00,-35914000.00,-28812000.00,-24954000.00,-24503000.00,-26664000.00,-40574000.00,-39701000.00,-37496000.00,-32421000.00,-27816000.00,-44059000.00,-32053000.00,-32730000.00,-19978000.00,-12337000.00,-4818000.00,6774000.00,259000.00,3683000.00,4608000.00,4749000.00,4891000.00,2667000.00,2683000.00,2796000.00,2909000.00,2804000.00,7621000.00,1614000.00,379000.00,-1597000.00,-2080000.00,-4465000.00,-6230000.00,-6699000.00,-7946000.00,-8034000.00,-8544000.00,-9349000.00,-3251000.00,-1437000.00,-3783000.00,-701000.00,2308000.00,5435000.00,2846000.00,3472000.00,662000.00,5003000.00,4530000.00,3090000.00,2271000.00,648000.00,452000.00,814000.00,366000.00,255000.00,-350000.00,-529000.00,-1001000.00,-2337000.00,-658000.00,-1568000.00,-2108000.00,-2100000.00,-2676000.00,-2676000.00,,,,,,,
additionalPaidInCapital,,,,,,,,,,,,,,,,,,,,,0.00,0.00,0.00,0.00,0.00,0.00,0.00,0.00,0.00,0.00,0.00,0.00,0.00,0.00,0.00,0.00,0.00,0.00,0.00,0.00,0.00,0.00,0.00,0.00,0.00,0.00,0.00,0.00,0.00,0.00,0.00,0.00,0.00,0.00,0.00,,,,,,,,,,,,,,,,,,,,,,,,,,,,,,,,,,,,,,,,
commonStockTotalEquity,,8000.00,8000.00,,8000.00,8000.00,8000.00,8000.00,8000.00,8000.00,8000.00,8000.00,8000.00,8000.00,8000.00,8000.00,8000.00,8000.00,8000.00,8000.00,8000.00,8000.00,8000.00,8000.00,8000.00,8000.00,8000.00,8000.00,8000.00,8000.00,8000.00,7000.00,7000.00,7000.00,7000.00,7000.00,7000.00,7000.00,7000.00,0.00,7000.00,7000.00,7000.00,7000.00,7000.00,7000.00,7000.00,11000.00,11000.00,11000.00,11000.00,11000.00,11000.00,11000.00,10000.00,,,,,,,,,,,,,,,,11000.00,11000.00,,,,,,,,,,,,,,,,3000.00,,,,,,,
preferredStockTotalEquity,,,,,,,,,,,,,,,,,,,,,0.00,0.00,0.00,0.00,0.00,0.00,0.00,0.00,0.00,0.00,0.00,0.00,0.00,0.00,0.00,0.00,0.00,0.00,0.00,0.00,0.00,0.00,0.00,0.00,0.00,0.00,0.00,0.00,0.00,0.00,0.00,0.00,0.00,0.00,0.00,,,,,,,,,,,,,,,,,,,,,,,,,,,,,,,,,,,,,,,,
retainedEarningsTotalEquity,,4767168000.00,4697697000.00,,4726823000.00,4706547000.00,4653043000.00,4605791000.00,4586904000.00,4300818000.00,4300818000.00,4196634000.00,4101776000.00,3971507000.00,3798983000.00,3772848000.00,3681100000.00,3561620000.00,3441138000.00,3326155000.00,3277118000.00,3165696000.00,3052336000.00,2920096000.00,2740046000.00,2648515000.00,2565927000.00,2462935000.00,2404998000.00,2295597000.00,2175437000.00,2021077000.00,1970662000.00,1854608000.00,1709024000.00,1565341000.00,1485310000.00,1367516000.00,1232425000.00,0.00,1044224000.00,944764000.00,832286000.00,714900000.00,654251000.00,569138000.00,473944000.00,1989629000.00,1927559000.00,1826392000.00,1717739000.00,1612927000.00,1569768000.00,1487187000.00,1391383000.00,,,,,,,,,,,,,,,,,,,,,,,,,,,,,,,,,,,,,,,,
treasuryStock,,,,,-2842896000.00,-2766457000.00,-2564757000.00,-2300288000.00,-2203584000.00,-1577727000.00,-1577727000.00,-1394080000.00,-1072719000.00,-961592000.00,-960150000.00,-924389000.00,-912335000.00,-572592000.00,-560245000.00,-425954000.00,-271082000.00,-150257000.00,-149824000.00,-144600000.00,-141482000.00,-141405000.00,-141223000.00,-138102000.00,-132009000.00,-131888000.00,-131522000.00,-119709000.00,-114864000.00,-114778000.00,-114634000.00,-113044000.00,-108729000.00,-108647000.00,-108505000.00,-107890000.00,-105732000.00,-102883000.00,-87013000.00,-27095000.00,-25193000.00,-25042000.00,-5174000.00,-1644767000.00,-1642807000.00,-1542794000.00,-1302998000.00,-1028612000.00,-869256000.00,-848547000.00,-680583000.00,-391176000.00,-340681000.00,-305483000.00,-291114000.00,-291114000.00,-291114000.00,-237491000.00,-229993000.00,-74644000.00,,-3898000.00,,,,-113162000.00,-42083000.00,-55668000.00,-18128000.00,-189348000.00,-189348000.00,-146370000.00,-49997000.00,,,,,,,,,,,,,,,,,,
accumulatedAmortization,,,,,,,,,,,,,,,,,,,,,,,,,,,,,,,,,,,,,,,,,,,,,,,,,,,,,,,,,,,,,,,,,,,,,,,,,,,,,,,,,,,,,,,,,,,,,,,
nonCurrrentAssetsOther,-307031000.00,71870000.00,-368351000.00,-353568000.00,-369353000.00,-363779000.00,53194000.00,73651000.00,52182000.00,43402000.00,47831000.00,52329000.00,50374000.00,48250000.00,49444000.00,52448000.00,49446000.00,49667000.00,46241000.00,48379000.00,56839000.00,54922000.00,62233000.00,69304000.00,78858000.00,67109000.00,64674000.00,64149000.00,66593000.00,68566000.00,69869000.00,82633000.00,81763000.00,83161000.00,88839000.00,45737000.00,48842000.00,52052000.00,45049000.00,41713000.00,33555000.00,35034000.00,40023000.00,32621000.00,33847000.00,34442000.00,34912000.00,31066000.00,31993000.00,29944000.00,26520000.00,27029000.00,28313000.00,28235000.00,23105000.00,24201000.00,21968000.00,20629000.00,24453000.00,22864000.00,13160000.00,15186000.00,14382000.00,14235000.00,12752000.00,15903000.00,11747000.00,14087000.00,18297000.00,26136000.00,26305000.00,28264000.00,33357000.00,36717000.00,37539000.00,38323000.00,41965000.00,45622000.00,47356000.00,43915000.00,34236000.00,36894000.00,37524000.00,51321000.00,65598000.00,72133000.00,92076000.00,103485000.00,,,,,,,
deferredLongTermAssetCharges,,,,,,,,,,,,,,,,,,,,,,,,,,,,,,,,,,,,,,,,,,,,,,,,,,,,,,,,,,,,,,,,,,,,,,,,,,,,,,,,,,,,,,,,,,,,,,,
nonCurrentAssetsTotal,5928468000.00,5977904000.00,5980546000.00,5971630000.00,5969560000.00,5954798000.00,5944701000.00,5918733000.00,5702910000.00,5616854000.00,5557770000.00,5569635000.00,5535413000.00,5535140000.00,5500577000.00,5552982000.00,5280154000.00,5305475000.00,5299673000.00,2958194000.00,2948070000.00,2957740000.00,2997437000.00,3055409000.00,3100272000.00,3111198000.00,3121964000.00,3142269000.00,3152519000.00,3157745000.00,3172736000.00,3193819000.00,3173151000.00,3189947000.00,3209830000.00,3221318000.00,3234464000.00,3254749000.00,3271290000.00,1575390000.00,1566008000.00,1576009000.00,1584611000.00,1429614000.00,1409317000.00,1403979000.00,1375278000.00,1361934000.00,1303946000.00,1261302000.00,1237895000.00,1229946000.00,1192663000.00,1187357000.00,1179512000.00,1185345000.00,1153242000.00,1149585000.00,1147934000.00,1156439000.00,1129440000.00,1136247000.00,1124026000.00,1122741000.00,1090277000.00,1096418000.00,1089107000.00,1070708000.00,1063591000.00,1047964000.00,1025968000.00,994209000.00,956815000.00,879751000.00,847881000.00,824535000.00,796339000.00,789567000.00,757859000.00,756617000.00,741545000.00,748116000.00,754328000.00,779753000.00,783950000.00,787830000.00,812385000.00,814767000.00,,,,,,,
capitalLeaseObligations,2209899000.00,2249994000.00,2269280000.00,2278318000.00,2251560000.00,2296003000.00,2330532000.00,2337651000.00,2154364000.00,2091171000.00,2035785000.00,2014499000.00,2014898000.00,2041400000.00,1996156000.00,2017159000.00,1997721000.00,2481431000.00,2054173000.00,,,,,,,,,,,,,,,,,,,,,,,,,,,,,,,,,,,,,,,,,,,,,,,,,,,,,,,,,,,,,,,,,,,,,,,,,,,,
longTermDebtTotal,,1785074000.00,1784596000.00,1188283000.00,1187916000.00,1187583000.00,1187170000.00,1034320000.00,1034002000.00,1033369000.00,1033369000.00,1032984000.00,1031872000.00,1240340000.00,1241094000.00,747320000.00,747136000.00,746951000.00,746767000.00,1045720000.00,1045398000.00,1045077000.00,1044755000.00,1044327000.00,1044008000.00,1043690000.00,1073372000.00,1042949000.00,1042633000.00,1169702000.00,1229888000.00,1213161000.00,1293102000.00,1453044000.00,1609687000.00,1636311000.00,1730150000.00,1797795000.00,2001740000.00,,604027000.00,604117000.00,604265000.00,604461000.00,599550000.00,599696000.00,599841000.00,415136000.00,599438000.00,565420000.00,430832000.00,300851000.00,301043000.00,301254000.00,277695000.00,,,,,,,,,,,,,,,,,,,,,,,,,,,,,,,,,,,,,,,,
nonCurrentLiabilitiesOther,87669000.00,87063000.00,85762000.00,87214000.00,99910000.00,98698000.00,102189000.00,2440685000.00,148972000.00,148001000.00,148001000.00,146281000.00,171711000.00,146761000.00,133979000.00,123250000.00,124781000.00,131035000.00,124067000.00,239812000.00,225927000.00,220222000.00,232752000.00,239061000.00,226826000.00,228337000.00,225851000.00,225564000.00,223592000.00,231573000.00,229079000.00,229354000.00,524444000.00,545944000.00,565942000.00,580069000.00,558046000.00,583032000.00,580456000.00,,236480000.00,239527000.00,248632000.00,239021000.00,229324000.00,218308000.00,217908000.00,204829000.00,195376000.00,187735000.00,182337000.00,165943000.00,123380000.00,114809000.00,118015000.00,,,,,,,,,,,,,,,,,,,,,,,,,,,,,,,,,,,,,,,,
nonCurrentLiabilitiesTotal,4466125000.00,4554811000.00,4562622000.00,3969812000.00,3973103000.00,4001336000.00,4040227000.00,3885611000.00,3712407000.00,3637815000.00,3574498000.00,3536209000.00,3561211000.00,3766587000.00,3704494000.00,3221742000.00,3187947000.00,3224239000.00,3235411000.00,1603885000.00,1591485000.00,1579390000.00,1588193000.00,1587008000.00,1700028000.00,1710809000.00,1745351000.00,1722795000.00,1721573000.00,1847399000.00,1901261000.00,1876440000.00,1817546000.00,1998988000.00,2175629000.00,2216380000.00,2288196000.00,2380827000.00,2582196000.00,1283784000.00,840507000.00,843644000.00,852897000.00,843482000.00,828874000.00,818004000.00,817749000.00,619965000.00,794814000.00,753155000.00,613169000.00,466794000.00,424423000.00,416063000.00,395710000.00,324571000.00,400384000.00,360458000.00,351246000.00,523905000.00,528286000.00,504909000.00,606532000.00,555843000.00,493816000.00,413750000.00,468687000.00,538407000.00,517632000.00,460416000.00,467345000.00,480914000.00,492356000.00,497849000.00,511053000.00,518522000.00,424301000.00,393813000.00,451853000.00,497882000.00,524616000.00,599210000.00,726171000.00,774293000.00,801903000.00,797670000.00,900689000.00,968295000.00,,,,,,,
negativeGoodwill,,,,,,,,,,,,,,,,,,,,,,,,,,,,,,,,,,,,,,,,,,,,,,,,,,,,,,,,,,,,,,,,,,,,,,,,,,,,,,,,,,,,,,,,,,,,,,,
warrants,,,,,,,,,,,,,,,,,,,,,,,,,,,,,,,,,,,,,,,,,,,,,,,,,,,,,,,,,,,,,,,,,,,,,,,,,,,,,,,,,,,,,,,,,,,,,,,
preferredStockRedeemable,,,,,,,,,,,,,,,,,,,,,,,,,,,,,,,,,,,,,,,,,,,,,,,,,,,,,,,,,,,,,,,,,,,,,,,,,,,,,,,,,,,,,,,,,,,,,,,
capitalSurpluse,,925411000.00,914184000.00,897560000.00,886438000.00,875500000.00,862451000.00,845407000.00,835033000.00,799934000.00,799934000.00,783709000.00,772313000.00,760535000.00,749723000.00,735183000.00,725031000.00,715747000.00,706360000.00,694797000.00,685675000.00,678416000.00,672913000.00,664646000.00,656718000.00,647823000.00,639537000.00,631052000.00,620220000.00,617601000.00,613032000.00,603332000.00,589324000.00,582022000.00,572169000.00,562945000.00,553729000.00,548875000.00,542445000.00,,524741000.00,522342000.00,520276000.00,520215000.00,515730000.00,512202000.00,506963000.00,500237000.00,485242000.00,479055000.00,468753000.00,456645000.00,443595000.00,432264000.00,404803000.00,,,,,,,,,,,,,,,,,,,,,,,,,,,,,,,,,,,,,,,,
liabilitiesAndStockholdersEquity,12239587000.00,12304376000.00,12182238000.00,12018482000.00,12132079000.00,12137963000.00,12002481000.00,12194209000.00,11864171000.00,11838725000.00,11868488000.00,11839636000.00,11972763000.00,11930665000.00,12072572000.00,11248525000.00,11106802000.00,11267946000.00,11081511000.00,9040648000.00,8972353000.00,8835556000.00,8614953000.00,8482301000.00,8468224000.00,8437413000.00,8428657000.00,8315033000.00,8414645000.00,8437529000.00,8438963000.00,8134565000.00,8181536000.00,8167875000.00,8146695000.00,7962358000.00,7997737000.00,7969525000.00,7913074000.00,5564774000.00,4944699000.00,4852288000.00,4747485000.00,4613814000.00,4357206000.00,4169146000.00,4045112000.00,3655754000.00,3678068000.00,3603468000.00,3573383000.00,3354217000.00,3394325000.00,3328727000.00,3202808000.00,3072963000.00,3165898000.00,3044971000.00,3001728000.00,2964065000.00,3008259000.00,2973980000.00,2873127000.00,2805566000.00,2766566000.00,2875389000.00,2781314000.00,2682681000.00,2661585000.00,2622720000.00,2615728000.00,2542149000.00,2562574000.00,2508731000.00,2406383000.00,2201962000.00,2146022000.00,2125947000.00,2063280000.00,1983071000.00,2011249000.00,2002088000.00,1989851000.00,1965225000.00,2083203000.00,2070098000.00,2049204000.00,1950615000.00,,,,,,,
cashAndShortTermInvestments,317528000.00,277064000.00,226499000.00,269282000.00,191204000.00,240551000.00,138733000.00,601428000.00,604645000.00,809287000.00,880233000.00,834992000.00,1068205000.00,1141502000.00,1279838000.00,418665000.00,573726000.00,747719000.00,537330000.00,896527000.00,970006000.00,902249000.00,639143000.00,546937000.00,363302000.00,257230000.00,126087000.00,135178000.00,119494000.00,104827000.00,103708000.00,90782000.00,105346000.00,114536000.00,123821000.00,104671000.00,89664000.00,67446000.00,83358000.00,1112471000.00,567301000.00,520969000.00,407724000.00,598111000.00,479383000.00,448594000.00,364084000.00,57901000.00,65929000.00,68820000.00,53667000.00,59209000.00,194502000.00,160818000.00,133286000.00,100018000.00,216215000.00,126391000.00,50902000.00,37358000.00,21307000.00,19459000.00,19128000.00,14654000.00,14836000.00,82647000.00,16983000.00,11128000.00,13987000.00,13128000.00,55350000.00,40783000.00,112704000.00,175888000.00,131688000.00,56321000.00,27479000.00,19817000.00,12867000.00,11487000.00,49858000.00,46074000.00,24738000.00,13885000.00,56843000.00,39544000.00,65287000.00,18117000.00,,,,,,,
propertyPlantAndEquipmentGross,,,,,,,,1528311000.00,,3914119000.00,3842954000.00,3842589000.00,3807326000.00,3804012000.00,3763989000.00,3798538000.00,3724821000.00,3741407000.00,3734490000.00,1368985000.00,1335769000.00,1339000000.00,1358000000.00,1394000000.00,1418000000.00,1431000000.00,1440000000.00,1446340000.00,1442000000.00,1432000000.00,1433000000.00,1435000000.00,1396000000.00,1400000000.00,1398000000.00,1432000000.00,1425000000.00,1422000000.00,1425000000.00,1284000000.00,1279000000.00,1285000000.00,1285000000.00,1292000000.00,1270000000.00,1264000000.00,1234000000.00,1223099000.00,1191000000.00,1172000000.00,1152000000.00,1143000000.00,1104000000.00,1099000000.00,1096000000.00,1100000000.00,1070000000.00,1067000000.00,1062000000.00,1071000000.00,1054000000.00,1058000000.00,1048000000.00,1048000000.00,1017000000.00,1019000000.00,1016000000.00,995000000.00,984000000.00,955000000.00,932000000.00,898851000.00,869000000.00,843000000.00,810000000.00,786000000.00,754000000.00,744000000.00,711000000.00,713000000.00,707000000.00,711000000.00,717000000.00,728000000.00,718000000.00,716000000.00,720000000.00,711282000.00,,,,,,,
propertyPlantAndEquipmentNet,4264026000.00,4307713000.00,4323236000.00,4297829000.00,4289577000.00,4272862000.00,4255567000.00,4200121000.00,3997621000.00,3914119000.00,3842954000.00,3842589000.00,3807326000.00,3804012000.00,3763989000.00,3798538000.00,3724821000.00,3741407000.00,3734490000.00,1368985000.00,1335769000.00,1338931000.00,1358397000.00,1394138000.00,1418486000.00,1431294000.00,1439621000.00,1446340000.00,1442173000.00,1431922000.00,1432698000.00,1434577000.00,1396093000.00,1400342000.00,1397950000.00,1432030000.00,1424569000.00,1422083000.00,1425117000.00,1283970000.00,1278655000.00,1285029000.00,1284805000.00,1291759000.00,1270432000.00,1263680000.00,1233689000.00,1223099000.00,1191453000.00,1172132000.00,1151926000.00,1143170000.00,1104380000.00,1098901000.00,1095935000.00,1100338000.00,1070217000.00,1067432000.00,1061683000.00,1071405000.00,1053789000.00,1058273000.00,1047667000.00,1047944000.00,1016712000.00,1019252000.00,1016046000.00,994977000.00,983609000.00,954620000.00,932455000.00,898851000.00,869114000.00,843034000.00,810342000.00,786212000.00,754374000.00,743945000.00,710503000.00,712702000.00,707309000.00,711222000.00,716804000.00,728432000.00,718352000.00,715697000.00,720309000.00,711282000.00,,,,,,,
accumulatedDepreciation,,,,,,,,,,,,,,,,,,,,,,,,,,,,,,,,,,,,,,,,,,,,,,,,,,,,,,,,,,,,,,,,,,,,,,,,,,,,,,,,,,,,,,,,,,,,,,,
netWorkingCapital,1177813000.00,1300094000.00,1218237000.00,676463000.00,719618000.00,841347000.00,1005206000.00,1095169000.00,1206032000.00,1322526000.00,1518295000.00,1526086000.00,1788462000.00,1957966000.00,1740946000.00,,,,,,,,,,,,,,,,,,,,,,,,,,,,,,,,,,,,,,,,,,,,,,,,,,,,,,,,,,,,,,,,,,,,,,,,,,,,,,,,
netInvestedCapital,1785717000.00,1880074000.00,1900596000.00,4051564000.00,4088991000.00,1287639000.00,4096850000.00,1034320000.00,1034002000.00,4335251000.00,4534936000.00,4592496000.00,4794536000.00,4966859000.00,5278123000.00,,,,,,,,,,,,,,,,,,,,,,,,,,,,,,,,,,,,,,,,,,,,,,,,,,,,,,,,,,,,,,,,,,,,,,,,,,,,,,,,
commonStockSharesOutstanding,59630000.00,59604000.00,59544000.00,59623000.00,60384000.00,60782000.00,61732000.00,62845000.00,63348000.00,65210000.00,66102000.00,67929000.00,69267000.00,69294000.00,69392000.00,69570000.00,70664000.00,72008000.00,72103000.00,73254000.00,74190000.00,74244000.00,74205000.00,74156000.00,74106000.00,74093000.00,74093000.00,73886000.00,73860000.00,73835000.00,73847000.00,73861000.00,73763000.00,73682000.00,73653000.00,73494000.00,73427000.00,73399000.00,73355000.00,73248000.00,73128000.00,73343000.00,73806000.00,74002000.00,73992000.00,74084000.00,74223000.00,74223000.00,74730000.00,77426000.00,81019000.00,81019000.00,84802000.00,86410000.00,91473000.00,91473000.00,95474000.00,95745000.00,94889000.00,94889000.00,95859000.00,95663000.00,95607000.00,95683000.00,103181000.00,107470000.00,106645000.00,106645000.00,106051000.00,106793000.00,109255000.00,109255000.00,110941000.00,110348000.00,109155000.00,109100450.00,113139000.00,114368816.00,113817091.00,113817091.00,113322000.00,112245000.00,109802099.00,109802099.00,110175000.00,109626000.00,105313343.00,105313343.00,86175780.00,86430254.00,82951381.00,,,,
investments,-41858000.00,-53671000.00,-89671000.00,-92630000.00,-121436000.00,-96356000.00,-114026000.00,-98433000.00,-61165000.00,-57422000.00,-70294000.00,-74949000.00,-51918000.00,-56898000.00,-83132000.00,-302429000.00,-57651000.00,-42100000.00,-60759000.00,,,,,,,,,,,,,,,,,,,,,,,,,,,,,,,,,,,,,,,,,,,,,,,,,,,,,,,,,,,,,,,,,,,,,,,,,,,,
changeToLiabilities,,,,,19112000.00,147994000.00,20225000.00,172671000.00,-57273000.00,69572000.00,96094000.00,109657000.00,215691000.00,3599000.00,-112459000.00,17963000.00,85820000.00,39061000.00,102941000.00,153921000.00,112489000.00,22031000.00,-2948000.00,-197168000.00,-16477000.00,-117040000.00,-16417000.00,-119325000.00,75675000.00,63099000.00,128525000.00,154267000.00,184691000.00,141648000.00,85172000.00,187550000.00,238564000.00,201533000.00,90642000.00,176843000.00,60222000.00,74768000.00,54603000.00,417567000.00,247855000.00,159955000.00,120102000.00,344777000.00,308329000.00,320129000.00,303175000.00,364554000.00,347498000.00,378064000.00,270856000.00,195722000.00,211938000.00,140345000.00,169165000.00,187166000.00,225525000.00,252480000.00,140406000.00,92639000.00,128216000.00,154954000.00,138525000.00,37603000.00,57528000.00,103818000.00,77441000.00,68415000.00,131029000.00,98108000.00,129469000.00,32254000.00,61308000.00,81722000.00,47628000.00,69550000.00,148353000.00,127774000.00,48443000.00,75809000.00,180412000.00,196667000.00,106680000.00,,32650000.00,30359000.00,,17124000.00,56825000.00,15977000.00,
totalCashflowsFromInvestingActivities,,-143342000.00,-89671000.00,-424448000.00,-121436000.00,-96356000.00,-114026000.00,-287314000.00,-61165000.00,-57422000.00,-70294000.00,-74949000.00,-51918000.00,-56898000.00,-83132000.00,-302429000.00,-160510000.00,-102859000.00,-60759000.00,-88145000.00,-42445000.00,-27293000.00,-33944000.00,-178639000.00,-154820000.00,-121033000.00,-64139000.00,-262044000.00,-205402000.00,-139057000.00,0.00,-253366000.00,0.00,0.00,0.00,-2288237000.00,0.00,0.00,0.00,-362107000.00,0.00,0.00,0.00,-272978000.00,0.00,0.00,0.00,-289974000.00,0.00,0.00,0.00,0.00,0.00,0.00,0.00,,,,,,,,,,,,,,,,,,,,,,,,,,,,,,,,,,,,,,,,
netBorrowings,,,,,85000000.00,100000000.00,147537000.00,147537000.00,147537000.00,147537000.00,,,-253716000.00,-500000000.00,998240000.00,12000.00,10914000.00,-19687000.00,-360625000.00,43987000.00,-3611000.00,3739000.00,-12101000.00,14004000.00,8878000.00,-42692000.00,38490000.00,-165573000.00,-130391000.00,-61488000.00,40644000.00,-426322000.00,,,,599619000.00,,,,,,,,,,,,,,,,,,,,,,,,,,,,,,,,,,,,,,,,,,,,,,,,,,,,,,,,,,,
totalCashFromFinancingActivities,-109419000.00,-111257000.00,425660000.00,-74866000.00,-80278000.00,-191825000.00,-273735000.00,-95374000.00,-292297000.00,-459752000.00,-216689000.00,-319457000.00,-384263000.00,-519135000.00,936858000.00,-11289000.00,-332298000.00,-35390000.00,-503176000.00,-110255000.00,-128420000.00,1517000.00,-26757000.00,7027000.00,4945000.00,-46716000.00,19872000.00,-18388000.00,-135033000.00,-64222000.00,22952000.00,-108699000.00,-149923000.00,-162023000.00,-25307000.00,-86981000.00,-139167000.00,-205543000.00,1007602000.00,443114000.00,-6834000.00,-20234000.00,-84829000.00,5013000.00,-2429000.00,-27718000.00,153041000.00,-160482000.00,-70329000.00,-119242000.00,-190130000.00,-152569000.00,-19572000.00,-91323000.00,-244154000.00,-131955000.00,-63485000.00,-27013000.00,-229038000.00,-39251000.00,4794000.00,-87338000.00,-152631000.00,31074000.00,-138733000.00,11356000.00,-108570000.00,14624000.00,28111000.00,-68468000.00,-78884000.00,-17337000.00,-66097000.00,46221000.00,-756000.00,31234000.00,-9562000.00,-43658000.00,-30152000.00,-6767000.00,-63956000.00,-118850000.00,-83272000.00,-41015000.00,-4959000.00,-100816000.00,-22433000.00,347580000.00,,,19480000.00,,,,8102000.00
changeToOperatingActivities,,,,,-23147000.00,25334000.00,-42416000.00,-110117000.00,97933000.00,63473000.00,-75441000.00,-63503000.00,-17861000.00,112876000.00,31426000.00,-36117000.00,-36590000.00,20329000.00,-5492000.00,-38919000.00,-2237000.00,62371000.00,8018000.00,-34620000.00,-78956000.00,64487000.00,-8945000.00,66239000.00,-10503000.00,-17368000.00,3806000.00,62926000.00,,,,-85671000.00,,,,,,,,,,,,,,,,,,,,,,,,,,,,,,,,,,,,,,,,,,,,,,,,,,,,,,,,,,,
changeInCash,40464000.00,50565000.00,-42783000.00,78078000.00,-49347000.00,101818000.00,-462695000.00,-3217000.00,-204642000.00,-70946000.00,45241000.00,-233213000.00,-73297000.00,-138336000.00,861173000.00,-155061000.00,-173993000.00,210389000.00,-359197000.00,-73479000.00,67757000.00,263106000.00,92206000.00,183635000.00,106072000.00,131143000.00,-9091000.00,15684000.00,14667000.00,1119000.00,12926000.00,-14564000.00,-9190000.00,-9285000.00,19150000.00,15007000.00,22218000.00,-15912000.00,-1029113000.00,545170000.00,46332000.00,113245000.00,-190387000.00,118728000.00,30789000.00,84510000.00,306183000.00,-8028000.00,-2891000.00,15153000.00,-5542000.00,-135293000.00,33684000.00,27532000.00,33268000.00,-116197000.00,89824000.00,75489000.00,13544000.00,16051000.00,1848000.00,331000.00,4474000.00,-182000.00,-67811000.00,65664000.00,5855000.00,-2859000.00,859000.00,-42222000.00,14567000.00,-71921000.00,-63184000.00,44200000.00,75367000.00,28842000.00,7662000.00,6950000.00,1380000.00,-38371000.00,3784000.00,21336000.00,10853000.00,-42958000.00,17299000.00,-25743000.00,47170000.00,,,,,,,,
beginPeriodCashFlow,277064000.00,226499000.00,269282000.00,191204000.00,240551000.00,138733000.00,601428000.00,604645000.00,809287000.00,880233000.00,834992000.00,1068205000.00,1141502000.00,1279838000.00,418665000.00,573726000.00,747719000.00,537330000.00,896527000.00,970006000.00,902249000.00,639143000.00,546937000.00,363302000.00,257230000.00,126087000.00,135178000.00,119494000.00,104827000.00,103708000.00,90782000.00,105346000.00,114536000.00,123821000.00,104671000.00,89664000.00,67446000.00,83358000.00,1112471000.00,567301000.00,520969000.00,407724000.00,598111000.00,479383000.00,448594000.00,364084000.00,57901000.00,65929000.00,68820000.00,53667000.00,59209000.00,194502000.00,160818000.00,133286000.00,100018000.00,216215000.00,126391000.00,50902000.00,37358000.00,21307000.00,19459000.00,19128000.00,14654000.00,14836000.00,82647000.00,16983000.00,11128000.00,13987000.00,13128000.00,55350000.00,40783000.00,112704000.00,175888000.00,131688000.00,56321000.00,27479000.00,19817000.00,12867000.00,11487000.00,49858000.00,46074000.00,24738000.00,13885000.00,56843000.00,39544000.00,65287000.00,18117000.00,,,,,,,,
endPeriodCashFlow,317528000.00,277064000.00,226499000.00,269282000.00,191204000.00,240551000.00,138733000.00,601428000.00,604645000.00,809287000.00,880233000.00,834992000.00,1068205000.00,1141502000.00,1279838000.00,418665000.00,573726000.00,747719000.00,537330000.00,896527000.00,970006000.00,902249000.00,639143000.00,546937000.00,363302000.00,257230000.00,126087000.00,135178000.00,119494000.00,104827000.00,103708000.00,90782000.00,105346000.00,114536000.00,123821000.00,104671000.00,89664000.00,67446000.00,83358000.00,1112471000.00,567301000.00,520969000.00,407724000.00,598111000.00,479383000.00,448594000.00,364084000.00,57901000.00,65929000.00,68820000.00,53667000.00,59209000.00,194502000.00,160818000.00,133286000.00,100018000.00,216215000.00,126391000.00,50902000.00,37358000.00,21307000.00,19459000.00,19128000.00,14654000.00,14836000.00,82647000.00,16983000.00,11128000.00,13987000.00,13128000.00,55350000.00,40783000.00,112704000.00,175888000.00,131688000.00,56321000.00,27479000.00,19817000.00,12867000.00,11487000.00,49858000.00,46074000.00,24738000.00,13885000.00,56843000.00,39544000.00,65287000.00,18000000.00,,,,,,,
totalCashFromOperatingActivities,194963000.00,214306000.00,-378865000.00,239128000.00,174551000.00,363483000.00,-54940000.00,187326000.00,148777000.00,446227000.00,329932000.00,160470000.00,361008000.00,437302000.00,10908000.00,158363000.00,216385000.00,287619000.00,204542000.00,129525000.00,237535000.00,289998000.00,153970000.00,199800000.00,133656000.00,232268000.00,35081000.00,91457000.00,216512000.00,117604000.00,75301000.00,169554000.00,189272000.00,228605000.00,102211000.00,168697000.00,219733000.00,239430000.00,81131000.00,146783000.00,88377000.00,174805000.00,135285000.00,180499000.00,93399000.00,175966000.00,235417000.00,217867000.00,141432000.00,197100000.00,272450000.00,69665000.00,100994000.00,157496000.00,338004000.00,71240000.00,194646000.00,141082000.00,292722000.00,102895000.00,25820000.00,136423000.00,213601000.00,32764000.00,97794000.00,93109000.00,186875000.00,36601000.00,39579000.00,91130000.00,166294000.00,-4677000.00,138883000.00,56799000.00,134206000.00,45945000.00,54084000.00,102725000.00,61040000.00,-4296000.00,84285000.00,158428000.00,117504000.00,24116000.00,36976000.00,86474000.00,95430000.00,103536000.00,126294000.00,102616000.00,,103951000.00,100800000.00,53304000.00,
issuanceOfCapitalStock,,,,,,,,1337000.00,868000.00,869000.00,,,,,,,,,,,,,,,,,,,,,,,,,,,,,,,,,,,,,,,,,,,,,,,,,,,,,,,,,,,,,,,,,,,,,,,,,,,,,,,,,,,,,
depreciation,72002000.00,70420000.00,92554000.00,68576000.00,66533000.00,63110000.00,85581000.00,65196000.00,59426000.00,58058000.00,77253000.00,57170000.00,57690000.00,56642000.00,78579000.00,58806000.00,56308000.00,53372000.00,69885000.00,54600000.00,55340000.00,56552000.00,71692000.00,56507000.00,57553000.00,57770000.00,77430000.00,59125000.00,59997000.00,59945000.00,79320000.00,61980000.00,61636000.00,62613000.00,83247000.00,66078000.00,65912000.00,64498000.00,88205000.00,47736000.00,47987000.00,48045000.00,64027000.00,45777000.00,45240000.00,42728000.00,55799000.00,41469000.00,41507000.00,40434000.00,52539000.00,38996000.00,38508000.00,37250000.00,49683000.00,36061000.00,35288000.00,34413000.00,45155000.00,33366000.00,34691000.00,34152000.00,44731000.00,33923000.00,34021000.00,34061000.00,45495000.00,35319000.00,33440000.00,31172000.00,40026000.00,29387000.00,28358000.00,27610000.00,35203000.00,24877000.00,24970000.00,24369000.00,31743000.00,23476000.00,23875000.00,23492000.00,35004000.00,26244000.00,25986000.00,25562000.00,32910000.00,,,,,,,,
otherCashflowsFromInvestingActivities,,1532000.00,325000.00,1513000.00,1821000.00,830000.00,828000.00,2325000.00,2102000.00,1857000.00,590000.00,909000.00,914000.00,305000.00,71000.00,8709000.00,8714000.00,8566000.00,553000.00,1888000.00,0.00,0.00,0.00,20000.00,20000.00,20000.00,193000.00,20000.00,0.00,0.00,0.00,20000.00,0.00,0.00,0.00,20000.00,0.00,0.00,0.00,19042000.00,16798000.00,16798000.00,9004000.00,0.00,0.00,0.00,0.00,0.00,0.00,0.00,0.00,0.00,0.00,0.00,0.00,,,,,,,,,6636000.00,6636000.00,3251000.00,3251000.00,,,,,,,,,,,,,,,,,,,,,,,,,,4777000.00,2531000.00,1294000.00
dividendsPaid,-14975000.00,-89860000.00,-89487000.00,336230000.00,90631000.00,90803000.00,154796000.00,160925000.00,62954000.00,64825000.00,33146000.00,137000.00,17193000.00,17424000.00,21593000.00,59339000.00,4157000.00,4305000.00,8723000.00,8723000.00,4421000.00,4468000.00,8930000.00,26000.00,4465000.00,4461000.00,8902000.00,4000.00,4443000.00,4441000.00,8850000.00,7000.00,4415000.00,4414000.00,8813000.00,19000.00,4383000.00,4397000.00,8781000.00,11000.00,4370000.00,4393000.00,8800000.00,10000.00,4390000.00,4412000.00,8784000.00,13000.00,4386000.00,4454000.00,9701000.00,24000.00,5017000.00,5107000.00,10903000.00,31000.00,5654000.00,5740000.00,11378000.00,26000.00,5758000.00,5738000.00,11659000.00,25152000.00,6059000.00,6411000.00,12682000.00,19153000.00,6314000.00,6360000.00,6479000.00,,,,,,,,,,,,,,,,,,,,,,,,
changeToInventory,104123000.00,-44970000.00,-100178000.00,12018000.00,-107971000.00,-56750000.00,-119550000.00,-211265000.00,-20959000.00,48069000.00,63883000.00,-163630000.00,-5713000.00,172793000.00,-104899000.00,-38145000.00,-19300000.00,63057000.00,-68742000.00,-183263000.00,-25002000.00,66509000.00,-64369000.00,50591000.00,75034000.00,131307000.00,-89384000.00,31075000.00,60725000.00,10055000.00,-246458000.00,-41195000.00,-20397000.00,-10639000.00,-171865000.00,-100000.00,-10185000.00,-21310000.00,-196062000.00,-92579000.00,-56937000.00,16731000.00,-70728000.00,-111539000.00,-95576000.00,10603000.00,-63786000.00,66563000.00,-17808000.00,26206000.00,-254249000.00,-24372000.00,-22500000.00,-71443000.00,-113688000.00,25200000.00,-21313000.00,45582000.00,-58248000.00,57084000.00,-31213000.00,-67677000.00,-88851000.00,11197000.00,19841000.00,-4455000.00,-92712000.00,-1273000.00,-24939000.00,-12237000.00,-53790000.00,7767000.00,-12311000.00,-18035000.00,-107847000.00,-6507000.00,-5376000.00,-15566000.00,-60220000.00,-11216000.00,-22596000.00,-13518000.00,-17563000.00,40549000.00,-8603000.00,-59295000.00,-42132000.00,13101000.00,732000.00,17351000.00,6295000.00,,,,
changeToAccountReceivables,-52016000.00,25684000.00,,,82353000.00,25640000.00,-174895000.00,120541000.00,-6950000.00,68671000.00,-104931000.00,63245000.00,-133925000.00,32694000.00,57479000.00,-10173000.00,-17739000.00,14295000.00,-121508000.00,43285000.00,-23035000.00,45466000.00,6753000.00,21948000.00,-53517000.00,76235000.00,-21914000.00,-41642000.00,-30247000.00,-57241000.00,-28748000.00,65134000.00,-10486000.00,-76124000.00,-5317000.00,53853000.00,-14697000.00,-87365000.00,-13079000.00,-1899000.00,2737000.00,-33266000.00,70235000.00,-89482000.00,-43990000.00,25970000.00,9151000.00,-39139000.00,-36113000.00,14217000.00,29762000.00,-27945000.00,-20776000.00,22332000.00,33437000.00,-28605000.00,-3600000.00,3518000.00,59980000.00,-144144000.00,-3632000.00,-5786000.00,-5051000.00,-610000.00,11216000.00,-940000.00,6359000.00,23000.00,3600000.00,-2321000.00,-12103000.00,-26312000.00,22900000.00,-3147000.00,26681000.00,6276000.00,10000.00,-4963000.00,-27275000.00,3048000.00,522000.00,8133000.00,7701000.00,1175000.00,-10913000.00,-3745000.00,-20000000.00,3073000.00,,,,19676000.00,7832000.00,1706000.00,
salePurchaseOfStock,-429000.00,-1203000.00,-12605000.00,-75872000.00,-76439000.00,-201700000.00,-264469000.00,-96704000.00,-230213000.00,-395644000.00,-183647000.00,-321361000.00,-111127000.00,-1442000.00,-35761000.00,-12054000.00,-339743000.00,-12347000.00,-134291000.00,-154872000.00,-120825000.00,-434000.00,-5223000.00,-3118000.00,-77000.00,-182000.00,-3121000.00,-6093000.00,-121000.00,-366000.00,-11813000.00,-4845000.00,-86000.00,-144000.00,-1590000.00,-4315000.00,-82000.00,-142000.00,-615000.00,-2158000.00,-2849000.00,-15870000.00,-59918000.00,-1902000.00,-151000.00,-19868000.00,-5174000.00,-1960000.00,-100013000.00,-248787000.00,-280389000.00,-144362000.00,-20709000.00,-167964000.00,-289407000.00,-50495000.00,-35198000.00,-14369000.00,11500000.00,700000.00,-57000000.00,-4121000.00,-158308000.00,-71685000.00,-207799000.00,17900000.00,11300000.00,3100000.00,3500000.00,-84233000.00,-53327000.00,-39042000.00,-19574000.00,20700000.00,-42978000.00,-96373000.00,-49700000.00,7100000.00,3100000.00,,5700000.00,9600000.00,10100000.00,90500000.00,500000.00,-74400000.00,91100000.00,,,,,,,,
otherCashflowsFromFinancingActivities,985000.00,806000.00,3482752000.00,913006000.00,381792000.00,468678000.00,621611000.00,-7000.00,2000.00,-152000.00,104000.00,1103550000.00,345932000.00,-1052000.00,1991717000.00,118479000.00,21806000.00,-21000.00,-215000.00,43707000.00,4595000.00,9215000.00,-1257000.00,543637000.00,12828000.00,41784000.00,484359000.00,953000.00,-1294000.00,936000.00,1886000.00,1226000.00,-355000.00,-177000.00,-1184000.00,307175000.00,-445000.00,142992000.00,815000.00,2415000.00,-3165000.00,-553000.00,-9834000.00,12680000.00,2844000.00,-5119000.00,-6303000.00,35986000.00,49267000.00,308550000.00,190556000.00,11051000.00,1029000.00,1556000.00,75526000.00,-58798000.00,234487000.00,994000.00,186274000.00,-39912000.00,69087000.00,10554000.00,35283000.00,99923000.00,135215000.00,-3570000.00,-107150000.00,11521000.00,28325000.00,41431000.00,8745000.00,20585000.00,-47315000.00,26436000.00,35223000.00,117608000.00,-9829000.00,-50773000.00,-33241000.00,-7739000.00,-69567000.00,-127594000.00,-93352000.00,-41187000.00,-5454000.00,-115113000.00,-113496000.00,,2860000.00,2508000.00,611000.00,5141000.00,6243000.00,6139000.00,2160000.00
changeToNetincome,,,,,26688000.00,13753000.00,36324000.00,41219000.00,27141000.00,27678000.00,36195000.00,12905000.00,63558000.00,15790000.00,15370000.00,27506000.00,15817000.00,14164000.00,22207000.00,17620000.00,14702000.00,10683000.00,18862000.00,-95767000.00,-746000.00,3500000.00,6644000.00,44625000.00,-4484000.00,-7223000.00,151000.00,43252000.00,,,,75598000.00,,,,,,,,,,,,,,,,,,,,,,,,,,,,,,,,,,,,,,,,,,,,,,,,,,,,,,,,,,,
capitalExpenditures,42327000,54878000,89996000,92322000,122427000,96358000,114854000,98656000,61410000,58689000,70884000,74944000,52527000,57132000,83203000,302424000,57799000,50113000,61312000,88583000,43317000,27341000,34474000,28798000,38596000,57085000,65279000,55346000,66293000,48782000,89138000,73515000,46697000,57497000,57038000,66904000,55272000,45741000,60529000,48067000,35786000,48780000,63124000,69972000,54929000,63818000,82463000,60624000,55910000,62712000,88883000,52427000,47831000,38652000,60675000,60312000,41785000,40621000,50216000,48032000,30971000,47120000,58863000,64080000,30868000,39712000,75940000,57802000,68769000,54061000,77954000,56823000,39614000,60280000,59497000,54472000,38201000,55088000,32005000,30846000,19736000,20283000,30312000,29662000,21886000,20217000,26421000,63695000,49550000,31048000,17627000,70566000,46883000,28031000,12692000
changeReceivables,,,,,,,,,,,,,,,,,,,,,,,,,,,,,,,,,,,,,,,,,,,,,,,,,,,,,,,,,,,,,,,,,,,,,,,,,,,,,,,,,,,,,,,,,,,,,,,
cashFlowsOtherOperating,,,,,,,,,,,,,,,,,,,,,,,,,,,,,,,,,,,,,,,,,,,,,,,,,,,,,,,,,,,,,,,,,,,,,,,,,,,,,,,,,,,,,,,,,,,,,,,
exchangeRateChanges,,,,,,,,,,,,,,,,,,,,,,,,,,,,,,,,,,,,,,,,,,,,,,,,,,,,,,,,,,,,,,,,,,,,,,,,,,,,,,,,,,,,,,,,,,,,,,,
cashAndCashEquivalentsChanges,,,,,,,,,,,,,,,,,,,,,,,,,,,,,,,,,,,,,,,,,,,,,,,,,,,,,,,,,,,,,,,,,,,,,,,,,,,,,,,,,,,,,,,,,,,,,,,
changeInWorkingCapital,198037000.00,37359000.00,-537974000.00,69729000.00,-29653000.00,142218000.00,-316636000.00,-758000.00,-107603000.00,181795000.00,30554000.00,-21602000.00,92284000.00,174910000.00,-126629000.00,-23856000.00,20591000.00,95263000.00,-30050000.00,3863000.00,51650000.00,104928000.00,-73311000.00,63958000.00,-19147000.00,83949000.00,-156953000.00,-35105000.00,31620000.00,-72863000.00,-162983000.00,36451000.00,2490000.00,10155000.00,-132578000.00,-9381000.00,5429000.00,23044000.00,-164217000.00,41041000.00,-67202000.00,12511000.00,-38565000.00,58148000.00,-60783000.00,30640000.00,56751000.00,99366000.00,-30440000.00,28614000.00,91425000.00,-37616000.00,-57858000.00,14853000.00,173096000.00,-16536000.00,47314000.00,13310000.00,141892000.00,3662000.00,-65083000.00,24684000.00,84824000.00,-41579000.00,4014000.00,-701000.00,66205000.00,-34130000.00,-64465000.00,-1079000.00,50795000.00,-79071000.00,42150000.00,-58443000.00,27757000.00,-25051000.00,-23277000.00,9420000.00,-29070000.00,-78236000.00,4444000.00,59990000.00,25611000.00,-30260000.00,-34200000.00,14849000.00,42841000.00,,,,,,,,
stockBasedCompensation,10644000.00,10267000.00,16524000.00,10687000.00,10946000.00,12367000.00,16978000.00,13436000.00,16040000.00,17331000.00,16260000.00,10344000.00,11089000.00,10029000.00,13809000.00,9400000.00,8613000.00,8441000.00,10984000.00,8495000.00,6852000.00,4771000.00,7642000.00,7111000.00,8218000.00,7564000.00,12374000.00,8788000.00,2522000.00,2488000.00,6654000.00,10988000.00,8215000.00,8781000.00,8945000.00,5736000.00,3606000.00,5230000.00,7133000.00,6681000.00,1917000.00,1929000.00,2664000.00,3104000.00,2852000.00,3690000.00,5590000.00,5321000.00,4240000.00,4032000.00,5960000.00,6570000.00,4398000.00,4669000.00,6674000.00,6236000.00,4027000.00,5248000.00,4171000.00,17707000.00,662000.00,1856000.00,-1246000.00,18096000.00,5084000.00,620000.00,3370000.00,19052000.00,1067000.00,,,3942000.00,,,4434000.00,3891000.00,,,,3543000.00,,,,667000.00,,,,,,,,,,,
otherNonCashItems,1356000.00,1548000.00,481000.00,1246000.00,377000.00,2288000.00,9665000.00,-7994000.00,2101000.00,1582000.00,5275000.00,3400000.00,48075000.00,1326000.00,1415000.00,2611000.00,2481000.00,2543000.00,11473000.00,10198000.00,2016000.00,2057000.00,3880000.00,13275000.00,742000.00,4238000.00,1974000.00,-2799000.00,-1147000.00,-856000.00,-13667000.00,1049000.00,1467000.00,333000.00,-309000.00,5605000.00,2567000.00,171000.00,-2918000.00,498000.00,-251000.00,-1907000.00,-11382000.00,-76000.00,-289000.00,-1930000.00,-16523000.00,-2391000.00,1160000.00,-940000.00,-1166000.00,-27136000.00,27386000.00,48000.00,1003000.00,391000.00,1409000.00,-1423000.00,5739000.00,24986000.00,-967000.00,-10000.00,5388000.00,-13034000.00,3391000.00,-1997000.00,1791000.00,-14764000.00,5497000.00,4363000.00,2555000.00,-7378000.00,7582000.00,25360000.00,805000.00,12869000.00,952000.00,9606000.00,3999000.00,-1148000.00,3999000.00,4483000.00,48711000.00,2023000.00,-1194000.00,12506000.00,2168000.00,,,,,,,,
freeCashFlow,152636000.00,159428000.00,-468861000.00,146806000.00,52124000.00,267125000.00,-169794000.00,88670000.00,87367000.00,387538000.00,259048000.00,85526000.00,308481000.00,380170000.00,-72295000.00,-144061000.00,158586000.00,237506000.00,143230000.00,40942000.00,194218000.00,262657000.00,119496000.00,171002000.00,95060000.00,175183000.00,-30198000.00,36111000.00,150219000.00,68822000.00,-13837000.00,96039000.00,142575000.00,171108000.00,45173000.00,101793000.00,164461000.00,193689000.00,20602000.00,98716000.00,52591000.00,126025000.00,72161000.00,110527000.00,38470000.00,112148000.00,152954000.00,157243000.00,85522000.00,134388000.00,183567000.00,17238000.00,53163000.00,118844000.00,277329000.00,10928000.00,152861000.00,100461000.00,242506000.00,54863000.00,-5151000.00,89303000.00,154738000.00,-31316000.00,66926000.00,53397000.00,110935000.00,-21201000.00,-29190000.00,37069000.00,88340000.00,-61500000.00,99269000.00,-3481000.00,74709000.00,-8527000.00,15883000.00,47637000.00,29035000.00,-35142000.00,64549000.00,138145000.00,87192000.00,-5546000.00,15090000.00,66257000.00,69009000.00,,,,,,,,
researchDevelopment,,,,,,,,,,,,,,,,,,,,0.00,0.00,0.00,0.00,0.00,0.00,0.00,0.00,0.00,0.00,0.00,0.00,0.00,0.00,0.00,0.00,0.00,0.00,0.00,0.00,0.00,0.00,0.00,0.00,0.00,0.00,0.00,0.00,0.00,0.00,0.00,0.00,0.00,0.00,0.00,0.00,0.00,0.00,0.00,0.00,0.00,0.00,0.00,0.00,0.00,0.00,0.00,0.00,0.00,0.00,0.00,0.00,0.00,0.00,0.00,0.00,0.00,0.00,0.00,0.00,0.00,0.00,0.00,0.00,0.00,0.00,0.00,0.00,0.00,0.00,0.00,0.00,0.00,0.00,0.00,0.00
effectOfAccountingCharges,,,,,,,,,,,,,,,,,,,,0.00,0.00,0.00,0.00,0.00,0.00,0.00,0.00,0.00,0.00,0.00,0.00,0.00,0.00,0.00,0.00,0.00,0.00,0.00,0.00,0.00,0.00,0.00,0.00,0.00,0.00,0.00,0.00,0.00,0.00,0.00,0.00,0.00,0.00,0.00,0.00,0.00,0.00,0.00,0.00,0.00,0.00,0.00,0.00,0.00,0.00,0.00,0.00,0.00,0.00,0.00,0.00,0.00,0.00,0.00,0.00,0.00,0.00,0.00,0.00,0.00,0.00,0.00,0.00,0.00,0.00,0.00,0.00,0.00,0.00,0.00,0.00,0.00,0.00,0.00,0.00
incomeBeforeTax,-64319000.00,115183000.00,59607000.00,127376000.00,147418000.00,190764000.00,183130000.00,99966000.00,222421000.00,237765000.00,245774000.00,140743000.00,197538000.00,252540000.00,60193000.00,120039000.00,160740000.00,166210000.00,190758000.00,69856000.00,146920000.00,157471000.00,181017000.00,74137000.00,144000000.00,135959000.00,166163000.00,96911000.00,177838000.00,208907000.00,255179000.00,83825000.00,192417000.00,237803000.00,238843000.00,130958000.00,193653000.00,224020000.00,232763000.00,81867000.00,163142000.00,187023000.00,194366000.00,105045000.00,142624000.00,161193000.00,215212000.00,107159000.00,169056000.00,180708000.00,176313000.00,77664000.00,139927000.00,162724000.00,176740000.00,52240000.00,100003000.00,129545000.00,149867000.00,39092000.00,89002000.00,120617000.00,131981000.00,55183000.00,92764000.00,110926000.00,123761000.00,57058000.00,94429000.00,101673000.00,116755000.00,63157000.00,98153000.00,105990000.00,111623000.00,52125000.00,83579000.00,86558000.00,83486000.00,51420000.00,73432000.00,70662000.00,8197000.00,16827000.00,46828000.00,38507000.00,21029000.00,3181000.00,25320000.00,23331000.00,6434000.00,11706000.00,15455000.00,16716000.00,0.00
minorityInterest,,,,,,,,,,,,,,,,,,,,0.00,0.00,0.00,0.00,0.00,0.00,0.00,0.00,0.00,0.00,0.00,0.00,0.00,0.00,0.00,0.00,0.00,0.00,0.00,0.00,0.00,0.00,0.00,0.00,0.00,0.00,0.00,0.00,0.00,0.00,0.00,0.00,0.00,0.00,0.00,0.00,0.00,0.00,0.00,0.00,0.00,0.00,0.00,0.00,0.00,0.00,0.00,0.00,0.00,0.00,0.00,0.00,0.00,0.00,0.00,0.00,0.00,0.00,0.00,0.00,0.00,0.00,0.00,0.00,0.00,0.00,0.00,0.00,0.00,0.00,0.00,0.00,0.00,0.00,0.00,0.00
sellingGeneralAdministrative,1030355000.00,1013701000.00,1380664000.00,948857000.00,995657000.00,984037000.00,1303250000.00,959411000.00,953256000.00,944323000.00,1232797000.00,3731707000.00,871660000.00,824049000.00,1078101000.00,785305000.00,816212000.00,819350000.00,1082772000.00,830591000.00,831986000.00,836900000.00,1070800000.00,786400000.00,791100000.00,846400000.00,1090900000.00,801417000.00,794400000.00,793600000.00,1078900000.00,808500000.00,826900000.00,830200000.00,1131400000.00,857900000.00,825300000.00,821400000.00,1097300000.00,610900000.00,592200000.00,584500000.00,804100000.00,550000000.00,575000000.00,559700000.00,756100000.00,538820000.00,546700000.00,546900000.00,772200000.00,543200000.00,560600000.00,543700000.00,728600000.00,486000000.00,516600000.00,517900000.00,664400000.00,479000000.00,466300000.00,458300000.00,580600000.00,430000000.00,454700000.00,445100000.00,574700000.00,414300000.00,427700000.00,416900000.00,538900000.00,379740000.00,376000000.00,369500000.00,480700000.00,334000000.00,328700000.00,331100000.00,430900000.00,314700000.00,308300000.00,301900000.00,391400000.00,277500000.00,298900000.00,284100000.00,377600000.00,233255000.00,219603000.00,220849000.00,285559000.00,185239000.00,193792000.00,184284000.00,239791000.00
sellingAndMarketingExpenses,,,,,,,,,,,,,,,,,,,,,,,,,,,,,,,,,,,,,,,,,,,,,,,,,,,,,,,,,,,,,,,,,,,,,,,,,,,,,,,,,,,,,,,,,,,,,,,
grossProfit,986659000.00,1148069000.00,1470663000.00,1090011000.00,1179851000.00,1185719000.00,1506520000.00,1072117000.00,1182454000.00,1189251000.00,1484926000.00,1083696000.00,1128471000.00,1096714000.00,1172733000.00,928769000.00,1011926000.00,1009438000.00,1304612000.00,928643000.00,1006927000.00,1011559000.00,1272284000.00,873569000.00,947708000.00,993088000.00,1270684000.00,907564000.00,988205000.00,1010257000.00,1349889000.00,909172000.00,1032387000.00,1087289000.00,1393924000.00,1003941000.00,1034442000.00,1062108000.00,1353122000.00,701777000.00,762940000.00,779223000.00,1008206000.00,663155000.00,725350000.00,728858000.00,980673000.00,650738000.00,724503000.00,735848000.00,958201000.00,627485000.00,707785000.00,715268000.00,910777000.00,548129000.00,621459000.00,652650000.00,821988000.00,541656000.00,577119000.00,600838000.00,743451000.00,493592000.00,555113000.00,562861000.00,709403000.00,478431000.00,530206000.00,527359000.00,665168000.00,450082000.00,481415000.00,482050000.00,600931000.00,393656000.00,416515000.00,422302000.00,520898000.00,366678000.00,388744000.00,381287000.00,467809000.00,312810000.00,349662000.00,349014000.00,436508000.00,582009000.00,598793000.00,607478000.00,729359000.00,962721000.00,0.00,0.00,0.00
reconciledDepreciation,72002000.00,70420000.00,92554000.00,68576000.00,66533000.00,63110000.00,85581000.00,65196000.00,59426000.00,58058000.00,77253000.00,57170000.00,57690000.00,56642000.00,78579000.00,58806000.00,56308000.00,53372000.00,69885000.00,54600000.00,55340000.00,56552000.00,71692000.00,56507000.00,57553000.00,57770000.00,77430000.00,59125000.00,59997000.00,59945000.00,79320000.00,61980000.00,61636000.00,62613000.00,83247000.00,66078000.00,65912000.00,64498000.00,88205000.00,47736000.00,47987000.00,48045000.00,64027000.00,45777000.00,45240000.00,42728000.00,55799000.00,41469000.00,41507000.00,40434000.00,52539000.00,38996000.00,38508000.00,37250000.00,49683000.00,36061000.00,35288000.00,34413000.00,45155000.00,33366000.00,34691000.00,34152000.00,44731000.00,33923000.00,34021000.00,34061000.00,45495000.00,35319000.00,33440000.00,31172000.00,40026000.00,29387000.00,28358000.00,27610000.00,35203000.00,24877000.00,24970000.00,24369000.00,31743000.00,23476000.00,23875000.00,23492000.00,35004000.00,26244000.00,25986000.00,25562000.00,32910000.00,,,,,,,,
ebit,-44912000.00,136052000.00,89999000.00,132002000.00,177198000.00,201682000.00,203270000.00,109671000.00,171582000.00,246071000.00,256965000.00,150040000.00,199795000.00,265962000.00,72436000.00,127875000.00,112875000.00,174885000.00,205702000.00,28231000.00,159996000.00,170326000.00,198699000.00,30766000.00,157314000.00,149880000.00,184593000.00,110276000.00,191419000.00,222928000.00,274122000.00,97634000.00,206801000.00,253241000.00,260620000.00,147960000.00,209556000.00,240881000.00,256405000.00,91853000.00,171090000.00,195047000.00,205026000.00,113037000.00,150360000.00,169195000.00,225066000.00,111918000.00,177820000.00,188927000.00,185977000.00,83937000.00,147222000.00,171602000.00,182172000.00,57173000.00,104855000.00,100362000.00,157582000.00,47012000.00,96120000.00,128051000.00,144250000.00,63736000.00,100026000.00,117302000.00,134351000.00,63267000.00,101381000.00,110467000.00,125678000.00,69825000.00,104483000.00,111475000.00,119894000.00,62278000.00,87775000.00,91405000.00,90485000.00,59676000.00,84385000.00,83890000.00,128064000.00,53540000.00,78742000.00,72131000.00,69211000.00,0.00,0.00,0.00,0.00,0.00,0.00,0.00,0.00
ebitda,27090000.00,206472000.00,181879000.00,211898000.00,225990000.00,264081000.00,288987000.00,174867000.00,231008000.00,304129000.00,334218000.00,207210000.00,257485000.00,322604000.00,151015000.00,186681000.00,169183000.00,228257000.00,275587000.00,82831000.00,215336000.00,226878000.00,270391000.00,87273000.00,214867000.00,207650000.00,262023000.00,169401000.00,251416000.00,282873000.00,353442000.00,159614000.00,268437000.00,315854000.00,343867000.00,214038000.00,275468000.00,305379000.00,344610000.00,139589000.00,219077000.00,243092000.00,269053000.00,158814000.00,195600000.00,211923000.00,280865000.00,153387000.00,219327000.00,229361000.00,238516000.00,122933000.00,185730000.00,208852000.00,231855000.00,93234000.00,140143000.00,134775000.00,202737000.00,80378000.00,130811000.00,162203000.00,188981000.00,97659000.00,134047000.00,151363000.00,179846000.00,98586000.00,134821000.00,141639000.00,165704000.00,99212000.00,132841000.00,139085000.00,155097000.00,87155000.00,112745000.00,115774000.00,122228000.00,83152000.00,108260000.00,107382000.00,163068000.00,79784000.00,104728000.00,97693000.00,102121000.00,-1832564000.00,598793000.00,607478000.00,729359000.00,,,,
depreciationAndAmortization,72002000.00,70420000.00,91880000.00,79896000.00,48792000.00,62399000.00,85717000.00,65196000.00,59426000.00,58058000.00,77253000.00,57170000.00,57690000.00,56642000.00,78579000.00,58806000.00,56308000.00,53372000.00,69885000.00,54600000.00,55340000.00,56552000.00,71692000.00,56507000.00,57553000.00,57770000.00,77430000.00,59125000.00,59997000.00,59945000.00,79320000.00,61980000.00,61636000.00,62613000.00,83247000.00,66078000.00,65912000.00,64498000.00,88205000.00,47736000.00,47987000.00,48045000.00,64027000.00,45777000.00,45240000.00,42728000.00,55799000.00,41469000.00,41507000.00,40434000.00,52539000.00,38996000.00,38508000.00,37250000.00,49683000.00,36061000.00,35288000.00,34413000.00,45155000.00,33366000.00,34691000.00,34152000.00,44731000.00,33923000.00,34021000.00,34061000.00,45495000.00,35319000.00,33440000.00,31172000.00,40026000.00,29387000.00,28358000.00,27610000.00,35203000.00,24877000.00,24970000.00,24369000.00,31743000.00,23476000.00,23875000.00,23492000.00,35004000.00,26244000.00,25986000.00,25562000.00,32910000.00,,,,,,,,
nonOperatingIncomeNetOther,,1684000.00,,,-17741000.00,-711000.00,,,1810000.00,1143000.00,,,-47348000.00,3117000.00,,,-3145000.00,4113000.00,,,5755000.00,2785000.00,,,745000.00,3169000.00,,,-2349000.00,6244000.00,,,1276000.00,-3808000.00,,,398000.00,208000.00,,,366000.00,365000.00,,,312000.00,-55000.00,,,-614000.00,-212000.00,,,-293000.00,-1702000.00,,,,,,,,,,,,,,,,,,,,,,,,,,,,,,,,,,,,,,,,,
operatingIncome,-43696000.00,134368000.00,89999000.00,132002000.00,177198000.00,201682000.00,203270000.00,112462000.00,229198000.00,244928000.00,252129000.00,151826000.00,256811000.00,262845000.00,78425000.00,126139000.00,172328000.00,170772000.00,207940000.00,84252000.00,154241000.00,167541000.00,198241000.00,87152000.00,156569000.00,146711000.00,179780000.00,106147000.00,193768000.00,216684000.00,270999000.00,100678000.00,205525000.00,257049000.00,262528000.00,146077000.00,209158000.00,240673000.00,255802000.00,90844000.00,170724000.00,194682000.00,204068000.00,113196000.00,150360000.00,169195000.00,224564000.00,111918000.00,177820000.00,188927000.00,185977000.00,83937000.00,147222000.00,171602000.00,182172000.00,57173000.00,104855000.00,134775000.00,157582000.00,46793000.00,95897000.00,127959000.00,144278000.00,63547000.00,100379000.00,117810000.00,134693000.00,64085000.00,102521000.00,110446000.00,126298000.00,70342000.00,105416000.00,112520000.00,120214000.00,59647000.00,87842000.00,91247000.00,90022000.00,56370000.00,79354000.00,77977000.00,74533000.00,33836000.00,62545000.00,57250000.00,48354000.00,-1832564000.00,598793000.00,607478000.00,729359000.00,11245000.00,30111000.00,32249000.00,19184000.00
otherOperatingExpenses,2762775000.00,2551698000.00,3327595000.00,2341743000.00,2464143000.00,2463744000.00,3170940000.00,2284513000.00,2392031000.00,2404487000.00,3078241000.00,2213305000.00,2285117000.00,2238535000.00,2619457000.00,1986475000.00,2139778000.00,2161474000.00,2744096000.00,2020820000.00,2120741000.00,2159111000.00,2675607000.00,1949834000.00,2025664000.00,2117016000.00,2711058000.00,1976744000.00,2055087000.00,2039471000.00,2708779000.00,1932867000.00,2089678000.00,2112988000.00,2775705000.00,2091132000.00,2080298000.00,2107024000.00,2713697000.00,1317969000.00,1349420000.00,1354871000.00,1811236000.00,1216005000.00,1307167000.00,1291788000.00,1732728000.00,1215654000.00,1287168000.00,1290912000.00,1712086000.00,1186193000.00,1259289000.00,1246354000.00,1648434000.00,1086394000.00,1157721000.00,1188069000.00,1526054000.00,1145595000.00,1092055000.00,1107824000.00,1381854000.00,984835000.00,1057664000.00,1052049000.00,1333427000.00,952065000.00,996965000.00,997411000.00,1266712000.00,893383000.00,914320000.00,910626000.00,1138150000.00,789159000.00,802319000.00,817165000.00,1032652000.00,713674000.00,767447000.00,758301000.00,955623000.00,659491000.00,717869000.00,727838000.00,945168000.00,2414573000.00,0.00,0.00,0.00,0.00,0.00,0.00,0.00
interestExpense,19407000.00,20869000.00,29718000.00,15946000.00,12039000.00,10207000.00,12868000.00,9705000.00,8587000.00,8306000.00,11191000.00,9297000.00,11925000.00,13422000.00,12243000.00,7836000.00,8443000.00,8675000.00,14944000.00,12975000.00,13076000.00,12855000.00,17682000.00,13136000.00,13314000.00,13921000.00,18430000.00,13365000.00,13581000.00,14021000.00,18943000.00,13809000.00,14384000.00,15438000.00,21777000.00,17002000.00,15903000.00,16861000.00,23642000.00,9986000.00,7948000.00,8024000.00,10660000.00,7992000.00,8048000.00,7947000.00,9854000.00,5073000.00,8150000.00,8007000.00,9719000.00,6727000.00,7002000.00,7176000.00,5956000.00,4907000.00,5339000.00,5480000.00,7611000.00,33729000.00,6672000.00,7250000.00,12325000.00,34809000.00,7968000.00,7392000.00,11274000.00,35992000.00,9232000.00,10163000.00,10163000.00,32384000.00,8196000.00,7575000.00,15739000.00,20069000.00,4330000.00,4531000.00,31641000.00,37576000.00,1247000.00,7182000.00,62203000.00,78219000.00,16016000.00,19120000.00,27600000.00,16700000.00,12121000.00,13443000.00,19631000.00,14856000.00,15183000.00,15835000.00,20766000.00
taxProvision,-15686000.00,29821000.00,16956000.00,20678000.00,36436000.00,46362000.00,43339000.00,18296000.00,52608000.00,59069000.00,59844000.00,28747000.00,50062000.00,62580000.00,16605000.00,24132000.00,37071000.00,41390000.00,48258000.00,-45930000.00,,,,,,,,,,,,,,,,,,,,,,,,,,,,,,,,,,,,,,,,,,,,,,,,,,,,,,,,,,,,,,,,,,,,,,,,,,,
interestIncome,,20869000.00,29718000.00,15946000.00,12039000.00,10207000.00,12868000.00,9705000.00,8587000.00,8306000.00,11191000.00,9297000.00,11925000.00,13422000.00,12243000.00,7836000.00,8443000.00,8675000.00,,,,,,,,,,,,,,,,,,,,,,,,,,,,,,,,,,,,,,,,,,,,,,,,,,,,,,,,,,,,,,,,,,,,,,,,,,,,,
netInterestIncome,-19407000.00,-20869000.00,-29718000.00,-15946000.00,-12039000.00,-10207000.00,-12868000.00,-9705000.00,-8587000.00,-8306000.00,-11191000.00,-9297000.00,-11925000.00,-13422000.00,-12243000.00,-7836000.00,-8443000.00,-8675000.00,-14944000.00,,,,,,,,,,,,,,,,,,,,,,,,,,,,,,,,,,,,,,,,,,,,,,,,,,,,,,,,,,,,,,,,,,,,,,,,,,,,
extraordinaryItems,,,,,,,,,,,,,,,,,,,,-62345000.00,0.00,0.00,0.00,0.00,0.00,0.00,0.00,0.00,0.00,0.00,0.00,0.00,0.00,0.00,0.00,0.00,0.00,0.00,0.00,0.00,0.00,0.00,0.00,0.00,0.00,0.00,0.00,0.00,0.00,0.00,0.00,0.00,0.00,0.00,0.00,0.00,0.00,0.00,0.00,0.00,0.00,0.00,0.00,0.00,0.00,0.00,0.00,0.00,0.00,0.00,0.00,0.00,0.00,0.00,0.00,0.00,0.00,0.00,0.00,0.00,0.00,0.00,0.00,0.00,0.00,0.00,0.00,0.00,0.00,0.00,0.00,0.00,2933000.00,0.00,0.00
nonRecurring,,,,,,,,,,,,,,,,,,,,0.00,0.00,0.00,0.00,0.00,0.00,0.00,0.00,0.00,0.00,0.00,0.00,0.00,0.00,0.00,0.00,0.00,0.00,0.00,0.00,0.00,0.00,0.00,0.00,0.00,0.00,0.00,0.00,0.00,0.00,0.00,0.00,0.00,0.00,0.00,0.00,0.00,0.00,0.00,0.00,0.00,0.00,0.00,0.00,0.00,0.00,0.00,0.00,0.00,0.00,0.00,0.00,0.00,0.00,0.00,0.00,0.00,0.00,0.00,0.00,0.00,0.00,0.00,0.00,0.00,0.00,0.00,0.00,0.00,0.00,0.00,0.00,0.00,0.00,0.00,0.00
otherItems,,,,,,,,,,,,,,,,,,,,0.00,0.00,0.00,0.00,0.00,0.00,0.00,0.00,0.00,0.00,0.00,0.00,0.00,0.00,0.00,0.00,0.00,0.00,0.00,0.00,0.00,0.00,0.00,0.00,0.00,0.00,0.00,0.00,0.00,0.00,0.00,0.00,0.00,0.00,0.00,0.00,0.00,0.00,0.00,0.00,0.00,0.00,0.00,0.00,0.00,0.00,0.00,0.00,0.00,0.00,0.00,0.00,0.00,0.00,0.00,0.00,0.00,0.00,0.00,0.00,0.00,0.00,0.00,0.00,0.00,0.00,0.00,0.00,0.00,0.00,0.00,0.00,0.00,0.00,0.00,0.00
incomeTaxExpense,-15686000.00,29821000.00,16956000.00,20679000.00,36436000.00,46362000.00,43339000.00,18296000.00,52608000.00,59069000.00,59844000.00,28747000.00,50062000.00,62580000.00,16605000.00,24132000.00,37071000.00,41390000.00,48258000.00,16415000.00,31077000.00,39635000.00,44290000.00,-110363000.00,48004000.00,48910000.00,58203000.00,34546000.00,63994000.00,84307000.00,96366000.00,29006000.00,71948000.00,87805000.00,90731000.00,46524000.00,71476000.00,84532000.00,85037000.00,32600000.00,59312000.00,70152000.00,72576000.00,39990000.00,53121000.00,61587000.00,81706000.00,40720000.00,63503000.00,67601000.00,66730000.00,29551000.00,52329000.00,61813000.00,67309000.00,17761000.00,38024000.00,49215000.00,56282000.00,14681000.00,32847000.00,45231000.00,49895000.00,20431000.00,33724000.00,42502000.00,47660000.00,21704000.00,35482000.00,38737000.00,42674000.00,23801000.00,37360000.00,40061000.00,42976000.00,20069000.00,32180000.00,33329000.00,32143000.00,19796000.00,28268000.00,27204000.00,3156000.00,6529000.00,18170000.00,14942000.00,8158000.00,21787000.00,-15232000.00,-14124000.00,-3873000.00,4587000.00,5948000.00,6335000.00,0.00
totalRevenue,2719079000.00,2686066000.00,3417594000.00,2473745000.00,2641341000.00,2665426000.00,3374210000.00,2396975000.00,2621229000.00,2649415000.00,3330370000.00,2365131000.00,2541928000.00,2501380000.00,2697882000.00,2112614000.00,2312106000.00,2332246000.00,2952036000.00,2105072000.00,2274982000.00,2326652000.00,2873848000.00,2036986000.00,2182233000.00,2263727000.00,2890838000.00,2082891000.00,2248855000.00,2256155000.00,2979778000.00,2033545000.00,2295203000.00,2370037000.00,3038233000.00,2237209000.00,2289456000.00,2347697000.00,2969499000.00,1408813000.00,1520144000.00,1549553000.00,2015304000.00,1329201000.00,1457527000.00,1460983000.00,1957292000.00,1327572000.00,1464988000.00,1479839000.00,1898063000.00,1270130000.00,1406511000.00,1417956000.00,1830606000.00,1143567000.00,1262576000.00,1322844000.00,1683636000.00,1192388000.00,1187952000.00,1235783000.00,1526132000.00,1048382000.00,1158043000.00,1169859000.00,1468120000.00,1016150000.00,1099486000.00,1107857000.00,1393010000.00,963725000.00,1019736000.00,1023146000.00,1258364000.00,848806000.00,890161000.00,908412000.00,1122918000.00,771668000.00,849323000.00,839168000.00,1033537000.00,702417000.00,788662000.00,792717000.00,1004087000.00,582009000.00,598793000.00,607478000.00,729359000.00,500652000.00,552138000.00,557650000.00,677582000.00
totalOperatingExpenses,1030355000.00,1013701000.00,1380664000.00,958009000.00,1002653000.00,984037000.00,1303250000.00,959655000.00,953256000.00,944323000.00,1232797000.00,931870000.00,871660000.00,833869000.00,1094308000.00,802630000.00,839598000.00,838666000.00,1096672000.00,844391000.00,852686000.00,844018000.00,1074043000.00,786417000.00,791139000.00,846377000.00,1090904000.00,801417000.00,794437000.00,793573000.00,1078890000.00,808494000.00,826862000.00,830240000.00,1131396000.00,857864000.00,825284000.00,821435000.00,1097320000.00,610933000.00,592216000.00,584541000.00,804138000.00,549959000.00,574990000.00,559663000.00,756109000.00,538820000.00,546683000.00,546921000.00,772224000.00,543548000.00,560563000.00,543666000.00,728605000.00,490956000.00,516604000.00,517875000.00,664406000.00,494863000.00,481222000.00,472879000.00,599173000.00,430045000.00,454734000.00,445051000.00,574710000.00,414346000.00,427685000.00,416913000.00,538870000.00,379740000.00,375999000.00,369530000.00,480717000.00,334009000.00,328673000.00,331055000.00,430632000.00,308684000.00,306868000.00,300420000.00,389895000.00,269884000.00,278869000.00,284135000.00,377589000.00,-2414573000.00,0.00,0.00,0.00,0.00,0.00,0.00,0.00
costOfRevenue,1732420000.00,1537997000.00,1946931000.00,1383734000.00,1461490000.00,1479707000.00,1867690000.00,1324858000.00,1438775000.00,1460164000.00,1845444000.00,1281435000.00,1413457000.00,1404666000.00,1525149000.00,1183845000.00,1300180000.00,1322808000.00,1647424000.00,1176429000.00,1268055000.00,1315093000.00,1601564000.00,1163417000.00,1234525000.00,1270639000.00,1620154000.00,1175327000.00,1260650000.00,1245898000.00,1629889000.00,1124373000.00,1262816000.00,1282748000.00,1644309000.00,1233268000.00,1255014000.00,1285589000.00,1616377000.00,707036000.00,757204000.00,770330000.00,1007098000.00,666046000.00,732177000.00,732125000.00,976619000.00,676834000.00,740485000.00,743991000.00,939862000.00,642645000.00,698726000.00,702688000.00,919829000.00,595438000.00,641117000.00,670194000.00,861648000.00,650732000.00,610833000.00,634945000.00,782681000.00,554790000.00,602930000.00,606998000.00,758717000.00,537719000.00,569280000.00,580498000.00,727842000.00,513643000.00,538321000.00,541096000.00,657433000.00,455150000.00,473646000.00,486110000.00,602020000.00,404990000.00,460579000.00,457881000.00,565728000.00,389607000.00,439000000.00,443703000.00,567579000.00,313793000.00,325499000.00,334037000.00,397053000.00,287956000.00,312023000.00,325949000.00,399373000.00
totalOtherIncomeExpenseNet,-1216000.00,1684000.00,-30392000.00,-4626000.00,-29780000.00,-10918000.00,-20140000.00,-2791000.00,1810000.00,1143000.00,4836000.00,-1786000.00,-47348000.00,3117000.00,-5989000.00,1736000.00,-3145000.00,4113000.00,-2238000.00,-1421000.00,5755000.00,2785000.00,458000.00,121000.00,745000.00,3169000.00,4813000.00,4129000.00,-2349000.00,6244000.00,3123000.00,-3044000.00,1276000.00,-3808000.00,-1908000.00,1883000.00,398000.00,208000.00,603000.00,1009000.00,366000.00,365000.00,958000.00,-159000.00,312000.00,-55000.00,502000.00,314000.00,-614000.00,-212000.00,55000.00,454000.00,-293000.00,-1702000.00,524000.00,-26000.00,487000.00,250000.00,-104000.00,-219000.00,-223000.00,-92000.00,28000.00,-189000.00,353000.00,508000.00,342000.00,818000.00,1140000.00,-21000.00,620000.00,517000.00,933000.00,1045000.00,320000.00,-2631000.00,67000.00,-158000.00,-219000.00,-1682000.00,-2509000.00,-3023000.00,-50150000.00,-10614000.00,-7949000.00,-7252000.00,-10292000.00,0.00,0.00,0.00,0.00,0.00,0.00,0.00,0.00
discontinuedOperations,,,,,,,,,,,,,,,,,,,,0.00,0.00,0.00,0.00,0.00,0.00,0.00,0.00,0.00,0.00,0.00,0.00,0.00,0.00,0.00,0.00,0.00,0.00,0.00,0.00,0.00,0.00,0.00,0.00,0.00,0.00,0.00,0.00,0.00,0.00,0.00,0.00,0.00,0.00,0.00,0.00,0.00,0.00,0.00,0.00,0.00,0.00,0.00,0.00,0.00,0.00,0.00,0.00,0.00,0.00,0.00,0.00,0.00,0.00,0.00,0.00,0.00,0.00,0.00,0.00,0.00,0.00,0.00,0.00,0.00,0.00,0.00,0.00,0.00,0.00,0.00,0.00,0.00,0.00,0.00,0.00
netIncomeFromContinuingOps,-48633000.00,85362000.00,42651000.00,106696000.00,110982000.00,144402000.00,139791000.00,81670000.00,169813000.00,178696000.00,185930000.00,111996000.00,247600000.00,189960000.00,43588000.00,95907000.00,123669000.00,124820000.00,142500000.00,53442000.00,177997000.00,197106000.00,136727000.00,316776000.00,192004000.00,184869000.00,107960000.00,243139000.00,241832000.00,293214000.00,158813000.00,473398000.00,264365000.00,325608000.00,0.00,493825000.00,265129000.00,308552000.00,0.00,0.00,103830000.00,116871000.00,0.00,0.00,89503000.00,99606000.00,0.00,0.00,105553000.00,113107000.00,0.00,0.00,87598000.00,100911000.00,0.00,0.00,0.00,0.00,0.00,0.00,0.00,0.00,0.00,0.00,0.00,0.00,0.00,0.00,0.00,0.00,0.00,0.00,0.00,0.00,0.00,0.00,0.00,0.00,0.00,0.00,0.00,0.00,0.00,0.00,0.00,0.00,0.00,0.00,0.00,0.00,0.00,0.00,0.00,0.00,0.00
netIncomeApplicableToCommonShares,,85362000.00,42651000.00,106696000.00,110982000.00,144402000.00,139791000.00,81670000.00,169813000.00,178696000.00,185930000.00,111997000.00,147476000.00,189960000.00,43588000.00,95907000.00,123669000.00,124820000.00,142500000.00,53442000.00,115843000.00,117836000.00,136727000.00,184500000.00,95996000.00,87049000.00,107960000.00,62365000.00,113844000.00,124600000.00,158813000.00,54819000.00,120469000.00,149998000.00,148112000.00,84434000.00,122177000.00,139488000.00,147726000.00,49267000.00,103830000.00,116871000.00,121790000.00,65055000.00,89503000.00,99606000.00,133506000.00,66439000.00,105553000.00,113107000.00,109583000.00,48113000.00,87598000.00,100911000.00,109431000.00,34479000.00,61979000.00,80330000.00,93585000.00,24411000.00,56155000.00,75386000.00,82086000.00,34752000.00,59040000.00,68424000.00,76101000.00,35354000.00,58947000.00,62936000.00,74081000.00,39356000.00,60793000.00,65929000.00,68647000.00,32056000.00,51399000.00,53229000.00,51343000.00,33282000.00,44746000.00,43291000.00,3968000.00,8223000.00,25888000.00,15941000.00,12096000.00,1957000.00,15232000.00,14124000.00,3873000.00,7119000.00,9507000.00,10381000.00,0.00
preferredStockAndOtherAdjustments,,,,,,,,,,,,,,,,,,,,,,,,,,,,,,,,,,,,,,,,,,,,,,,,,,,,,,,,,,,,,,,,,,,,,,,,,,,,,,,,,,,,,,,,,,,,,,,
