,2023-10-31,2023-07-31,2023-04-30,2023-01-31,2022-10-31,2022-07-31,2022-04-30,2022-01-31,2021-10-31,2021-07-31,2021-04-30,2021-01-31,2020-10-31,2020-07-31,2020-04-30,2020-01-31,2019-10-31,2019-07-31,2019-04-30,2019-01-31,2018-10-31,2018-07-31,2018-04-30,2018-01-31,2017-10-31,2017-07-31,2017-04-30,2017-01-31,2016-10-31,2016-07-31,2016-04-30,2016-01-31,2015-10-31,2015-07-31,2015-04-30,2015-01-31,2014-10-31,2014-07-31,2014-04-30,2014-01-31,2013-10-31,2013-07-31,2013-04-30,2013-01-31,2012-10-31,2012-07-31,2012-04-30,2012-01-31,2011-10-31,2011-07-31,2011-04-30,2011-01-31,2010-10-31,2010-07-31,2010-04-30,2010-01-31,2009-10-31,2009-07-31,2009-04-30,2009-01-31,2008-10-31,2008-07-31,2008-04-30,2008-01-31,2007-10-31,2007-07-31,2007-04-30,2007-01-31,2006-10-31,2006-07-31,2006-04-30,2006-01-31,2005-10-31,2005-07-31,2005-04-30,2005-01-31,2004-10-31,2004-07-31,2004-04-30,2004-01-31,2003-10-31,2003-07-31,2003-04-30,2003-01-31,2002-10-31,2002-07-31,2002-04-30,2002-01-31,2001-10-31,2001-07-31,2001-04-30,2001-01-31,2000-10-31,2000-07-31,2000-04-30,2000-01-31,1999-10-31,1999-07-31,1999-04-30,1999-01-31
date,2023-10-31,2023-07-31,2023-04-30,2023-01-31,2022-10-31,2022-07-31,2022-04-30,2022-01-31,2021-10-31,2021-07-31,2021-04-30,2021-01-31,2020-10-31,2020-07-31,2020-04-30,2020-01-31,2019-10-31,2019-07-31,2019-04-30,2019-01-31,2018-10-31,2018-07-31,2018-04-30,2018-01-31,2017-10-31,2017-07-31,2017-04-30,2017-01-31,2016-10-31,2016-07-31,2016-04-30,2016-01-31,2015-10-31,2015-07-31,2015-04-30,2015-01-31,2014-10-31,2014-07-31,2014-04-30,2014-01-31,2013-10-31,2013-07-31,2013-04-30,2013-01-31,2012-10-31,2012-07-31,2012-04-30,2012-01-31,2011-10-31,2011-07-31,2011-04-30,2011-01-31,2010-10-31,2010-07-31,2010-04-30,2010-01-31,2009-10-31,2009-07-31,2009-04-30,2009-01-31,2008-10-31,2008-07-31,2008-04-30,2008-01-31,2007-10-31,2007-07-31,2007-04-30,2007-01-31,2006-10-31,2006-07-31,2006-04-30,2006-01-31,2005-10-31,2005-07-31,2005-04-30,2005-01-31,2004-10-31,2004-07-31,2004-04-30,2004-01-31,2003-10-31,2003-07-31,2003-04-30,2003-01-31,2002-10-31,2002-07-31,2002-04-30,2002-01-31,2001-10-31,2001-07-31,2001-04-30,2001-01-31,2000-10-31,2000-07-31,2000-04-30,2000-01-31,1999-10-31,1999-07-31,1999-04-30,1999-01-31
filing_date,2023-11-20,2023-08-31,2023-05-26,2023-03-03,2022-12-21,2022-09-01,2022-05-31,2022-03-03,2021-12-17,2021-09-01,2021-06-01,2021-03-02,2020-12-18,2020-09-01,2020-06-01,2020-03-03,2019-12-19,2019-08-30,2019-05-30,2019-03-05,2018-12-20,2018-08-30,2018-05-31,2018-03-06,2017-12-21,2017-09-06,2017-06-06,2017-03-08,2016-12-20,2016-09-07,2016-06-07,2016-03-08,2015-12-21,2015-09-02,2015-06-05,2015-03-10,2014-12-22,2014-09-02,2014-06-04,2014-03-05,2013-12-19,2013-09-06,2013-06-03,2013-03-06,2012-12-20,2012-09-05,2012-06-04,2012-03-05,2011-12-16,2011-09-07,2011-06-07,2011-03-09,2010-12-20,2010-09-07,2010-06-07,2010-03-10,2009-12-21,2009-09-04,2009-06-09,2009-03-12,2008-12-19,2008-09-05,2008-06-05,2008-03-07,2007-12-21,2007-09-07,2007-06-05,2007-03-09,2006-12-22,2006-09-06,2006-06-06,2006-03-09,2006-01-17,2005-09-07,2005-06-06,2005-03-10,2004-12-21,2004-09-02,2004-06-03,2004-03-04,2003-12-22,2003-09-09,2003-06-04,2003-03-12,2002-12-20,2002-09-13,2002-06-05,2002-03-06,2002-01-22,2001-09-14,2001-06-14,2001-03-19,2001-01-17,2000-09-01,2000-06-12,2000-03-15,2000-01-25,1999-07-31,1999-04-30,1999-01-31
currency_symbol,,USD,USD,USD,USD,USD,USD,USD,USD,USD,USD,USD,USD,USD,USD,USD,USD,USD,USD,USD,USD,USD,USD,USD,USD,USD,USD,USD,USD,USD,USD,USD,USD,USD,USD,USD,USD,USD,USD,USD,USD,USD,USD,USD,USD,USD,USD,USD,USD,USD,USD,USD,USD,USD,USD,USD,USD,USD,USD,USD,USD,USD,USD,USD,USD,USD,USD,USD,USD,USD,USD,USD,USD,USD,USD,USD,USD,USD,USD,USD,USD,USD,USD,USD,USD,USD,USD,USD,USD,USD,USD,USD,USD,USD,USD,USD,USD,USD,USD,USD
totalAssets,10763000000.00,10675000000.00,10792000000.00,10919000000.00,10516000000.00,10484000000.00,10455000000.00,10327000000.00,10705000000.00,10491000000.00,10398000000.00,9674000000.00,9627000000.00,9546000000.00,9455000000.00,9501000000.00,9452000000.00,8625000000.00,9022000000.00,8952000000.00,8541000000.00,8349000000.00,8784000000.00,8698000000.00,8429000000.00,8261000000.00,8016000000.00,7872000000.00,7817000000.00,7734000000.00,7640000000.00,7302000000.00,7476000000.00,7251000000.00,7412000000.00,7519000000.00,10760000000.00,10380000000.00,11026000000.00,10638000000.00,10686000000.00,10278000000.00,10587000000.00,10653000000.00,10536000000.00,9757000000.00,9413000000.00,9099000000.00,9057000000.00,8753000000.00,8649000000.00,8044000000.00,9696000000.00,9100000000.00,7767000000.00,7599000000.00,7612000000.00,6573000000.00,6576000000.00,7162000000.00,7437000000.00,7541000000.00,7674000000.00,7459000000.00,7554000000.00,7024000000.00,7283000000.00,7193000000.00,7369000000.00,7729000000.00,8057000000.00,8026000000.00,6751000000.00,7352000000.00,7268000000.00,7150000000.00,7056000000.00,6741000000.00,6675000000.00,6384000000.00,6297000000.00,5990000000.00,7617000000.00,7770000000.00,8203000000.00,8437000000.00,8238000000.00,8558000000.00,7986000000.00,8622000000.00,9080000000.00,9208000000.00,8425000000.00,7827000000.00,7321000000.00,7107000000.00,5444000000.00,,,
intangibleAssets,475000000.00,502000000.00,798000000.00,810000000.00,821000000.00,849000000.00,898000000.00,929000000.00,981000000.00,1032000000.00,1005000000.00,787000000.00,831000000.00,876000000.00,921000000.00,1059000000.00,1107000000.00,511000000.00,538000000.00,566000000.00,491000000.00,515000000.00,314000000.00,341000000.00,361000000.00,375000000.00,373000000.00,411000000.00,408000000.00,442000000.00,490000000.00,513000000.00,445000000.00,484000000.00,516000000.00,559000000.00,667000000.00,758000000.00,825000000.00,859000000.00,916000000.00,945000000.00,995000000.00,1069000000.00,1086000000.00,1085000000.00,394000000.00,414000000.00,429000000.00,462000000.00,493000000.00,467000000.00,494000000.00,513000000.00,126000000.00,148000000.00,167000000.00,178000000.00,189000000.00,206000000.00,228000000.00,241000000.00,237000000.00,236000000.00,736000000.00,732000000.00,517000000.00,517000000.00,83000000.00,86000000.00,481000000.00,375000000.00,362000000.00,461000000.00,458000000.00,459000000.00,443000000.00,388000000.00,393000000.00,410000000.00,402000000.00,391000000.00,414000000.00,422000000.00,685000000.00,780000000.00,863000000.00,952000000.00,1070000000.00,1178000000.00,1238000000.00,1213000000.00,557000000.00,,,,,,,
earningAssets,,,,,,,,,,,,,,,,,,,,,,,,,,,,,,,,,,,,,,,,,,,,,,,,,,,,,,,,,,,,,,,,,,,,,,,,,,,,,,,,,,,,,,,,,,,,,,,,,,,,
otherCurrentAssets,274000000.00,290000000.00,270000000.00,258000000.00,282000000.00,258000000.00,262000000.00,232000000.00,222000000.00,264000000.00,268000000.00,312000000.00,216000000.00,211000000.00,211000000.00,204000000.00,198000000.00,176000000.00,181000000.00,169000000.00,187000000.00,180000000.00,166000000.00,151000000.00,192000000.00,189000000.00,186000000.00,190000000.00,189000000.00,198000000.00,192000000.00,297000000.00,294000000.00,274000000.00,291000000.00,389000000.00,376000000.00,453000000.00,424000000.00,394000000.00,329000000.00,325000000.00,341000000.00,348000000.00,341000000.00,302000000.00,258000000.00,302000000.00,284000000.00,308000000.00,350000000.00,292000000.00,385000000.00,389000000.00,288000000.00,297000000.00,321000000.00,283000000.00,294000000.00,343000000.00,363000000.00,400000000.00,408000000.00,522000000.00,467000000.00,383000000.00,373000000.00,340000000.00,377000000.00,412000000.00,361000000.00,377000000.00,721000000.00,242000000.00,206000000.00,183000000.00,192000000.00,250000000.00,255000000.00,178000000.00,191000000.00,289000000.00,275000000.00,258000000.00,271000000.00,700000000.00,816000000.00,833000000.00,1161000000.00,784000000.00,825000000.00,769000000.00,605000000.00,712000000.00,568000000.00,560000000.00,404000000.00,,,
totalLiab,4918000000.00,5117000000.00,5011000000.00,5310000000.00,5227000000.00,5393000000.00,5333000000.00,5173000000.00,5316000000.00,5545000000.00,5588000000.00,4870000000.00,4754000000.00,4565000000.00,4687000000.00,4653000000.00,4704000000.00,3878000000.00,3897000000.00,3916000000.00,3970000000.00,3781000000.00,4167000000.00,4172000000.00,3599000000.00,3650000000.00,3641000000.00,3572000000.00,3573000000.00,3388000000.00,3475000000.00,3254000000.00,3318000000.00,3145000000.00,3251000000.00,3279000000.00,5473000000.00,4740000000.00,5386000000.00,5191000000.00,5397000000.00,5488000000.00,5279000000.00,5302000000.00,5351000000.00,4884000000.00,4688000000.00,4600000000.00,4741000000.00,4553000000.00,4688000000.00,4705000000.00,6460000000.00,6290000000.00,5135000000.00,5001000000.00,5106000000.00,4084000000.00,4157000000.00,4591000000.00,4878000000.00,4356000000.00,4518000000.00,4286000000.00,4320000000.00,3736000000.00,3728000000.00,3536000000.00,3710000000.00,3937000000.00,3983000000.00,3844000000.00,2670000000.00,3404000000.00,3399000000.00,3382000000.00,3487000000.00,3412000000.00,3488000000.00,3315000000.00,3473000000.00,3270000000.00,3416000000.00,3421000000.00,3576000000.00,3436000000.00,3110000000.00,3163000000.00,2327000000.00,3135000000.00,3464000000.00,3667000000.00,3160000000.00,2925000000.00,2679000000.00,2621000000.00,2062000000.00,,,
totalStockholderEquity,5845000000.00,5558000000.00,5781000000.00,5609000000.00,5289000000.00,5091000000.00,5122000000.00,5154000000.00,5389000000.00,4946000000.00,4810000000.00,4804000000.00,4873000000.00,4981000000.00,4768000000.00,4848000000.00,4748000000.00,4747000000.00,5125000000.00,5036000000.00,4567000000.00,4564000000.00,4613000000.00,4522000000.00,4826000000.00,4608000000.00,4372000000.00,4297000000.00,4241000000.00,4343000000.00,4162000000.00,4045000000.00,4155000000.00,4103000000.00,4158000000.00,4237000000.00,5284000000.00,5637000000.00,5637000000.00,5444000000.00,5286000000.00,4787000000.00,5305000000.00,5348000000.00,5182000000.00,4870000000.00,4722000000.00,4496000000.00,4308000000.00,4192000000.00,3953000000.00,3332000000.00,3228000000.00,2802000000.00,2624000000.00,2590000000.00,2506000000.00,2489000000.00,2419000000.00,2571000000.00,2559000000.00,3185000000.00,3156000000.00,3173000000.00,3234000000.00,3288000000.00,3555000000.00,3657000000.00,3648000000.00,3792000000.00,4074000000.00,4182000000.00,4081000000.00,3948000000.00,3869000000.00,3768000000.00,3569000000.00,3329000000.00,3187000000.00,3069000000.00,2824000000.00,2720000000.00,4201000000.00,4349000000.00,4627000000.00,5001000000.00,5128000000.00,5395000000.00,5659000000.00,5487000000.00,5616000000.00,5541000000.00,5265000000.00,4902000000.00,4642000000.00,4486000000.00,3382000000.00,,,
deferredLongTermLiab,,,,,,,,,,,,,,,,,,,,,,,,,,,,,,,,,,,,,,,,,,,,,,,,,,,,,,,,,,,,,,,,,,,,,,,,,,,,,,,,,,,,,,,,,,,,,,,,,,,,
otherCurrentLiab,680000000.00,741000000.00,668000000.00,784000000.00,784000000.00,666000000.00,624000000.00,616000000.00,821000000.00,735000000.00,701000000.00,556000000.00,652000000.00,566000000.00,513000000.00,509000000.00,774000000.00,458000000.00,457000000.00,434000000.00,507000000.00,413000000.00,446000000.00,403000000.00,457000000.00,371000000.00,380000000.00,332000000.00,419000000.00,376000000.00,399000000.00,340000000.00,439000000.00,340000000.00,398000000.00,393000000.00,792000000.00,695000000.00,768000000.00,660000000.00,731000000.00,680000000.00,751000000.00,677000000.00,762000000.00,663000000.00,704000000.00,614000000.00,723000000.00,611000000.00,677000000.00,548000000.00,725000000.00,626000000.00,535000000.00,433000000.00,531000000.00,277000000.00,555000000.00,524000000.00,537000000.00,580000000.00,659000000.00,594000000.00,954000000.00,757000000.00,837000000.00,686000000.00,804000000.00,803000000.00,899000000.00,799000000.00,1166000000.00,845000000.00,877000000.00,808000000.00,885000000.00,872000000.00,891000000.00,743000000.00,892000000.00,845000000.00,1012000000.00,1014000000.00,1058000000.00,498000000.00,979000000.00,1070000000.00,1331000000.00,1080000000.00,1295000000.00,1398000000.00,1419000000.00,1237000000.00,1250000000.00,1040000000.00,930000000.00,,,
commonStock,3000000.00,3000000.00,3000000.00,3000000.00,3000000.00,3000000.00,3000000.00,3000000.00,3000000.00,3000000.00,3000000.00,3000000.00,3000000.00,3000000.00,3000000.00,3000000.00,3000000.00,3000000.00,3000000.00,3000000.00,3000000.00,3000000.00,3000000.00,3000000.00,3000000.00,3000000.00,3000000.00,3000000.00,6000000.00,6000000.00,6000000.00,6000000.00,6000000.00,6000000.00,6000000.00,6000000.00,6000000.00,6000000.00,6000000.00,6000000.00,6000000.00,6000000.00,6000000.00,6000000.00,6000000.00,6000000.00,6000000.00,6000000.00,6000000.00,6000000.00,6000000.00,6000000.00,6000000.00,6000000.00,6000000.00,6000000.00,6000000.00,6000000.00,6000000.00,6000000.00,6000000.00,6000000.00,6000000.00,6000000.00,6000000.00,5000000.00,5000000.00,5000000.00,5000000.00,5000000.00,5000000.00,5000000.00,5000000.00,5000000.00,5000000.00,5000000.00,5000000.00,5000000.00,5000000.00,5000000.00,5000000.00,5000000.00,5000000.00,5000000.00,5000000.00,5000000.00,5000000.00,5000000.00,5000000.00,5000000.00,5000000.00,5000000.00,5000000.00,5000000.00,5000000.00,5000000.00,4000000.00,,,
capitalStock,,3000000.00,3000000.00,3000000.00,3000000.00,3000000.00,3000000.00,3000000.00,3000000.00,3000000.00,3000000.00,,,,,,,,,,,,,,,,,,,,,,,,,,,,,,,,,,,,,,,,,,,,,,,,,,,,,,,,,,,,,,,,,,,,,,,,,,,,,,,,,,,,,,,,,
retainedEarnings,782000000.00,444000000.00,700000000.00,541000000.00,324000000.00,139000000.00,160000000.00,159000000.00,348000000.00,90000000.00,-12000000.00,4000000.00,81000000.00,130000000.00,15000000.00,73000000.00,-18000000.00,-122000000.00,178000000.00,90000000.00,-336000000.00,-416000000.00,-412000000.00,-529000000.00,-126000000.00,-260000000.00,-393000000.00,-453000000.00,6087000000.00,6000000000.00,5720000000.00,5666000000.00,5581000000.00,5474000000.00,5397000000.00,5348000000.00,6459000000.00,6487000000.00,6395000000.00,6289000000.00,6073000000.00,5901000000.00,5774000000.00,5607000000.00,5505000000.00,5114000000.00,4906000000.00,4651000000.00,4456000000.00,4167000000.00,3837000000.00,3637000000.00,3444000000.00,3152000000.00,2947000000.00,2839000000.00,2760000000.00,2735000000.00,2754000000.00,2855000000.00,2791000000.00,2560000000.00,2391000000.00,2218000000.00,2172000000.00,1992000000.00,1807000000.00,1684000000.00,1534000000.00,1695000000.00,1468000000.00,1353000000.00,-1463000000.00,-1509000000.00,-1612000000.00,-1707000000.00,-1810000000.00,-1884000000.00,-1984000000.00,-2088000000.00,-2159000000.00,-2172000000.00,-616000000.00,-470000000.00,-101000000.00,135000000.00,363000000.00,616000000.00,931000000.00,788000000.00,1007000000.00,911000000.00,757000000.00,452000000.00,297000000.00,131000000.00,,,,
otherLiab,,,,,633000000.00,759000000.00,790000000.00,859000000.00,879000000.00,1093000000.00,912000000.00,998000000.00,876000000.00,835000000.00,816000000.00,833000000.00,833000000.00,962000000.00,981000000.00,1023000000.00,1000000000.00,968000000.00,1002000000.00,1011000000.00,450000000.00,608000000.00,652000000.00,681000000.00,634000000.00,585000000.00,688000000.00,654000000.00,582000000.00,637000000.00,665000000.00,693000000.00,929000000.00,980000000.00,985000000.00,947000000.00,883000000.00,1237000000.00,1265000000.00,1345000000.00,1143000000.00,1080000000.00,927000000.00,966000000.00,930000000.00,880000000.00,952000000.00,1161000000.00,1116000000.00,1196000000.00,1033000000.00,1017000000.00,1092000000.00,940000000.00,904000000.00,1307000000.00,1020000000.00,858000000.00,852000000.00,986000000.00,363000000.00,726000000.00,674000000.00,664000000.00,490000000.00,758000000.00,699000000.00,707000000.00,569000000.00,483000000.00,484000000.00,461000000.00,438000000.00,448000000.00,432000000.00,420000000.00,417000000.00,332000000.00,260000000.00,248000000.00,245000000.00,328000000.00,351000000.00,353000000.00,325000000.00,331000000.00,366000000.00,597000000.00,402000000.00,415000000.00,493000000.00,554000000.00,,,,
goodWill,3960000000.00,3984000000.00,3980000000.00,4793000000.00,4773000000.00,4797000000.00,4854000000.00,4893000000.00,4956000000.00,5008000000.00,5059000000.00,4405000000.00,4433000000.00,4482000000.00,4503000000.00,4648000000.00,4700000000.00,3618000000.00,3650000000.00,3699000000.00,3464000000.00,3448000000.00,2618000000.00,2633000000.00,2607000000.00,2612000000.00,2568000000.00,2563000000.00,2517000000.00,2525000000.00,2556000000.00,2478000000.00,2366000000.00,2366000000.00,2341000000.00,2352000000.00,2899000000.00,3012000000.00,3067000000.00,3017000000.00,3047000000.00,2995000000.00,3006000000.00,3071000000.00,3025000000.00,2950000000.00,1597000000.00,1598000000.00,1567000000.00,1580000000.00,1555000000.00,1448000000.00,1456000000.00,1399000000.00,644000000.00,657000000.00,655000000.00,642000000.00,648000000.00,666000000.00,646000000.00,642000000.00,630000000.00,605000000.00,736000000.00,732000000.00,517000000.00,517000000.00,385000000.00,395000000.00,481000000.00,375000000.00,362000000.00,461000000.00,458000000.00,459000000.00,443000000.00,388000000.00,393000000.00,410000000.00,402000000.00,391000000.00,414000000.00,422000000.00,685000000.00,780000000.00,863000000.00,952000000.00,1070000000.00,1178000000.00,1238000000.00,1213000000.00,557000000.00,,,,,,,
otherAssets,,758000000.00,541000000.00,713000000.00,670000000.00,749000000.00,758000000.00,795000000.00,820000000.00,742000000.00,567000000.00,755000000.00,601000000.00,642000000.00,616000000.00,598000000.00,611000000.00,612000000.00,637000000.00,635000000.00,339000000.00,363000000.00,390000000.00,3509000000.00,3500000000.00,3549000000.00,3541000000.00,3584000000.00,3528000000.00,3581000000.00,3542000000.00,3309000000.00,3189000000.00,3186000000.00,3199000000.00,3255000000.00,4230000000.00,4404000000.00,4510000000.00,4436000000.00,4569000000.00,4555000000.00,4622000000.00,4778000000.00,4743000000.00,4407000000.00,2407000000.00,2377000000.00,2482000000.00,2530000000.00,2549000000.00,2464000000.00,2547000000.00,2408000000.00,1224000000.00,1218000000.00,2806000000.00,2837000000.00,2872000000.00,3323000000.00,3405000000.00,1651000000.00,1680000000.00,1588000000.00,3082000000.00,2956000000.00,2715000000.00,2669000000.00,2636000000.00,2688000000.00,2628000000.00,2525000000.00,1431000000.00,1278000000.00,1270000000.00,1266000000.00,1221000000.00,1060000000.00,1057000000.00,979000000.00,961000000.00,791000000.00,1798000000.00,1640000000.00,1744000000.00,1745000000.00,1250000000.00,1304000000.00,1339000000.00,2159000000.00,2234000000.00,1926000000.00,1029000000.00,902000000.00,811000000.00,717000000.00,,,,
cash,1590000000.00,1329000000.00,1175000000.00,1250000000.00,1053000000.00,1071000000.00,1186000000.00,1113000000.00,1484000000.00,1428000000.00,1380000000.00,1329000000.00,1441000000.00,1358000000.00,1324000000.00,1226000000.00,1382000000.00,1765000000.00,2155000000.00,2057000000.00,2247000000.00,2131000000.00,3011000000.00,2887000000.00,2678000000.00,2563000000.00,2389000000.00,2241000000.00,2289000000.00,2199000000.00,2139000000.00,1931000000.00,2003000000.00,2075000000.00,2197000000.00,2118000000.00,3028000000.00,2391000000.00,2950000000.00,2742000000.00,2675000000.00,2330000000.00,2519000000.00,2450000000.00,2351000000.00,1923000000.00,3896000000.00,3662000000.00,3527000000.00,3101000000.00,2975000000.00,2638000000.00,2649000000.00,2317000000.00,2646000000.00,2481000000.00,2479000000.00,1479000000.00,1400000000.00,1362000000.00,1405000000.00,1640000000.00,1710000000.00,1385000000.00,1826000000.00,1486000000.00,2050000000.00,2090000000.00,2262000000.00,2249000000.00,2657000000.00,2737000000.00,2226000000.00,2782000000.00,2685000000.00,2483000000.00,2315000000.00,1937000000.00,1842000000.00,1678000000.00,1607000000.00,1430000000.00,1533000000.00,1754000000.00,1844000000.00,2105000000.00,2235000000.00,2188000000.00,1170000000.00,999000000.00,809000000.00,433000000.00,996000000.00,703000000.00,978000000.00,1368000000.00,,,,
cashAndEquivalents,,1329000000.00,1175000000.00,1250000000.00,1053000000.00,1071000000.00,1186000000.00,1113000000.00,1484000000.00,1428000000.00,,,,,,,,,,,,,,,,,,,,,,,,,,,,,,,,,,,,,,,,,,,,,,,,,,,,,,,,,,,,,,,,,,,,,,,,,,,,,,,,,,,,,,,,,,
totalCurrentLiabilities,1603000000.00,1760000000.00,1666000000.00,1936000000.00,1861000000.00,1902000000.00,1813000000.00,1584000000.00,1708000000.00,1724000000.00,1758000000.00,1687000000.00,1467000000.00,1314000000.00,1945000000.00,1892000000.00,2080000000.00,1622000000.00,1118000000.00,1095000000.00,1171000000.00,1014000000.00,1365000000.00,1361000000.00,1263000000.00,1241000000.00,1187000000.00,1088000000.00,944000000.00,1151000000.00,1133000000.00,947000000.00,986000000.00,853000000.00,930000000.00,928000000.00,1651000000.00,1579000000.00,1712000000.00,1549000000.00,1602000000.00,1550000000.00,1908000000.00,1846000000.00,1893000000.00,2090000000.00,1835000000.00,1705000000.00,1837000000.00,1505000000.00,1592000000.00,1406000000.00,3083000000.00,2917000000.00,2709000000.00,2549000000.00,1123000000.00,991000000.00,1099000000.00,1130000000.00,1325000000.00,2894000000.00,3044000000.00,2674000000.00,1663000000.00,1510000000.00,1554000000.00,1372000000.00,1538000000.00,1679000000.00,1784000000.00,1637000000.00,1936000000.00,1771000000.00,1765000000.00,1771000000.00,1871000000.00,1814000000.00,1906000000.00,1745000000.00,1906000000.00,1788000000.00,2006000000.00,2023000000.00,2181000000.00,1958000000.00,1609000000.00,1660000000.00,2002000000.00,2804000000.00,3098000000.00,3070000000.00,2758000000.00,2510000000.00,2186000000.00,2067000000.00,1681000000.00,,,
currentDeferredRevenue,505000000.00,512000000.00,519000000.00,521000000.00,461000000.00,498000000.00,511000000.00,493000000.00,441000000.00,443000000.00,429000000.00,419000000.00,386000000.00,397000000.00,399000000.00,379000000.00,336000000.00,344000000.00,347000000.00,346000000.00,324000000.00,328000000.00,333000000.00,321000000.00,291000000.00,301000000.00,301000000.00,299000000.00,269000000.00,279000000.00,279000000.00,277000000.00,258000000.00,265000000.00,271000000.00,278000000.00,435000000.00,447000000.00,470000000.00,459000000.00,439000000.00,463000000.00,459000000.00,465000000.00,420000000.00,435000000.00,423000000.00,413000000.00,389000000.00,424000000.00,429000000.00,413000000.00,358000000.00,331000000.00,311000000.00,300000000.00,285000000.00,286000000.00,292000000.00,299000000.00,280000000.00,310000000.00,321000000.00,277000000.00,249000000.00,251000000.00,248000000.00,235000000.00,225000000.00,292000000.00,293000000.00,262000000.00,247000000.00,323000000.00,314000000.00,295000000.00,284000000.00,295000000.00,307000000.00,284000000.00,262000000.00,259000000.00,257000000.00,256000000.00,244000000.00,278000000.00,283000000.00,269000000.00,279000000.00,386000000.00,377000000.00,405000000.00,372000000.00,361000000.00,329000000.00,281000000.00,241000000.00,,,
netDebt,1145000000.00,1460000000.00,1558000000.00,1721000000.00,1716000000.00,1841000000.00,1719000000.00,1617000000.00,1245000000.00,1430000000.00,1552000000.00,1170000000.00,918000000.00,965000000.00,1164000000.00,1236000000.00,1025000000.00,33000000.00,-357000000.00,-259000000.00,-448000000.00,-332000000.00,-896000000.00,-742000000.00,-667000000.00,-482000000.00,-346000000.00,-249000000.00,-377000000.00,-312000000.00,-250000000.00,-198000000.00,-348000000.00,-420000000.00,-541000000.00,-460000000.00,-266000000.00,-175000000.00,-257000000.00,-47000000.00,24000000.00,371000000.00,-163000000.00,-89000000.00,11000000.00,291000000.00,-1719000000.00,-1481000000.00,-1342000000.00,-933000000.00,-831000000.00,-499000000.00,1042000000.00,1361000000.00,248000000.00,430000000.00,425000000.00,674000000.00,754000000.00,842000000.00,720000000.00,675000000.00,664000000.00,741000000.00,261000000.00,14000000.00,-550000000.00,-590000000.00,-762000000.00,-749000000.00,-1157000000.00,-1237000000.00,-2226000000.00,-1632000000.00,-1535000000.00,-1333000000.00,-1165000000.00,-787000000.00,-692000000.00,-528000000.00,-457000000.00,-280000000.00,-383000000.00,-604000000.00,-694000000.00,-955000000.00,-1085000000.00,-1038000000.00,-1164000000.00,-205000000.00,-36000000.00,123000000.00,-886000000.00,-574000000.00,-880000000.00,-371000000.00,,,,
shortTermDebt,,55000000.00,0.00,238000000.00,36000000.00,180000000.00,175000000.00,,,130000000.00,205000000.00,314000000.00,75000000.00,40000000.00,700000000.00,675000000.00,616000000.00,504000000.00,,,,1799000000.00,315000000.00,345000000.00,210000000.00,280000000.00,241000000.00,189000000.00,-1000000.00,235000000.00,235000000.00,80000000.00,10000000.00,,,,-51000000.00,35000000.00,-7000000.00,,,,250000000.00,250000000.00,250000000.00,500000000.00,251000000.00,252000000.00,253000000.00,,,1000000.00,1501000000.00,1501000000.00,1501000000.00,1501000000.00,,178000000.00,,50000000.00,200000000.00,1711000000.00,1752000000.00,1500000000.00,137000000.00,156000000.00,137000000.00,139000000.00,131000000.00,159000000.00,170000000.00,190000000.00,179000000.00,204000000.00,185000000.00,260000000.00,261000000.00,252000000.00,280000000.00,302000000.00,311000000.00,356000000.00,443000000.00,463000000.00,574000000.00,809000000.00,,6000000.00,6000000.00,794000000.00,773000000.00,556000000.00,110000000.00,129000000.00,98000000.00,443000000.00,,,,
shortLongTermDebt,,55000000.00,,238000000.00,36000000.00,180000000.00,175000000.00,,,130000000.00,205000000.00,314000000.00,75000000.00,40000000.00,700000000.00,675000000.00,616000000.00,504000000.00,,,,1799000000.00,2115000000.00,2145000000.00,100000000.00,2081000000.00,241000000.00,190000000.00,1904000000.00,235000000.00,235000000.00,,1655000000.00,,,1658000000.00,1663000000.00,,,,,,,,,,,,,,,,,,,,,,,,,,,,,,,,,,,,,,,,,,,,,,,,,,,,,,,,,,,,,,,
shortLongTermDebtTotal,2735000000.00,2789000000.00,2733000000.00,2971000000.00,2769000000.00,2912000000.00,2905000000.00,2730000000.00,2729000000.00,2858000000.00,2932000000.00,2499000000.00,2359000000.00,2323000000.00,2488000000.00,2462000000.00,2407000000.00,1798000000.00,1798000000.00,1798000000.00,1799000000.00,1799000000.00,2115000000.00,2145000000.00,2011000000.00,2081000000.00,2043000000.00,1992000000.00,1912000000.00,1887000000.00,1889000000.00,1733000000.00,1655000000.00,1655000000.00,1656000000.00,1658000000.00,2762000000.00,2216000000.00,2693000000.00,2695000000.00,2699000000.00,2701000000.00,2356000000.00,2361000000.00,2362000000.00,2214000000.00,2177000000.00,2181000000.00,2185000000.00,2168000000.00,2144000000.00,2139000000.00,3691000000.00,3678000000.00,2894000000.00,2911000000.00,2904000000.00,2153000000.00,2154000000.00,2204000000.00,2125000000.00,2315000000.00,2374000000.00,2126000000.00,2087000000.00,1500000000.00,1500000000.00,1500000000.00,1500000000.00,1500000000.00,1500000000.00,1500000000.00,,1150000000.00,1150000000.00,1150000000.00,1150000000.00,1150000000.00,1150000000.00,1150000000.00,1150000000.00,1150000000.00,1150000000.00,1150000000.00,1150000000.00,1150000000.00,1150000000.00,1150000000.00,6000000.00,794000000.00,773000000.00,556000000.00,110000000.00,129000000.00,98000000.00,997000000.00,,,,
otherStockholderEquity,5387000000.00,5382000000.00,5360000000.00,5345000000.00,5325000000.00,5311000000.00,5292000000.00,5290000000.00,5320000000.00,5307000000.00,5271000000.00,5266000000.00,5311000000.00,5324000000.00,5288000000.00,5293000000.00,5277000000.00,5270000000.00,5342000000.00,5324000000.00,5308000000.00,5312000000.00,5332000000.00,5317000000.00,5300000000.00,5282000000.00,5239000000.00,5236000000.00,-1349000000.00,-1318000000.00,-1265000000.00,-1189000000.00,-1029000000.00,-1045000000.00,-975000000.00,-856000000.00,-840000000.00,-909000000.00,-896000000.00,-887000000.00,-884000000.00,-947000000.00,-330000000.00,-224000000.00,-218000000.00,-215000000.00,-258000000.00,-248000000.00,-270000000.00,-252000000.00,-168000000.00,-248000000.00,-134000000.00,-131000000.00,-90000000.00,-54000000.00,-75000000.00,-111000000.00,-153000000.00,-136000000.00,-60000000.00,164000000.00,282000000.00,510000000.00,648000000.00,1214000000.00,1669000000.00,1947000000.00,2080000000.00,2074000000.00,2623000000.00,2875000000.00,5588000000.00,5311000000.00,5259000000.00,5255000000.00,5195000000.00,5167000000.00,5067000000.00,5050000000.00,4984000000.00,4976000000.00,4923000000.00,4922000000.00,4872000000.00,4862000000.00,4803000000.00,4779000000.00,7000000000.00,4705000000.00,4589000000.00,4592000000.00,4508000000.00,4451000000.00,4344000000.00,4297000000.00,5648000000.00,,,
propertyPlantEquipment,,1211000000.00,1184000000.00,1147000000.00,1100000000.00,1054000000.00,1010000000.00,974000000.00,945000000.00,905000000.00,1070000000.00,866000000.00,845000000.00,1029000000.00,836000000.00,844000000.00,850000000.00,839000000.00,827000000.00,829000000.00,822000000.00,801000000.00,798000000.00,792000000.00,757000000.00,716000000.00,675000000.00,653000000.00,639000000.00,623000000.00,610000000.00,594000000.00,604000000.00,587000000.00,593000000.00,610000000.00,1101000000.00,1142000000.00,1139000000.00,1129000000.00,1134000000.00,1139000000.00,1147000000.00,1163000000.00,1164000000.00,1139000000.00,996000000.00,1007000000.00,1006000000.00,1000000000.00,1004000000.00,982000000.00,980000000.00,957000000.00,831000000.00,837000000.00,845000000.00,839000000.00,821000000.00,831000000.00,824000000.00,816000000.00,809000000.00,801000000.00,801000000.00,787000000.00,777000000.00,775000000.00,775000000.00,822000000.00,853000000.00,875000000.00,873000000.00,1148000000.00,1185000000.00,1235000000.00,1258000000.00,1283000000.00,1363000000.00,1419000000.00,1447000000.00,1449000000.00,1510000000.00,1571000000.00,1579000000.00,1713000000.00,1728000000.00,1787000000.00,1848000000.00,1807000000.00,1848000000.00,1821000000.00,1741000000.00,1581000000.00,1453000000.00,1408000000.00,,,,
totalCurrentAssets,4186000000.00,4030000000.00,3949000000.00,4078000000.00,3778000000.00,3690000000.00,3643000000.00,3474000000.00,3799000000.00,3632000000.00,3514000000.00,3483000000.00,3415000000.00,3245000000.00,3171000000.00,3102000000.00,3189000000.00,3457000000.00,3812000000.00,3712000000.00,3848000000.00,3667000000.00,4525000000.00,4397000000.00,4169000000.00,3996000000.00,3800000000.00,3635000000.00,3635000000.00,3530000000.00,3488000000.00,3399000000.00,3686000000.00,3478000000.00,3620000000.00,3682000000.00,5459000000.00,4834000000.00,5377000000.00,5073000000.00,4969000000.00,4584000000.00,4818000000.00,4712000000.00,4629000000.00,4211000000.00,6010000000.00,5715000000.00,5569000000.00,5223000000.00,5096000000.00,4598000000.00,6169000000.00,5735000000.00,5712000000.00,5519000000.00,3961000000.00,2897000000.00,2883000000.00,3008000000.00,3208000000.00,5074000000.00,5185000000.00,5070000000.00,3671000000.00,3281000000.00,3791000000.00,3749000000.00,3958000000.00,4219000000.00,4576000000.00,4626000000.00,4447000000.00,4926000000.00,4813000000.00,4649000000.00,4577000000.00,4398000000.00,4255000000.00,3986000000.00,3889000000.00,3750000000.00,4309000000.00,4559000000.00,4880000000.00,4979000000.00,5260000000.00,5467000000.00,4799000000.00,4656000000.00,4998000000.00,5461000000.00,5655000000.00,5344000000.00,5057000000.00,4982000000.00,3538000000.00,,,
longTermInvestments,,190000000.00,186000000.00,188000000.00,195000000.00,194000000.00,190000000.00,191000000.00,185000000.00,204000000.00,188000000.00,165000000.00,158000000.00,148000000.00,141000000.00,118000000.00,102000000.00,99000000.00,96000000.00,77000000.00,68000000.00,70000000.00,139000000.00,140000000.00,138000000.00,137000000.00,134000000.00,133000000.00,135000000.00,155000000.00,157000000.00,76000000.00,86000000.00,88000000.00,91000000.00,90000000.00,159000000.00,164000000.00,133000000.00,129000000.00,139000000.00,124000000.00,120000000.00,128000000.00,109000000.00,104000000.00,111000000.00,110000000.00,117000000.00,,123000000.00,134000000.00,142000000.00,136000000.00,158000000.00,154000000.00,163000000.00,153000000.00,,,,,,,,,,,,,,,,,,,,,,,,,,,,,,,,,,,,,,,,,,
netTangibleAssets,,,1003000000.00,816000000.00,516000000.00,294000000.00,268000000.00,261000000.00,433000000.00,-62000000.00,-249000000.00,399000000.00,440000000.00,499000000.00,265000000.00,200000000.00,48000000.00,1129000000.00,1475000000.00,1337000000.00,1103000000.00,1116000000.00,1681000000.00,1548000000.00,1863000000.00,1621000000.00,1431000000.00,1323000000.00,1310000000.00,1376000000.00,1116000000.00,1054000000.00,1356000000.00,1253000000.00,1301000000.00,1326000000.00,1732000000.00,1867000000.00,1734000000.00,1568000000.00,1323000000.00,847000000.00,1304000000.00,1208000000.00,1071000000.00,835000000.00,2731000000.00,2484000000.00,2312000000.00,4192000000.00,1905000000.00,1417000000.00,1278000000.00,890000000.00,1854000000.00,1785000000.00,1684000000.00,1669000000.00,,,,,,,,,,,,,,,,,,,,,,,,,,,,,,,,,,,,,,,,,,
shortTermInvestments,,,,7000000.00,0.00,6000000.00,21000000.00,45000000.00,91000000.00,204000000.00,,165000000.00,158000000.00,,,,,,,,,,,,,,,,,,,,242000000.00,,,,,,,,,,,,,,,,,,,17000000.00,1550000000.00,1551000000.00,11000000.00,12000000.00,14000000.00,20000000.00,12000000.00,18000000.00,24000000.00,29000000.00,30000000.00,172000000.00,,,,,,,,25000000.00,25000000.00,,,,,,,,,,,,1000000.00,1000000.00,13000000.00,247000000.00,237000000.00,,,,,,,42000000.00,,,,
netReceivables,1291000000.00,1339000000.00,1401000000.00,1459000000.00,1405000000.00,1345000000.00,1237000000.00,1205000000.00,1172000000.00,1122000000.00,1075000000.00,1087000000.00,1038000000.00,930000000.00,886000000.00,966000000.00,930000000.00,856000000.00,819000000.00,833000000.00,776000000.00,733000000.00,754000000.00,751000000.00,724000000.00,678000000.00,677000000.00,653000000.00,624000000.00,590000000.00,602000000.00,617000000.00,606000000.00,584000000.00,576000000.00,615000000.00,983000000.00,891000000.00,903000000.00,849000000.00,899000000.00,875000000.00,916000000.00,874000000.00,923000000.00,950000000.00,909000000.00,814000000.00,860000000.00,917000000.00,918000000.00,854000000.00,869000000.00,790000000.00,669000000.00,628000000.00,595000000.00,544000000.00,569000000.00,630000000.00,770000000.00,761000000.00,791000000.00,726000000.00,735000000.00,738000000.00,718000000.00,671000000.00,692000000.00,853000000.00,845000000.00,772000000.00,753000000.00,966000000.00,964000000.00,946000000.00,1044000000.00,1150000000.00,1094000000.00,1064000000.00,1086000000.00,967000000.00,929000000.00,930000000.00,1119000000.00,873000000.00,902000000.00,1064000000.00,977000000.00,1169000000.00,1573000000.00,2130000000.00,2201000000.00,2167000000.00,1889000000.00,1445000000.00,1635000000.00,,,
longTermDebt,,2734000000.00,2733000000.00,2733000000.00,2733000000.00,2732000000.00,2730000000.00,2730000000.00,2729000000.00,2728000000.00,2727000000.00,2185000000.00,2284000000.00,2283000000.00,1788000000.00,1787000000.00,1791000000.00,1294000000.00,1798000000.00,1798000000.00,1799000000.00,1799000000.00,1800000000.00,1800000000.00,1801000000.00,1801000000.00,1802000000.00,1802000000.00,1912000000.00,1652000000.00,1654000000.00,1653000000.00,1655000000.00,1655000000.00,1656000000.00,1658000000.00,2762000000.00,2181000000.00,2693000000.00,2695000000.00,2699000000.00,2701000000.00,2106000000.00,2111000000.00,2112000000.00,1714000000.00,1926000000.00,1929000000.00,1932000000.00,2168000000.00,2144000000.00,2138000000.00,2190000000.00,2177000000.00,1393000000.00,1410000000.00,2904000000.00,2153000000.00,2154000000.00,2154000000.00,2125000000.00,604000000.00,622000000.00,626000000.00,2087000000.00,1500000000.00,1500000000.00,1500000000.00,1500000000.00,1500000000.00,1500000000.00,1500000000.00,,1150000000.00,1150000000.00,1150000000.00,1150000000.00,1150000000.00,1150000000.00,1150000000.00,1150000000.00,1150000000.00,1150000000.00,1150000000.00,1150000000.00,1150000000.00,1150000000.00,1150000000.00,,,,,,,,,,,,
inventory,1031000000.00,1072000000.00,1103000000.00,1111000000.00,1038000000.00,1010000000.00,937000000.00,879000000.00,830000000.00,818000000.00,791000000.00,755000000.00,720000000.00,746000000.00,750000000.00,706000000.00,679000000.00,660000000.00,657000000.00,653000000.00,638000000.00,623000000.00,594000000.00,608000000.00,575000000.00,566000000.00,548000000.00,551000000.00,533000000.00,543000000.00,555000000.00,554000000.00,541000000.00,545000000.00,556000000.00,560000000.00,1072000000.00,1099000000.00,1100000000.00,1088000000.00,1066000000.00,1054000000.00,1042000000.00,1040000000.00,1014000000.00,1036000000.00,947000000.00,937000000.00,898000000.00,897000000.00,853000000.00,797000000.00,716000000.00,688000000.00,546000000.00,548000000.00,552000000.00,571000000.00,608000000.00,655000000.00,646000000.00,674000000.00,674000000.00,674000000.00,643000000.00,674000000.00,650000000.00,648000000.00,627000000.00,705000000.00,713000000.00,740000000.00,722000000.00,936000000.00,958000000.00,1037000000.00,1026000000.00,1061000000.00,1050000000.00,1056000000.00,995000000.00,1051000000.00,1131000000.00,1166000000.00,1184000000.00,1301000000.00,1307000000.00,1382000000.00,1491000000.00,1704000000.00,1791000000.00,2129000000.00,1853000000.00,1762000000.00,1622000000.00,1567000000.00,1499000000.00,,,
accountsPayable,418000000.00,452000000.00,479000000.00,540000000.00,580000000.00,558000000.00,503000000.00,475000000.00,446000000.00,416000000.00,423000000.00,398000000.00,354000000.00,311000000.00,333000000.00,329000000.00,354000000.00,316000000.00,314000000.00,315000000.00,340000000.00,273000000.00,271000000.00,292000000.00,305000000.00,289000000.00,265000000.00,268000000.00,257000000.00,261000000.00,220000000.00,250000000.00,279000000.00,248000000.00,261000000.00,257000000.00,475000000.00,402000000.00,481000000.00,430000000.00,432000000.00,407000000.00,448000000.00,454000000.00,461000000.00,492000000.00,457000000.00,426000000.00,472000000.00,470000000.00,486000000.00,444000000.00,499000000.00,459000000.00,362000000.00,315000000.00,307000000.00,250000000.00,252000000.00,257000000.00,308000000.00,293000000.00,312000000.00,303000000.00,323000000.00,346000000.00,332000000.00,312000000.00,378000000.00,425000000.00,422000000.00,386000000.00,344000000.00,399000000.00,389000000.00,408000000.00,441000000.00,395000000.00,428000000.00,416000000.00,441000000.00,328000000.00,294000000.00,290000000.00,305000000.00,373000000.00,347000000.00,321000000.00,386000000.00,544000000.00,653000000.00,711000000.00,857000000.00,783000000.00,509000000.00,303000000.00,510000000.00,,,
totalPermanentEquity,,,,,,,,,,,,,,,,,,,,,4571000000.00,4568000000.00,4617000000.00,4526000000.00,4835000000.00,4611000000.00,4375000000.00,4300000000.00,4246000000.00,4346000000.00,4165000000.00,0.00,0.00,0.00,0.00,0.00,0.00,0.00,0.00,0.00,0.00,0.00,0.00,0.00,0.00,0.00,0.00,0.00,0.00,0.00,0.00,0.00,0.00,,0.00,0.00,0.00,,,,,,,,,,,,,,,,,,,,,,,,,,,,,,,,,,,,,,,,,,,
noncontrollingInterestInConsolidatedEntity,,,,,,,,,,,,,,,,,,,,,4000000.00,4000000.00,4000000.00,4000000.00,4000000.00,3000000.00,3000000.00,3000000.00,3000000.00,3000000.00,3000000.00,3000000.00,3000000.00,3000000.00,3000000.00,3000000.00,3000000.00,3000000.00,3000000.00,3000000.00,3000000.00,3000000.00,3000000.00,3000000.00,3000000.00,3000000.00,3000000.00,3000000.00,8000000.00,8000000.00,8000000.00,7000000.00,8000000.00,8000000.00,8000000.00,8000000.00,0.00,,,,,,,,,,,,,,,,,,,,,,,,,,,,,,,,,,,,,,,,,,,
temporaryEquityRedeemableNoncontrollingInterests,,,,,,,,,,,,,,,,,,,,,0.00,0.00,0.00,0.00,0.00,0.00,0.00,0.00,0.00,0.00,0.00,0.00,0.00,0.00,0.00,0.00,0.00,0.00,0.00,0.00,0.00,0.00,0.00,0.00,0.00,0.00,0.00,0.00,0.00,0.00,0.00,0.00,0.00,,0.00,0.00,0.00,,,,,,,,,,,,,,,,,,,,,,,,,,,,,,,,,,,,,,,,,,,
accumulatedOtherComprehensiveIncome,-327000000.00,-271000000.00,-282000000.00,-280000000.00,-363000000.00,-362000000.00,-333000000.00,-298000000.00,-282000000.00,-454000000.00,-452000000.00,-469000000.00,-522000000.00,-476000000.00,-538000000.00,-521000000.00,-514000000.00,-404000000.00,-398000000.00,-381000000.00,-408000000.00,-335000000.00,-310000000.00,-269000000.00,-352000000.00,-417000000.00,-477000000.00,-489000000.00,-503000000.00,-345000000.00,-299000000.00,-438000000.00,-401000000.00,-332000000.00,-270000000.00,-261000000.00,-340000000.00,53000000.00,132000000.00,36000000.00,91000000.00,-173000000.00,-145000000.00,-41000000.00,-111000000.00,-35000000.00,68000000.00,87000000.00,116000000.00,271000000.00,278000000.00,-63000000.00,-88000000.00,-225000000.00,-239000000.00,-201000000.00,-185000000.00,-141000000.00,-188000000.00,-154000000.00,-178000000.00,455000000.00,477000000.00,439000000.00,408000000.00,77000000.00,74000000.00,21000000.00,29000000.00,18000000.00,-22000000.00,-51000000.00,-49000000.00,141000000.00,217000000.00,215000000.00,179000000.00,41000000.00,99000000.00,102000000.00,-6000000.00,-89000000.00,-111000000.00,-108000000.00,-149000000.00,-1000000.00,-43000000.00,-5000000.00,-2277000000.00,-11000000.00,15000000.00,33000000.00,-5000000.00,-6000000.00,-4000000.00,53000000.00,-2270000000.00,,,
additionalPaidInCapital,,,,,,,,,,,,,,,,,,,,,5308000000.00,0.00,0.00,0.00,5300000000.00,0.00,0.00,0.00,9159000000.00,0.00,0.00,0.00,0.00,0.00,0.00,0.00,0.00,0.00,0.00,0.00,0.00,0.00,0.00,0.00,0.00,0.00,0.00,0.00,0.00,0.00,0.00,0.00,0.00,,,,,,,,,,,,,,,,,,,,,,,,,,,,,,,,,,,,,,,,,,,,,,,
commonStockTotalEquity,,,3000000.00,3000000.00,3000000.00,3000000.00,3000000.00,3000000.00,3000000.00,3000000.00,3000000.00,3000000.00,3000000.00,3000000.00,3000000.00,3000000.00,3000000.00,3000000.00,3000000.00,3000000.00,3000000.00,3000000.00,3000000.00,3000000.00,3000000.00,3000000.00,3000000.00,3000000.00,6000000.00,6000000.00,6000000.00,6000000.00,6000000.00,6000000.00,6000000.00,6000000.00,6000000.00,6000000.00,6000000.00,6000000.00,6000000.00,6000000.00,6000000.00,6000000.00,6000000.00,6000000.00,6000000.00,6000000.00,6000000.00,6000000.00,6000000.00,6000000.00,6000000.00,6000000.00,6000000.00,6000000.00,6000000.00,6000000.00,6000000.00,6000000.00,6000000.00,6000000.00,6000000.00,6000000.00,6000000.00,5000000.00,5000000.00,5000000.00,5000000.00,5000000.00,5000000.00,5000000.00,5000000.00,5000000.00,5000000.00,5000000.00,5000000.00,5000000.00,5000000.00,5000000.00,5000000.00,5000000.00,5000000.00,5000000.00,5000000.00,5000000.00,5000000.00,5000000.00,5000000.00,5000000.00,5000000.00,5000000.00,5000000.00,5000000.00,5000000.00,5000000.00,4000000.00,,,
preferredStockTotalEquity,,,,,,,,,,,,,,,,,,,,,0.00,0.00,0.00,0.00,0.00,0.00,0.00,0.00,0.00,0.00,0.00,0.00,0.00,0.00,0.00,0.00,0.00,0.00,0.00,0.00,0.00,0.00,0.00,0.00,0.00,0.00,0.00,0.00,0.00,0.00,0.00,0.00,0.00,,,,,,,,,,,,,,,,,,,,,,,,,,,,,,,,,,,,,,,,,,,,,,,
retainedEarningsTotalEquity,,,700000000.00,541000000.00,324000000.00,139000000.00,160000000.00,159000000.00,348000000.00,90000000.00,,4000000.00,81000000.00,130000000.00,15000000.00,73000000.00,-18000000.00,-122000000.00,178000000.00,90000000.00,-336000000.00,-416000000.00,-412000000.00,-529000000.00,-126000000.00,-260000000.00,-393000000.00,-453000000.00,6089000000.00,6000000000.00,5720000000.00,5666000000.00,5581000000.00,5474000000.00,5397000000.00,5348000000.00,6466000000.00,6487000000.00,6384000000.00,6289000000.00,6073000000.00,5901000000.00,5774000000.00,5607000000.00,5505000000.00,5114000000.00,4906000000.00,4651000000.00,4456000000.00,4167000000.00,3837000000.00,3637000000.00,3444000000.00,3152000000.00,2947000000.00,2839000000.00,2760000000.00,2735000000.00,,,,,,,,,,,,,,,,,,,,,,,,,,,,,,,,,,,,,,,,,,
treasuryStock,,,,,,,,,,,,,,,,,,,-1000000.00,,0.00,0.00,0.00,-3000000.00,0.00,0.00,0.00,0.00,-10508000000.00,-10462000000.00,-10368000000.00,-10274000000.00,-10074000000.00,-10074000000.00,-9975000000.00,-9813000000.00,-9807000000.00,-9807000000.00,-9757000000.00,-9707000000.00,-9607000000.00,-9607000000.00,-8926000000.00,-8786000000.00,-8707000000.00,-8612000000.00,-8612000000.00,-8568000000.00,-8535000000.00,-8500000000.00,-8308000000.00,-8308000000.00,-8038000000.00,-7986000000.00,-7892000000.00,-7727000000.00,-7627000000.00,-7627000000.00,-7627000000.00,-7595000000.00,-7470000000.00,-7219000000.00,-6969000000.00,-6706000000.00,-6469000000.00,-5838000000.00,-5161000000.00,-4779000000.00,-4525000000.00,-4469000000.00,-3768000000.00,-3281000000.00,-290000000.00,,,,,,,,,,,,,,,,,,,,,,,,,,,
accumulatedAmortization,,,,,,,,,,,,,,,,,,,,,,,,,,,,,,,,,,,,,,,,,,,,,,,,,,,,,,,,,,,,,,,,,,,,,,,,,,,,,,,,,,,,,,,,,,,,,,,,,,,,
nonCurrrentAssetsOther,708000000.00,758000000.00,695000000.00,713000000.00,670000000.00,749000000.00,758000000.00,795000000.00,820000000.00,742000000.00,753000000.00,755000000.00,776000000.00,825000000.00,804000000.00,789000000.00,611000000.00,612000000.00,637000000.00,635000000.00,339000000.00,363000000.00,390000000.00,395000000.00,397000000.00,425000000.00,466000000.00,477000000.00,483000000.00,459000000.00,339000000.00,242000000.00,289000000.00,248000000.00,251000000.00,226000000.00,475000000.00,470000000.00,485000000.00,431000000.00,481000000.00,491000000.00,501000000.00,510000000.00,523000000.00,268000000.00,305000000.00,255000000.00,369000000.00,366000000.00,378000000.00,415000000.00,455000000.00,360000000.00,296000000.00,284000000.00,1821000000.00,1864000000.00,1868000000.00,2451000000.00,2531000000.00,768000000.00,813000000.00,747000000.00,2346000000.00,2224000000.00,2198000000.00,2152000000.00,2168000000.00,2207000000.00,2147000000.00,2150000000.00,1069000000.00,817000000.00,812000000.00,807000000.00,778000000.00,672000000.00,635000000.00,546000000.00,532000000.00,386000000.00,418000000.00,422000000.00,424000000.00,965000000.00,387000000.00,352000000.00,269000000.00,981000000.00,996000000.00,713000000.00,472000000.00,902000000.00,811000000.00,717000000.00,519000000.00,,,
deferredLongTermAssetCharges,,,,,,,,,,,,,,,,,,,,,,,,,,,,,,,,,,,,,,,,,,,,,,,,,,,,,,,,,,,,,,,,,,,,,,,,,,,,,,,,,,,,,,,,,,,,,,,,,,,,
nonCurrentAssetsTotal,6577000000.00,6645000000.00,6843000000.00,6841000000.00,6738000000.00,6794000000.00,6812000000.00,6853000000.00,6906000000.00,6859000000.00,6884000000.00,6191000000.00,6212000000.00,6301000000.00,6284000000.00,6399000000.00,6263000000.00,5168000000.00,5210000000.00,5240000000.00,4693000000.00,4682000000.00,4259000000.00,4301000000.00,4260000000.00,4265000000.00,4216000000.00,4237000000.00,4182000000.00,4204000000.00,4152000000.00,3903000000.00,3790000000.00,3773000000.00,3792000000.00,3837000000.00,5301000000.00,5546000000.00,5649000000.00,5565000000.00,5717000000.00,5694000000.00,5769000000.00,5941000000.00,5907000000.00,5546000000.00,3403000000.00,3384000000.00,3488000000.00,3530000000.00,3553000000.00,3446000000.00,3527000000.00,3365000000.00,2055000000.00,2080000000.00,3651000000.00,3676000000.00,3693000000.00,4154000000.00,4229000000.00,2467000000.00,2489000000.00,2389000000.00,3883000000.00,3743000000.00,3492000000.00,3444000000.00,3411000000.00,3510000000.00,3481000000.00,3400000000.00,2304000000.00,2426000000.00,2455000000.00,2501000000.00,2479000000.00,2343000000.00,2420000000.00,2398000000.00,2408000000.00,2240000000.00,3308000000.00,3211000000.00,3323000000.00,3458000000.00,2978000000.00,3091000000.00,3187000000.00,3966000000.00,4082000000.00,3747000000.00,2770000000.00,2483000000.00,2264000000.00,2125000000.00,1906000000.00,,,
capitalLeaseObligations,,,,,,,,,,,,,,,,,,,,,,,,,,,,,,,,,,,,,,,,,,,,,,,,,,,,,,,,,,,,,,,,,,,,,,,,,,,,,,,,,,,,,,,,,,,,,,,,,,,,
longTermDebtTotal,,2734000000.00,2733000000.00,2733000000.00,2733000000.00,2732000000.00,2730000000.00,2730000000.00,2729000000.00,2728000000.00,2727000000.00,2185000000.00,2284000000.00,2283000000.00,1788000000.00,1787000000.00,1791000000.00,1294000000.00,1798000000.00,1798000000.00,1799000000.00,1799000000.00,1800000000.00,1800000000.00,1801000000.00,1801000000.00,1802000000.00,1802000000.00,1912000000.00,1652000000.00,1654000000.00,1653000000.00,1655000000.00,1655000000.00,1656000000.00,1658000000.00,2762000000.00,2181000000.00,2693000000.00,2695000000.00,2699000000.00,2701000000.00,2106000000.00,2111000000.00,2112000000.00,1714000000.00,1926000000.00,1929000000.00,1932000000.00,,2144000000.00,2138000000.00,2190000000.00,2177000000.00,1393000000.00,1410000000.00,2904000000.00,2153000000.00,,,,,,,,,,,,,,,,,,,,,,,,,,,,,,,,,,,,,,,,,,
nonCurrentLiabilitiesOther,,531000000.00,515000000.00,542000000.00,536000000.00,583000000.00,603000000.00,653000000.00,659000000.00,728000000.00,726000000.00,998000000.00,1003000000.00,613000000.00,954000000.00,974000000.00,833000000.00,962000000.00,981000000.00,1023000000.00,1000000000.00,968000000.00,1002000000.00,1011000000.00,527000000.00,608000000.00,652000000.00,681000000.00,699000000.00,585000000.00,688000000.00,654000000.00,678000000.00,637000000.00,665000000.00,693000000.00,1066000000.00,980000000.00,985000000.00,947000000.00,1096000000.00,1237000000.00,1265000000.00,554000000.00,1346000000.00,269000000.00,927000000.00,966000000.00,972000000.00,,952000000.00,1161000000.00,1187000000.00,1196000000.00,1033000000.00,1017000000.00,1079000000.00,940000000.00,,,,,,,,,,,,,,,,,,,,,,,,,,,,,,,,,,,,,,,,,,
nonCurrentLiabilitiesTotal,3315000000.00,3357000000.00,3345000000.00,3374000000.00,3366000000.00,3491000000.00,3520000000.00,3589000000.00,3608000000.00,3821000000.00,3830000000.00,3183000000.00,3287000000.00,3251000000.00,2742000000.00,2761000000.00,2624000000.00,2256000000.00,2779000000.00,2821000000.00,2799000000.00,2767000000.00,2802000000.00,2811000000.00,2336000000.00,2409000000.00,2454000000.00,2484000000.00,2629000000.00,2237000000.00,2342000000.00,2307000000.00,2332000000.00,2292000000.00,2321000000.00,2351000000.00,3822000000.00,3161000000.00,3674000000.00,3642000000.00,3795000000.00,3938000000.00,3371000000.00,3456000000.00,3458000000.00,2794000000.00,2853000000.00,2895000000.00,2904000000.00,3048000000.00,3096000000.00,3299000000.00,3377000000.00,3373000000.00,2426000000.00,2452000000.00,3983000000.00,3093000000.00,3058000000.00,3461000000.00,3553000000.00,1462000000.00,1474000000.00,1612000000.00,2657000000.00,2226000000.00,2174000000.00,2164000000.00,2172000000.00,2258000000.00,2199000000.00,2207000000.00,734000000.00,1633000000.00,1634000000.00,1611000000.00,1616000000.00,1598000000.00,1582000000.00,1570000000.00,1567000000.00,1482000000.00,1410000000.00,1398000000.00,1395000000.00,1478000000.00,1501000000.00,1503000000.00,325000000.00,331000000.00,366000000.00,597000000.00,402000000.00,415000000.00,493000000.00,554000000.00,381000000.00,,,
negativeGoodwill,,,,,,,,,,,,,,,,,,,,,,,,,,,,,,,,,,,,,,,,,,,,,,,,,,,,,,,,,,,,,,,,,,,,,,,,,,,,,,,,,,,,,,,,,,,,,,,,,,,,
warrants,,,,,,,,,,,,,,,,,,,,,,,,,,,,,,,,,,,,,,,,,,,,,,,,,,,,,,,,,,,,,,,,,,,,,,,,,,,,,,,,,,,,,,,,,,,,,,,,,,,,
preferredStockRedeemable,,,,,,,,,,,,,,,,,,,,,,,,,,,,,,,,,,,,,,,,,,,,,,,,,,,,,,,,,,,,,,,,,,,,,,,,,,,,,,,,,,,,,,,,,,,,,,,,,,,,
capitalSurpluse,,5382000000.00,5360000000.00,5345000000.00,5325000000.00,5311000000.00,5292000000.00,5290000000.00,5320000000.00,5307000000.00,5271000000.00,5266000000.00,5311000000.00,5324000000.00,5288000000.00,5293000000.00,5277000000.00,5270000000.00,5343000000.00,5324000000.00,5308000000.00,5312000000.00,5332000000.00,5320000000.00,5300000000.00,5282000000.00,5239000000.00,5236000000.00,9159000000.00,9144000000.00,9103000000.00,9085000000.00,9045000000.00,9029000000.00,9000000000.00,8957000000.00,8967000000.00,8898000000.00,8861000000.00,8820000000.00,8723000000.00,8660000000.00,8596000000.00,8562000000.00,8489000000.00,8397000000.00,8354000000.00,8320000000.00,8265000000.00,8248000000.00,8140000000.00,8060000000.00,7904000000.00,7855000000.00,7802000000.00,7673000000.00,7552000000.00,7516000000.00,,,,,,,,,,,,,,,,,,,,,,,,,,,,,,,,,,,,,,,,,,
liabilitiesAndStockholdersEquity,10763000000.00,10675000000.00,10792000000.00,10919000000.00,10516000000.00,10484000000.00,10455000000.00,10327000000.00,10705000000.00,10491000000.00,10398000000.00,9674000000.00,9627000000.00,9546000000.00,9455000000.00,9501000000.00,9452000000.00,8625000000.00,9022000000.00,8952000000.00,8541000000.00,8349000000.00,8784000000.00,8698000000.00,8429000000.00,8261000000.00,8016000000.00,7872000000.00,7817000000.00,7734000000.00,7640000000.00,7302000000.00,7476000000.00,7251000000.00,7412000000.00,7519000000.00,10760000000.00,10380000000.00,11026000000.00,10638000000.00,10686000000.00,10278000000.00,10587000000.00,10653000000.00,10536000000.00,9757000000.00,9413000000.00,9099000000.00,9057000000.00,8753000000.00,8649000000.00,8044000000.00,9696000000.00,9100000000.00,7767000000.00,7599000000.00,7612000000.00,6573000000.00,6576000000.00,7162000000.00,7437000000.00,7541000000.00,7674000000.00,7459000000.00,7554000000.00,7024000000.00,7283000000.00,7193000000.00,7369000000.00,7729000000.00,8057000000.00,8026000000.00,6751000000.00,7352000000.00,7268000000.00,7150000000.00,7056000000.00,6741000000.00,6675000000.00,6384000000.00,6297000000.00,5990000000.00,7617000000.00,7770000000.00,8203000000.00,8437000000.00,8238000000.00,8558000000.00,7986000000.00,8622000000.00,9080000000.00,9208000000.00,8425000000.00,7827000000.00,7321000000.00,7107000000.00,5444000000.00,,,
cashAndShortTermInvestments,1590000000.00,1329000000.00,1175000000.00,1250000000.00,1053000000.00,1077000000.00,1207000000.00,1158000000.00,1575000000.00,1428000000.00,1380000000.00,1329000000.00,1441000000.00,1358000000.00,1324000000.00,1226000000.00,1382000000.00,1765000000.00,2155000000.00,2057000000.00,2247000000.00,2131000000.00,3011000000.00,2887000000.00,2678000000.00,2563000000.00,2389000000.00,2241000000.00,2289000000.00,2199000000.00,2139000000.00,1931000000.00,2003000000.00,2075000000.00,2197000000.00,2118000000.00,3028000000.00,2391000000.00,2950000000.00,2742000000.00,2675000000.00,2330000000.00,2519000000.00,2450000000.00,2351000000.00,1923000000.00,3896000000.00,3662000000.00,3527000000.00,3101000000.00,2975000000.00,2638000000.00,2649000000.00,2317000000.00,2657000000.00,2493000000.00,2493000000.00,1499000000.00,1412000000.00,1380000000.00,1429000000.00,1669000000.00,1740000000.00,1557000000.00,1826000000.00,1486000000.00,2050000000.00,2090000000.00,2262000000.00,2249000000.00,2657000000.00,2737000000.00,2251000000.00,2782000000.00,2685000000.00,2483000000.00,2315000000.00,1937000000.00,1842000000.00,1678000000.00,1607000000.00,1430000000.00,1533000000.00,1754000000.00,1844000000.00,2105000000.00,2235000000.00,2188000000.00,1170000000.00,999000000.00,809000000.00,433000000.00,996000000.00,703000000.00,978000000.00,1410000000.00,,,,
propertyPlantAndEquipmentGross,,,,,,,,,,905000000.00,884000000.00,866000000.00,845000000.00,846000000.00,836000000.00,844000000.00,850000000.00,839000000.00,827000000.00,829000000.00,822000000.00,801000000.00,798000000.00,792000000.00,757000000.00,716000000.00,675000000.00,653000000.00,639000000.00,623000000.00,610000000.00,594000000.00,604000000.00,587000000.00,593000000.00,610000000.00,1101000000.00,1142000000.00,1139000000.00,1129000000.00,1134000000.00,1139000000.00,1147000000.00,1163000000.00,1164000000.00,1139000000.00,996000000.00,1007000000.00,1006000000.00,1000000000.00,1004000000.00,982000000.00,980000000.00,957000000.00,831000000.00,837000000.00,845000000.00,839000000.00,821000000.00,831000000.00,824000000.00,816000000.00,809000000.00,801000000.00,801000000.00,787000000.00,777000000.00,775000000.00,775000000.00,822000000.00,853000000.00,875000000.00,873000000.00,1148000000.00,1185000000.00,1235000000.00,1258000000.00,1283000000.00,1363000000.00,1419000000.00,1447000000.00,1449000000.00,1510000000.00,1571000000.00,1579000000.00,1713000000.00,1728000000.00,1787000000.00,1848000000.00,1807000000.00,1848000000.00,1821000000.00,1741000000.00,1581000000.00,1453000000.00,1408000000.00,1387000000.00,,,
propertyPlantAndEquipmentNet,1270000000.00,1211000000.00,1184000000.00,1147000000.00,1100000000.00,1054000000.00,1010000000.00,974000000.00,945000000.00,905000000.00,884000000.00,866000000.00,845000000.00,846000000.00,836000000.00,844000000.00,850000000.00,839000000.00,827000000.00,829000000.00,822000000.00,801000000.00,798000000.00,792000000.00,757000000.00,716000000.00,675000000.00,653000000.00,639000000.00,623000000.00,610000000.00,594000000.00,604000000.00,587000000.00,593000000.00,610000000.00,1101000000.00,1142000000.00,1139000000.00,1129000000.00,1134000000.00,1139000000.00,1147000000.00,1163000000.00,1164000000.00,1139000000.00,996000000.00,1007000000.00,1006000000.00,1000000000.00,1004000000.00,982000000.00,980000000.00,957000000.00,831000000.00,837000000.00,845000000.00,839000000.00,821000000.00,831000000.00,824000000.00,816000000.00,809000000.00,801000000.00,801000000.00,787000000.00,777000000.00,775000000.00,775000000.00,822000000.00,853000000.00,875000000.00,873000000.00,1148000000.00,1185000000.00,1235000000.00,1258000000.00,1283000000.00,1363000000.00,1419000000.00,1447000000.00,1449000000.00,1510000000.00,1571000000.00,1579000000.00,1713000000.00,1728000000.00,1787000000.00,1848000000.00,1807000000.00,1848000000.00,1821000000.00,1741000000.00,1581000000.00,1453000000.00,1408000000.00,1387000000.00,,,
accumulatedDepreciation,,,,,,,,,,,,,,,,,,,,,,,,,,,,,,,,,,,,,,,,,,,,,,,,,,,,,,,,,,,,,,,,,,,,,,,,,,,,,,,,,,,,,,,,,,,,,,,,,,,,
netWorkingCapital,,2270000000.00,2283000000.00,2142000000.00,1917000000.00,1788000000.00,1830000000.00,1890000000.00,2091000000.00,1908000000.00,1756000000.00,1796000000.00,1948000000.00,1931000000.00,1226000000.00,1210000000.00,,,,,,,,,,,,,,,,,,,,,,,,,,,,,,,,,,,,,,,,,,,,,,,,,,,,,,,,,,,,,,,,,,,,,,,,,,,,,,,,,,,,
netInvestedCapital,,8347000000.00,8514000000.00,8580000000.00,8058000000.00,8003000000.00,8027000000.00,7884000000.00,8118000000.00,7804000000.00,7742000000.00,7303000000.00,7232000000.00,7304000000.00,7256000000.00,7310000000.00,,,,,,,,,,,,,,,,,,,,,,,,,,,,,,,,,,,,,,,,,,,,,,,,,,,,,,,,,,,,,,,,,,,,,,,,,,,,,,,,,,,,
commonStockSharesOutstanding,293000000.00,295000000.00,297000000.00,296000000.00,298000000.00,299000000.00,301000000.00,303000000.00,305000000.00,306000000.00,307000000.00,309000000.00,311000000.00,312000000.00,312000000.00,313000000.00,313000000.00,316000000.00,321000000.00,322000000.00,322000000.00,324000000.00,326000000.00,323000000.00,323000000.00,326000000.00,325000000.00,326000000.00,328000000.00,328000000.00,328000000.00,332000000.00,333000000.00,334000000.00,337000000.00,338000000.00,338000000.00,338000000.00,337000000.00,338000000.00,336000000.00,343000000.00,349000000.00,352000000.00,353000000.00,353000000.00,354000000.00,352000000.00,352000000.00,357000000.00,355000000.00,355000000.00,355000000.00,352000000.00,354000000.00,354000000.00,354000000.00,345000000.00,344000000.00,352000000.00,352000000.00,372000000.00,370000000.00,382000000.00,382000000.00,407000000.00,413000000.00,418000000.00,418000000.00,422000000.00,442000000.00,483000000.00,483000000.00,499000000.00,496000000.00,496000000.00,496000000.00,491000000.00,495000000.00,490000000.00,490000000.00,475000000.00,471000000.00,471000000.00,471000000.00,466000000.00,464000000.00,463000000.00,463000000.00,459000000.00,461000000.00,466000000.00,466000000.00,461000000.00,457000000.00,440000000.00,440000000.00,450000000.00,461764706.00,462500000.00
investments,,-89000000.00,-77000000.00,-104000000.00,-3000000.00,9000000.00,6000000.00,-79000000.00,5000000.00,-7000000.00,-7000000.00,-1000000.00,-27000000.00,-8000000.00,-20000000.00,-1000000.00,-3000000.00,-3000000.00,-17000000.00,-3000000.00,11000000.00,-10000000.00,-3000000.00,-1000000.00,-1000000.00,-1000000.00,-1000000.00,-1000000.00,-79000000.00,,-83000000.00,,-1000000.00,-2000000.00,-1000000.00,,-24000000.00,-24000000.00,,,-9000000.00,,-21000000.00,-4000000.00,,,2000000.00,3000000.00,11000000.00,,,5000000.00,,30000000.00,4000000.00,4000000.00,,,,,,,,,,,,,,,,,,,,,,,,,,,,,,,,,,,,,,,,,,,,
changeToLiabilities,,,-10000000.00,-201000000.00,11000000.00,56000000.00,17000000.00,37000000.00,18000000.00,-5000000.00,8000000.00,-45000000.00,98000000.00,-7000000.00,35000000.00,-95000000.00,87000000.00,-14000000.00,66000000.00,-87000000.00,104000000.00,-12000000.00,44000000.00,-65000000.00,40000000.00,-13000000.00,47000000.00,-34000000.00,41000000.00,25000000.00,-1000000.00,-65000000.00,56000000.00,-32000000.00,31000000.00,-73000000.00,120000000.00,-109000000.00,111000000.00,-63000000.00,73000000.00,-76000000.00,69000000.00,-77000000.00,21000000.00,-77000000.00,115000000.00,-144000000.00,126000000.00,,,-137000000.00,99000000.00,-42000000.00,126000000.00,-53000000.00,,,,,,,19000000.00,,,,,,,,52000000.00,,38000000.00,,,,72000000.00,,25000000.00,,53000000.00,,,,,,,,,,,,356000000.00,282000000.00,11000000.00,,,,,
totalCashflowsFromInvestingActivities,,-270000000.00,-77000000.00,-104000000.00,-110000000.00,-73000000.00,-76000000.00,-79000000.00,-59000000.00,-61000000.00,-587000000.00,-42000000.00,-27000000.00,-32000000.00,-53000000.00,-35000000.00,-1193000000.00,-51000000.00,-56000000.00,-290000000.00,-114000000.00,-473000000.00,-50000000.00,-67000000.00,-60000000.00,-101000000.00,-43000000.00,-101000000.00,-78000000.00,-24000000.00,-108000000.00,-28000000.00,-275000000.00,-87000000.00,-7000000.00,-31000000.00,-58000000.00,-70000000.00,-55000000.00,-47000000.00,-51000000.00,-54000000.00,-71000000.00,-72000000.00,-92000000.00,-2200000000.00,-57000000.00,-23000000.00,-206000000.00,1342000000.00,1374000000.00,1500000000.00,-43000000.00,-1098000000.00,-2000000.00,-31000000.00,0.00,,,,,,,,,,,,1796000000.00,1862000000.00,1822000000.00,1916000000.00,,,,,,,,,,,,,,35000000.00,105000000.00,,,,,,,,,,,,,
netBorrowings,,,-238000000.00,203000000.00,-145000000.00,-4000000.00,175000000.00,175000000.00,-130000000.00,-75000000.00,427000000.00,134000000.00,-1378000000.00,1248000000.00,25000000.00,60000000.00,596000000.00,600000000.00,600000000.00,600000000.00,-210000000.00,-315000000.00,-30000000.00,135000000.00,-70000000.00,39000000.00,52000000.00,89000000.00,25000000.00,27000000.00,155000000.00,80000000.00,262000000.00,,,,555000000.00,-465000000.00,,,,342000000.00,,,146000000.00,-1000000.00,,,-1500000000.00,,,,,742000000.00,,,,,,,,,,,,,,,,,,,,,,,,,,,,,,,,,,,,,,,,,,,,,,
totalCashFromFinancingActivities,,-322000000.00,-390000000.00,-17000000.00,-341000000.00,-362000000.00,-123000000.00,-546000000.00,-324000000.00,-222000000.00,166000000.00,-316000000.00,-269000000.00,-231000000.00,-156000000.00,-61000000.00,497000000.00,-582000000.00,-92000000.00,-122000000.00,-131000000.00,-589000000.00,-114000000.00,37000000.00,-106000000.00,29000000.00,-67000000.00,-58000000.00,-56000000.00,-105000000.00,30000000.00,-134000000.00,-29000000.00,-110000000.00,-101000000.00,-828000000.00,561000000.00,-518000000.00,-72000000.00,-68000000.00,6000000.00,-332000000.00,-165000000.00,-60000000.00,27000000.00,-7000000.00,-60000000.00,8000000.00,-30000000.00,-97000000.00,68000000.00,-1634000000.00,-17000000.00,674000000.00,-59000000.00,3000000.00,761000000.00,26000000.00,-81000000.00,-49000000.00,-432000000.00,-176000000.00,2000000.00,-168000000.00,-7000000.00,-484000000.00,-320000000.00,-169000000.00,-322000000.00,-515000000.00,-291000000.00,-1280000000.00,-892000000.00,53000000.00,-22000000.00,81000000.00,8000000.00,53000000.00,19000000.00,65000000.00,5000000.00,53000000.00,4000000.00,48000000.00,-12000000.00,56000000.00,-16000000.00,1215000000.00,-770000000.00,83000000.00,220000000.00,504000000.00,21000000.00,73000000.00,-11000000.00,1192000000.00,,,,
changeToOperatingActivities,,,,,101000000.00,45000000.00,38000000.00,-146000000.00,86000000.00,89000000.00,163000000.00,-156000000.00,72000000.00,30000000.00,21000000.00,-275000000.00,23000000.00,10000000.00,-14000000.00,-45000000.00,80000000.00,-72000000.00,57000000.00,-38000000.00,-60000000.00,-88000000.00,-15000000.00,-61000000.00,15000000.00,-39000000.00,1000000.00,,-241000000.00,,,,-17000000.00,,,,,,,,,,,,,,,,,,,,,,,,,,,,,,,,,,,,,,,,,,,,,,,,,,,,,,,,,,,,,,,
changeInCash,502000000.00,154000000.00,-75000000.00,197000000.00,-17000000.00,-115000000.00,72000000.00,-374000000.00,55000000.00,48000000.00,51000000.00,-111000000.00,83000000.00,35000000.00,97000000.00,-156000000.00,-383000000.00,-390000000.00,97000000.00,-190000000.00,116000000.00,-880000000.00,124000000.00,209000000.00,115000000.00,174000000.00,148000000.00,-48000000.00,90000000.00,60000000.00,208000000.00,-72000000.00,-72000000.00,-122000000.00,79000000.00,-910000000.00,637000000.00,-559000000.00,208000000.00,67000000.00,345000000.00,-189000000.00,69000000.00,99000000.00,428000000.00,-1973000000.00,234000000.00,135000000.00,426000000.00,126000000.00,337000000.00,-11000000.00,332000000.00,-329000000.00,165000000.00,2000000.00,1000000000.00,79000000.00,38000000.00,-43000000.00,-235000000.00,-70000000.00,325000000.00,-441000000.00,340000000.00,-564000000.00,-40000000.00,-172000000.00,13000000.00,-408000000.00,-80000000.00,511000000.00,-556000000.00,97000000.00,202000000.00,168000000.00,378000000.00,95000000.00,164000000.00,71000000.00,177000000.00,-103000000.00,-221000000.00,-90000000.00,-261000000.00,-130000000.00,47000000.00,1018000000.00,171000000.00,190000000.00,376000000.00,-563000000.00,293000000.00,-275000000.00,-390000000.00,1368000000.00,,,,
beginPeriodCashFlow,1332000000.00,1178000000.00,1253000000.00,1056000000.00,1073000000.00,1188000000.00,1116000000.00,1490000000.00,1435000000.00,1387000000.00,1336000000.00,1447000000.00,1364000000.00,1329000000.00,1232000000.00,1388000000.00,1771000000.00,2161000000.00,2064000000.00,2254000000.00,2131000000.00,3011000000.00,2887000000.00,2678000000.00,2563000000.00,2389000000.00,2241000000.00,2289000000.00,2199000000.00,2139000000.00,1931000000.00,2003000000.00,2075000000.00,2197000000.00,2118000000.00,3028000000.00,2391000000.00,2950000000.00,2742000000.00,2675000000.00,2330000000.00,2519000000.00,2450000000.00,2351000000.00,1923000000.00,3896000000.00,3662000000.00,3527000000.00,3101000000.00,2975000000.00,2638000000.00,2649000000.00,2317000000.00,2646000000.00,2481000000.00,2479000000.00,1479000000.00,1400000000.00,1362000000.00,1405000000.00,1640000000.00,1710000000.00,1385000000.00,1826000000.00,1486000000.00,2050000000.00,2090000000.00,2262000000.00,2249000000.00,2657000000.00,2737000000.00,2226000000.00,2782000000.00,2685000000.00,2483000000.00,2315000000.00,1937000000.00,1842000000.00,1678000000.00,1607000000.00,1430000000.00,1533000000.00,1754000000.00,1844000000.00,2105000000.00,2235000000.00,2188000000.00,1170000000.00,999000000.00,809000000.00,433000000.00,996000000.00,703000000.00,978000000.00,1368000000.00,,,,,
endPeriodCashFlow,502000000.00,1332000000.00,1178000000.00,1253000000.00,1056000000.00,1073000000.00,1188000000.00,1116000000.00,1490000000.00,1435000000.00,1387000000.00,1336000000.00,1447000000.00,1364000000.00,1329000000.00,1232000000.00,1388000000.00,1771000000.00,2161000000.00,2064000000.00,2247000000.00,2131000000.00,3011000000.00,2887000000.00,2678000000.00,2563000000.00,2389000000.00,2241000000.00,2289000000.00,2199000000.00,2139000000.00,1931000000.00,2003000000.00,2075000000.00,2197000000.00,2118000000.00,3028000000.00,2391000000.00,2950000000.00,2742000000.00,2675000000.00,2330000000.00,2519000000.00,2450000000.00,2351000000.00,1923000000.00,3896000000.00,3662000000.00,3527000000.00,3101000000.00,2975000000.00,2638000000.00,2649000000.00,2317000000.00,2646000000.00,2481000000.00,2479000000.00,1479000000.00,1400000000.00,1362000000.00,1405000000.00,1640000000.00,1710000000.00,1385000000.00,1826000000.00,1486000000.00,2050000000.00,2090000000.00,2262000000.00,2249000000.00,2657000000.00,2737000000.00,2226000000.00,2782000000.00,2685000000.00,2483000000.00,2315000000.00,1937000000.00,1842000000.00,1678000000.00,1607000000.00,1430000000.00,1533000000.00,1754000000.00,1844000000.00,2105000000.00,2235000000.00,2188000000.00,1170000000.00,999000000.00,809000000.00,433000000.00,996000000.00,703000000.00,978000000.00,1368000000.00,,,,
totalCashFromOperatingActivities,502000000.00,562000000.00,398000000.00,296000000.00,448000000.00,326000000.00,283000000.00,255000000.00,441000000.00,334000000.00,472000000.00,238000000.00,377000000.00,290000000.00,313000000.00,-59000000.00,314000000.00,242000000.00,252000000.00,213000000.00,372000000.00,197000000.00,303000000.00,215000000.00,288000000.00,228000000.00,257000000.00,116000000.00,234000000.00,194000000.00,256000000.00,106000000.00,237000000.00,91000000.00,183000000.00,-20000000.00,166000000.00,28000000.00,325000000.00,194000000.00,377000000.00,215000000.00,315000000.00,245000000.00,485000000.00,240000000.00,353000000.00,150000000.00,510000000.00,252000000.00,378000000.00,120000000.00,373000000.00,90000000.00,224000000.00,30000000.00,213000000.00,41000000.00,137000000.00,17000000.00,258000000.00,169000000.00,325000000.00,4000000.00,398000000.00,176000000.00,302000000.00,93000000.00,401000000.00,65000000.00,296000000.00,-128000000.00,419000000.00,138000000.00,205000000.00,137000000.00,409000000.00,42000000.00,172000000.00,40000000.00,229000000.00,-91000000.00,-191000000.00,-91000000.00,-143000000.00,-116000000.00,-95000000.00,-144000000.00,1273000000.00,291000000.00,135000000.00,-197000000.00,423000000.00,69000000.00,-38000000.00,384000000.00,,,,
issuanceOfCapitalStock,,,,,,,,,,,,,,,,,,,,,,,,,,,,,,,,,,,,,,,,,,,,,,,,,,,,,,,,,,,,,,,,,,,,,,,,,,,,,,,,,,,,,,,,,,,,,,,,,,,,
depreciation,27000000.00,71000000.00,71000000.00,67000000.00,73000000.00,80000000.00,82000000.00,82000000.00,84000000.00,84000000.00,77000000.00,76000000.00,76000000.00,77000000.00,76000000.00,79000000.00,76000000.00,55000000.00,53000000.00,54000000.00,56000000.00,53000000.00,50000000.00,51000000.00,52000000.00,51000000.00,54000000.00,55000000.00,56000000.00,60000000.00,64000000.00,66000000.00,60000000.00,62000000.00,63000000.00,68000000.00,92000000.00,98000000.00,97000000.00,96000000.00,95000000.00,91000000.00,92000000.00,94000000.00,94000000.00,84000000.00,61000000.00,62000000.00,63000000.00,63000000.00,64000000.00,63000000.00,67000000.00,60000000.00,36000000.00,40000000.00,40000000.00,41000000.00,40000000.00,41000000.00,44000000.00,57000000.00,51000000.00,49000000.00,48000000.00,50000000.00,47000000.00,46000000.00,36000000.00,45000000.00,48000000.00,41000000.00,,64000000.00,59000000.00,63000000.00,66000000.00,70000000.00,75000000.00,81000000.00,89000000.00,91000000.00,100000000.00,82000000.00,187000000.00,180000000.00,169000000.00,199000000.00,233000000.00,196000000.00,166000000.00,139000000.00,150000000.00,146000000.00,103000000.00,96000000.00,,,,
otherCashflowsFromInvestingActivities,,-56000000.00,-20000000.00,-28000000.00,-3000000.00,-7000000.00,-16000000.00,-1000000.00,-3000000.00,-564000000.00,-2000000.00,-1000000.00,-28000000.00,1000000.00,-3000000.00,-3000000.00,-1160000000.00,-1000000.00,-268000000.00,-248000000.00,-89000000.00,-430000000.00,1000000.00,-7000000.00,-2000000.00,-57000000.00,1000000.00,-69000000.00,-26000000.00,0.00,-83000000.00,10000000.00,-248000000.00,-66000000.00,14000000.00,1000000.00,-15000000.00,18000000.00,-2000000.00,-2000000.00,-10000000.00,-1000000.00,1000000.00,-9000000.00,-30000000.00,-2151000000.00,-22000000.00,20000000.00,2999000000.00,1545000000.00,1545000000.00,-1533000000.00,-9000000.00,-1095000000.00,23000000.00,-10000000.00,49000000.00,13000000.00,10000000.00,4000000.00,,,,,,,,,884000000.00,786000000.00,807000000.00,981000000.00,,,,,,,,,,,,,31000000.00,263000000.00,263000000.00,19000000.00,,,,24000000.00,248000000.00,10000000.00,9000000.00,24000000.00,,,,
dividendsPaid,,-66000000.00,-66000000.00,-67000000.00,62000000.00,62000000.00,63000000.00,63000000.00,59000000.00,59000000.00,59000000.00,59000000.00,55000000.00,56000000.00,55000000.00,56000000.00,51000000.00,51000000.00,52000000.00,52000000.00,47000000.00,48000000.00,48000000.00,48000000.00,43000000.00,42000000.00,43000000.00,42000000.00,38000000.00,37000000.00,37000000.00,38000000.00,33000000.00,33000000.00,33000000.00,34000000.00,44000000.00,44000000.00,44000000.00,44000000.00,39000000.00,41000000.00,41000000.00,35000000.00,34000000.00,35000000.00,35000000.00,0.00,0.00,0.00,0.00,1500000000.00,30000000.00,747000000.00,0.00,0.00,0.00,,,,,,,,,,,,840000000.00,,700000000.00,2200000000.00,,,,,,,,,,,,,,,,,,,,,2068000000.00,2068000000.00,2068000000.00,2068000000.00,,,,
changeToInventory,,18000000.00,-2000000.00,-69000000.00,-42000000.00,-82000000.00,-70000000.00,-54000000.00,-21000000.00,-35000000.00,-45000000.00,-35000000.00,18000000.00,-1000000.00,-53000000.00,-32000000.00,-5000000.00,-10000000.00,-9000000.00,-12000000.00,-17000000.00,-32000000.00,51000000.00,-34000000.00,-15000000.00,-17000000.00,-3000000.00,-26000000.00,4000000.00,2000000.00,25000000.00,-13000000.00,-6000000.00,38000000.00,-13000000.00,-5000000.00,-26000000.00,-17000000.00,-23000000.00,-33000000.00,-19000000.00,-28000000.00,-19000000.00,-34000000.00,22000000.00,-10000000.00,-18000000.00,-46000000.00,-16000000.00,-53000000.00,-54000000.00,-85000000.00,-29000000.00,-5000000.00,-16000000.00,-1000000.00,10000000.00,24000000.00,35000000.00,-22000000.00,24000000.00,-2000000.00,-5000000.00,-31000000.00,25000000.00,-16000000.00,-10000000.00,-20000000.00,-28000000.00,-2000000.00,11000000.00,-36000000.00,-2000000.00,100000000.00,79000000.00,-32000000.00,-9000000.00,-9000000.00,3000000.00,-64000000.00,57000000.00,68000000.00,14000000.00,30000000.00,96000000.00,20000000.00,71000000.00,91000000.00,-16000000.00,-11000000.00,-71000000.00,-275000000.00,-91000000.00,-136000000.00,-52000000.00,-66000000.00,,,,
changeToAccountReceivables,,64000000.00,54000000.00,-5000000.00,-88000000.00,-125000000.00,-62000000.00,-46000000.00,-59000000.00,-52000000.00,14000000.00,-31000000.00,-108000000.00,-24000000.00,65000000.00,-40000000.00,-48000000.00,-41000000.00,5000000.00,-22000000.00,-56000000.00,12000000.00,-16000000.00,-5000000.00,-52000000.00,19000000.00,-17000000.00,-31000000.00,-45000000.00,19000000.00,34000000.00,-15000000.00,-25000000.00,-15000000.00,31000000.00,-15000000.00,-119000000.00,3000000.00,-43000000.00,40000000.00,-17000000.00,34000000.00,-56000000.00,53000000.00,41000000.00,41000000.00,-98000000.00,35000000.00,42000000.00,-5000000.00,-39000000.00,13000000.00,-57000000.00,-16000000.00,-51000000.00,-42000000.00,-50000000.00,40000000.00,203000000.00,140000000.00,-44000000.00,16000000.00,-25000000.00,30000000.00,22000000.00,-9000000.00,-4000000.00,26000000.00,8000000.00,-90000000.00,-82000000.00,-13000000.00,29000000.00,70000000.00,88000000.00,102000000.00,80000000.00,-50000000.00,27000000.00,51000000.00,55000000.00,169000000.00,193000000.00,186000000.00,-139000000.00,104000000.00,66000000.00,162000000.00,933000000.00,780000000.00,384000000.00,94000000.00,,,,522000000.00,,,,
salePurchaseOfStock,,-335000000.00,-85000000.00,-75000000.00,-135000000.00,-323000000.00,-234000000.00,-447000000.00,-136000000.00,-113000000.00,-195000000.00,-344000000.00,-250000000.00,-33000000.00,-126000000.00,-60000000.00,-49000000.00,-549000000.00,-50000000.00,-75000000.00,-86000000.00,-243000000.00,-46000000.00,-47000000.00,194000000.00,32000000.00,-83000000.00,-111000000.00,-46000000.00,-94000000.00,-94000000.00,-200000000.00,267000000.00,-99000000.00,-162000000.00,-6000000.00,200000000.00,-50000000.00,-50000000.00,-100000000.00,900000000.00,-681000000.00,-140000000.00,-79000000.00,-94000000.00,29000000.00,-44000000.00,-34000000.00,-35000000.00,-192000000.00,0.00,-270000000.00,-52000000.00,-94000000.00,-165000000.00,-100000000.00,0.00,,-32000000.00,-125000000.00,-251000000.00,-250000000.00,-263000000.00,-237000000.00,-631000000.00,-677000000.00,-382000000.00,-254000000.00,-56000000.00,-701000000.00,-487000000.00,-2991000000.00,-290000000.00,,,,,,,,,,,,,,,,,,,,,,,-2068000000.00,,,,
otherCashflowsFromFinancingActivities,,3238000000.00,1059000000.00,414000000.00,298000000.00,992000000.00,334000000.00,177000000.00,101000000.00,-1000000.00,-8000000.00,713000000.00,121000000.00,-5000000.00,366000000.00,399000000.00,1055000000.00,18000000.00,10000000.00,-17000000.00,-1000000.00,144000000.00,-1000000.00,246000000.00,-196000000.00,147000000.00,-1000000.00,119000000.00,238000000.00,26000000.00,161000000.00,100000000.00,3000000.00,22000000.00,94000000.00,-796000000.00,754000000.00,126000000.00,22000000.00,3000000.00,-766000000.00,-5000000.00,16000000.00,2000000.00,395000000.00,-2200000000.00,-57000000.00,-23000000.00,1500000000.00,-32000000.00,-126000000.00,1500000000.00,326000000.00,1489000000.00,-2000000.00,-31000000.00,1068000000.00,325000000.00,275000000.00,275000000.00,316000000.00,240000000.00,250000000.00,-295000000.00,597000000.00,-4000000.00,-36000000.00,-93000000.00,1361000000.00,700000000.00,1383000000.00,4376000000.00,-681000000.00,3000000.00,-23000000.00,46000000.00,2000000.00,-34000000.00,3000000.00,-34000000.00,-1000000.00,-65000000.00,4000000.00,-47000000.00,-1000000.00,-3000000.00,-26000000.00,1153000000.00,-675000000.00,12000000.00,217000000.00,446000000.00,-19000000.00,31000000.00,-13000000.00,1192000000.00,,,,
changeToNetincome,,,28000000.00,57000000.00,25000000.00,23000000.00,4000000.00,99000000.00,-109000000.00,-11000000.00,39000000.00,82000000.00,62000000.00,33000000.00,125000000.00,27000000.00,45000000.00,29000000.00,27000000.00,-250000000.00,46000000.00,-5000000.00,18000000.00,31000000.00,38000000.00,83000000.00,27000000.00,45000000.00,12000000.00,22000000.00,60000000.00,31000000.00,109000000.00,8000000.00,26000000.00,22000000.00,-61000000.00,31000000.00,49000000.00,45000000.00,61000000.00,39000000.00,31000000.00,39000000.00,-133000000.00,29000000.00,10000000.00,44000000.00,182000000.00,,,38000000.00,-57000000.00,-179000000.00,-14000000.00,134000000.00,,,,,45000000.00,,,,132000000.00,11000000.00,15000000.00,,,,,,122000000.00,,24000000.00,8000000.00,,,,,,,,33000000.00,137000000.00,,,,,,,,,238000000.00,192000000.00,113000000.00,,,,
capitalExpenditures,0,81000000,57000000,76000000,70000000,82000000,64000000,75000000,62000000,55000000,31000000,41000000,27000000,25000000,33000000,34000000,30000000,48000000,39000000,39000000,36000000,33000000,48000000,60000000,58000000,43000000,43000000,32000000,52000000,24000000,25000000,38000000,27000000,19000000,20000000,32000000,45000000,64000000,53000000,45000000,32000000,53000000,51000000,59000000,61000000,49000000,37000000,46000000,50000000,49000000,51000000,38000000,34000000,33000000,29000000,25000000,30000000,30000000,34000000,34000000,44000000,39000000,37000000,34000000,39000000,36000000,42000000,37000000,20000000,60000000,55000000,50000000,1000000,54000000,42000000,44000000,28000000,26000000,35000000,29000000,57000000,62000000,38000000,48000000,88000000,58000000,86000000,69000000,167000000,259000000,282000000,173000000,376000000,226000000,131000000,91000000,,,,
changeReceivables,,,54000000.00,-5000000.00,,,,-46000000.00,,,,-31000000.00,-108000000.00,-24000000.00,65000000.00,-40000000.00,-48000000.00,-41000000.00,5000000.00,-22000000.00,-56000000.00,12000000.00,-16000000.00,-5000000.00,-52000000.00,19000000.00,-17000000.00,-31000000.00,-52000000.00,,34000000.00,-15000000.00,-25000000.00,-15000000.00,31000000.00,-15000000.00,-116000000.00,,-43000000.00,40000000.00,-17000000.00,34000000.00,-56000000.00,53000000.00,41000000.00,41000000.00,-98000000.00,35000000.00,-2000000.00,,,13000000.00,-57000000.00,-16000000.00,-51000000.00,-42000000.00,,,,,,,,,,,,,,,,,,,,,,,,,,,,,,,,,,,,,,,,,,,,
cashFlowsOtherOperating,,,-45000000.00,95000000.00,,,,87000000.00,,,,-97000000.00,9000000.00,13000000.00,-36000000.00,-195000000.00,-35000000.00,32000000.00,-72000000.00,26000000.00,44000000.00,-55000000.00,2000000.00,557000000.00,48000000.00,-70000000.00,-15000000.00,-61000000.00,47000000.00,-32000000.00,8000000.00,-23000000.00,-100000000.00,-35000000.00,-38000000.00,-89000000.00,134000000.00,-125000000.00,-5000000.00,-86000000.00,-27000000.00,-13000000.00,32000000.00,-9000000.00,15000000.00,-70000000.00,28000000.00,-31000000.00,-52000000.00,,,35000000.00,58000000.00,67000000.00,36000000.00,-126000000.00,,,,,,,,,,,,,,,,,,,,,,,,,,,,,,,,,,,,,,,,,,,,
exchangeRateChanges,,,,,,,,-4000000.00,,,,9000000.00,10000000.00,,-7000000.00,-1000000.00,-1000000.00,1000000.00,-7000000.00,9000000.00,-11000000.00,-15000000.00,-15000000.00,24000000.00,-7000000.00,18000000.00,1000000.00,-5000000.00,-10000000.00,-5000000.00,30000000.00,-16000000.00,-5000000.00,-16000000.00,4000000.00,-31000000.00,-30000000.00,1000000.00,10000000.00,-12000000.00,13000000.00,-18000000.00,-10000000.00,-11000000.00,7000000.00,-6000000.00,-2000000.00,,14000000.00,,,3000000.00,19000000.00,5000000.00,1000000.00,,,,,,,,,,,,,,,,,,,,,,,,,,,,,,,,,,,,,,,,,,,,,
cashAndCashEquivalentsChanges,,,-69000000.00,175000000.00,,,,-374000000.00,,,,-111000000.00,83000000.00,35000000.00,97000000.00,-156000000.00,-383000000.00,-390000000.00,97000000.00,-190000000.00,116000000.00,-880000000.00,124000000.00,209000000.00,115000000.00,174000000.00,148000000.00,-48000000.00,90000000.00,60000000.00,208000000.00,-72000000.00,-72000000.00,-122000000.00,79000000.00,-910000000.00,637000000.00,-559000000.00,208000000.00,67000000.00,345000000.00,-189000000.00,69000000.00,99000000.00,428000000.00,-1973000000.00,234000000.00,135000000.00,551000000.00,138000000.00,200000000.00,-11000000.00,332000000.00,-329000000.00,165000000.00,2000000.00,,,,,,,,,,,,,,,,,,,,,,,,,,,,,,,,,,,,,,,,,,,,
changeInWorkingCapital,,129000000.00,-7000000.00,-190000000.00,-43000000.00,-125000000.00,-101000000.00,-209000000.00,-17000000.00,-34000000.00,142000000.00,-179000000.00,49000000.00,-18000000.00,25000000.00,-352000000.00,17000000.00,-28000000.00,-1000000.00,-376000000.00,80000000.00,-95000000.00,23000000.00,447000000.00,40000000.00,-18000000.00,16000000.00,-136000000.00,21000000.00,-13000000.00,72000000.00,-112000000.00,13000000.00,-94000000.00,15000000.00,-189000000.00,-17000000.00,-230000000.00,42000000.00,-147000000.00,41000000.00,-78000000.00,24000000.00,-69000000.00,-61000000.00,-116000000.00,27000000.00,-176000000.00,121000000.00,-170000000.00,90000000.00,-170000000.00,71000000.00,-162000000.00,95000000.00,-223000000.00,145000000.00,4000000.00,118000000.00,-162000000.00,52000000.00,-67000000.00,44000000.00,-208000000.00,231000000.00,-67000000.00,98000000.00,-142000000.00,62000000.00,-169000000.00,138000000.00,-316000000.00,364000000.00,-67000000.00,28000000.00,-56000000.00,258000000.00,-167000000.00,-6000000.00,-117000000.00,139000000.00,-97000000.00,1000000.00,68000000.00,397000000.00,-125000000.00,-17000000.00,-96000000.00,-142000000.00,255000000.00,-93000000.00,-510000000.00,123000000.00,-268000000.00,-223000000.00,157000000.00,,,,
stockBasedCompensation,,29000000.00,24000000.00,44000000.00,26000000.00,28000000.00,27000000.00,44000000.00,22000000.00,22000000.00,26000000.00,40000000.00,20000000.00,19000000.00,17000000.00,27000000.00,15000000.00,17000000.00,16000000.00,24000000.00,14000000.00,13000000.00,12000000.00,31000000.00,12000000.00,13000000.00,15000000.00,20000000.00,11000000.00,11000000.00,13000000.00,23000000.00,11000000.00,10000000.00,11000000.00,22000000.00,19000000.00,19000000.00,22000000.00,36000000.00,18000000.00,17000000.00,18000000.00,31000000.00,15000000.00,16000000.00,16000000.00,27000000.00,14000000.00,14000000.00,16000000.00,28000000.00,15000000.00,13000000.00,13000000.00,25000000.00,15000000.00,17000000.00,39000000.00,21000000.00,82000000.00,67000000.00,49000000.00,30000000.00,139000000.00,103000000.00,76000000.00,36000000.00,94000000.00,82000000.00,61000000.00,36000000.00,9000000.00,-76000000.00,-20000000.00,-88000000.00,29000000.00,-25000000.00,-1000000.00,-92000000.00,-21000000.00,-183000000.00,-56000000.00,-106000000.00,89000000.00,-1000000.00,23000000.00,-42000000.00,-145000000.00,,,,,,,,,,,
otherNonCashItems,-502000000.00,290000000.00,13000000.00,19000000.00,41000000.00,8000000.00,6000000.00,31000000.00,-63000000.00,-12000000.00,9000000.00,-16000000.00,-20000000.00,11000000.00,107000000.00,-20000000.00,12000000.00,2000000.00,-7000000.00,288000000.00,22000000.00,-2000000.00,20000000.00,12000000.00,-12000000.00,-56000000.00,4000000.00,-7000000.00,53000000.00,13000000.00,-15000000.00,2000000.00,-72000000.00,22000000.00,7000000.00,14000000.00,206000000.00,-16000000.00,1000000.00,19000000.00,-18000000.00,12000000.00,17000000.00,12000000.00,172000000.00,7000000.00,8000000.00,-3000000.00,15000000.00,23000000.00,-26000000.00,2000000.00,10000000.00,-120000000.00,11000000.00,25000000.00,-26000000.00,18000000.00,12000000.00,48000000.00,-55000000.00,-42000000.00,-44000000.00,7000000.00,-95000000.00,-74000000.00,-35000000.00,4000000.00,70000000.00,-1951000000.00,-52000000.00,-879000000.00,250000000.00,94000000.00,39000000.00,107000000.00,29000000.00,33000000.00,10000000.00,104000000.00,23000000.00,252000000.00,78000000.00,383000000.00,86000000.00,75000000.00,1000000.00,63000000.00,1930000000.00,104000000.00,-68000000.00,9000000.00,-115000000.00,-4000000.00,-84000000.00,,,,,
freeCashFlow,502000000.00,481000000.00,341000000.00,220000000.00,378000000.00,244000000.00,219000000.00,180000000.00,379000000.00,279000000.00,441000000.00,197000000.00,350000000.00,265000000.00,280000000.00,-93000000.00,284000000.00,194000000.00,213000000.00,174000000.00,336000000.00,164000000.00,255000000.00,155000000.00,230000000.00,185000000.00,214000000.00,84000000.00,182000000.00,170000000.00,231000000.00,68000000.00,210000000.00,72000000.00,163000000.00,-52000000.00,121000000.00,-36000000.00,272000000.00,149000000.00,345000000.00,162000000.00,264000000.00,186000000.00,424000000.00,191000000.00,316000000.00,104000000.00,460000000.00,203000000.00,327000000.00,82000000.00,339000000.00,57000000.00,195000000.00,5000000.00,183000000.00,11000000.00,103000000.00,-17000000.00,214000000.00,130000000.00,288000000.00,-30000000.00,359000000.00,140000000.00,260000000.00,56000000.00,381000000.00,5000000.00,241000000.00,-178000000.00,420000000.00,84000000.00,163000000.00,93000000.00,381000000.00,16000000.00,137000000.00,11000000.00,172000000.00,-153000000.00,-229000000.00,-139000000.00,-231000000.00,-174000000.00,-181000000.00,-213000000.00,1106000000.00,32000000.00,-147000000.00,-370000000.00,47000000.00,-157000000.00,-169000000.00,293000000.00,,,,
researchDevelopment,114000000.00,118000000.00,126000000.00,123000000.00,119000000.00,116000000.00,115000000.00,117000000.00,116000000.00,113000000.00,109000000.00,103000000.00,102000000.00,92000000.00,197000000.00,104000000.00,102000000.00,101000000.00,99000000.00,102000000.00,104000000.00,97000000.00,91000000.00,93000000.00,89000000.00,87000000.00,84000000.00,79000000.00,84000000.00,86000000.00,81000000.00,78000000.00,82000000.00,79000000.00,81000000.00,88000000.00,189000000.00,177000000.00,176000000.00,177000000.00,173000000.00,171000000.00,181000000.00,179000000.00,178000000.00,162000000.00,166000000.00,162000000.00,163000000.00,162000000.00,165000000.00,159000000.00,159000000.00,154000000.00,150000000.00,149000000.00,150000000.00,153000000.00,170000000.00,169000000.00,170000000.00,170000000.00,183000000.00,181000000.00,174000000.00,170000000.00,173000000.00,168000000.00,83000000.00,186000000.00,197000000.00,189000000.00,14000000.00,244000000.00,248000000.00,232000000.00,232000000.00,235000000.00,237000000.00,229000000.00,221000000.00,257000000.00,296000000.00,277000000.00,299000000.00,283000000.00,289000000.00,298000000.00,339000000.00,319000000.00,349000000.00,372000000.00,354000000.00,318000000.00,296000000.00,290000000.00,,,,
effectOfAccountingCharges,,,,,,,,,,,,,,,,,,,,,0.00,0.00,0.00,0.00,0.00,0.00,0.00,0.00,0.00,0.00,0.00,0.00,0.00,0.00,0.00,0.00,0.00,0.00,0.00,0.00,0.00,0.00,0.00,0.00,0.00,0.00,0.00,0.00,0.00,0.00,0.00,0.00,0.00,0.00,0.00,0.00,0.00,0.00,0.00,0.00,0.00,0.00,0.00,0.00,0.00,0.00,0.00,0.00,0.00,0.00,0.00,0.00,0.00,0.00,0.00,0.00,0.00,0.00,0.00,0.00,0.00,0.00,0.00,0.00,0.00,0.00,0.00,0.00,0.00,0.00,0.00,0.00,0.00,0.00,0.00,0.00,,,,
incomeBeforeTax,420000000.00,132000000.00,377000000.00,410000000.00,455000000.00,397000000.00,333000000.00,319000000.00,448000000.00,327000000.00,273000000.00,312000000.00,283000000.00,219000000.00,121000000.00,219000000.00,231000000.00,222000000.00,218000000.00,248000000.00,244000000.00,242000000.00,227000000.00,233000000.00,226000000.00,193000000.00,191000000.00,193000000.00,151000000.00,134000000.00,117000000.00,142000000.00,143000000.00,128000000.00,96000000.00,113000000.00,85000000.00,184000000.00,186000000.00,191000000.00,254000000.00,212000000.00,198000000.00,195000000.00,256000000.00,238000000.00,293000000.00,256000000.00,293000000.00,281000000.00,260000000.00,198000000.00,243000000.00,227000000.00,139000000.00,83000000.00,79000000.00,-41000000.00,-58000000.00,27000000.00,257000000.00,215000000.00,196000000.00,147000000.00,201000000.00,190000000.00,156000000.00,123000000.00,124000000.00,251000000.00,159000000.00,93000000.00,-119000000.00,129000000.00,120000000.00,124000000.00,96000000.00,133000000.00,128000000.00,83000000.00,77000000.00,-191000000.00,-324000000.00,-252000000.00,-374000000.00,-423000000.00,-327000000.00,-423000000.00,-669000000.00,-307000000.00,198000000.00,298000000.00,468000000.00,238000000.00,256000000.00,202000000.00,,,,
minorityInterest,,,,,,,,,,,,,,,,,,,,,4000000.00,4000000.00,4000000.00,4000000.00,-5000000.00,18000000.00,-12000000.00,3000000.00,12000000.00,-12000000.00,3000000.00,0.00,3000000.00,0.00,0.00,0.00,3000000.00,0.00,0.00,0.00,0.00,0.00,0.00,0.00,0.00,0.00,0.00,0.00,0.00,0.00,0.00,0.00,0.00,0.00,0.00,0.00,0.00,0.00,0.00,0.00,0.00,0.00,0.00,0.00,0.00,0.00,0.00,0.00,5000000.00,0.00,0.00,0.00,10000000.00,0.00,0.00,0.00,0.00,0.00,0.00,0.00,0.00,0.00,0.00,0.00,0.00,0.00,0.00,0.00,0.00,0.00,0.00,0.00,0.00,0.00,0.00,0.00,,,,
sellingGeneralAdministrative,,407000000.00,415000000.00,419000000.00,422000000.00,412000000.00,386000000.00,417000000.00,389000000.00,403000000.00,420000000.00,407000000.00,387000000.00,347000000.00,358000000.00,404000000.00,385000000.00,366000000.00,354000000.00,355000000.00,356000000.00,339000000.00,338000000.00,341000000.00,325000000.00,308000000.00,307000000.00,289000000.00,321000000.00,310000000.00,318000000.00,304000000.00,297000000.00,290000000.00,292000000.00,310000000.00,488000000.00,508000000.00,513000000.00,488000000.00,450000000.00,449000000.00,497000000.00,484000000.00,466000000.00,458000000.00,452000000.00,441000000.00,445000000.00,449000000.00,469000000.00,446000000.00,472000000.00,456000000.00,407000000.00,417000000.00,413000000.00,387000000.00,407000000.00,396000000.00,408000000.00,415000000.00,433000000.00,441000000.00,426000000.00,420000000.00,426000000.00,428000000.00,273000000.00,463000000.00,479000000.00,445000000.00,287000000.00,432000000.00,460000000.00,424000000.00,459000000.00,454000000.00,460000000.00,431000000.00,434000000.00,481000000.00,545000000.00,508000000.00,708000000.00,691000000.00,663000000.00,692000000.00,642000000.00,683000000.00,689000000.00,741000000.00,828000000.00,773000000.00,714000000.00,625000000.00,,,,
sellingAndMarketingExpenses,,,,,,,,,,,,,,,,,,,,,,,,,,,,,,,,,,,,,46000000.00,,,,,,,,,,,,,,,,,,,,,,,,,,,,,,,,,,,,,,,,,,,,,,,,,,,,,,,,,,,,,,,
grossProfit,915000000.00,658000000.00,924000000.00,968000000.00,1012000000.00,939000000.00,861000000.00,910000000.00,900000000.00,852000000.00,817000000.00,838000000.00,788000000.00,669000000.00,657000000.00,723000000.00,737000000.00,692000000.00,669000000.00,707000000.00,709000000.00,661000000.00,644000000.00,673000000.00,647000000.00,596000000.00,592000000.00,574000000.00,588000000.00,542000000.00,530000000.00,537000000.00,535000000.00,513000000.00,480000000.00,513000000.00,897000000.00,914000000.00,899000000.00,883000000.00,908000000.00,856000000.00,891000000.00,880000000.00,922000000.00,890000000.00,918000000.00,874000000.00,921000000.00,892000000.00,900000000.00,816000000.00,834000000.00,725000000.00,711000000.00,660000000.00,634000000.00,539000000.00,530000000.00,589000000.00,830000000.00,803000000.00,807000000.00,756000000.00,790000000.00,758000000.00,730000000.00,691000000.00,456000000.00,791000000.00,732000000.00,679000000.00,216000000.00,765000000.00,790000000.00,751000000.00,780000000.00,796000000.00,808000000.00,739000000.00,711000000.00,548000000.00,506000000.00,529000000.00,620000000.00,545000000.00,603000000.00,548000000.00,323000000.00,660000000.00,976000000.00,1392000000.00,1640000000.00,1301000000.00,1224000000.00,1086000000.00,2448000000.00,2087000000.00,2010000000.00,1786000000.00
reconciledDepreciation,,71000000.00,71000000.00,67000000.00,73000000.00,80000000.00,82000000.00,82000000.00,84000000.00,84000000.00,77000000.00,76000000.00,76000000.00,77000000.00,76000000.00,79000000.00,76000000.00,55000000.00,53000000.00,54000000.00,56000000.00,53000000.00,50000000.00,51000000.00,52000000.00,51000000.00,54000000.00,55000000.00,56000000.00,60000000.00,64000000.00,66000000.00,60000000.00,62000000.00,63000000.00,68000000.00,93000000.00,98000000.00,97000000.00,96000000.00,95000000.00,91000000.00,92000000.00,94000000.00,94000000.00,84000000.00,61000000.00,62000000.00,63000000.00,63000000.00,64000000.00,63000000.00,67000000.00,60000000.00,36000000.00,39000000.00,40000000.00,41000000.00,40000000.00,41000000.00,44000000.00,57000000.00,51000000.00,49000000.00,48000000.00,50000000.00,47000000.00,46000000.00,36000000.00,45000000.00,48000000.00,41000000.00,,64000000.00,59000000.00,63000000.00,66000000.00,70000000.00,75000000.00,81000000.00,89000000.00,91000000.00,100000000.00,82000000.00,187000000.00,180000000.00,169000000.00,199000000.00,233000000.00,196000000.00,166000000.00,139000000.00,150000000.00,146000000.00,103000000.00,96000000.00,,,,
ebit,,156000000.00,383000000.00,426000000.00,471000000.00,411000000.00,360000000.00,340000000.00,469000000.00,348000000.00,293000000.00,331000000.00,302000000.00,238000000.00,141000000.00,239000000.00,252000000.00,240000000.00,235000000.00,266000000.00,262000000.00,260000000.00,246000000.00,253000000.00,246000000.00,212000000.00,211000000.00,213000000.00,170000000.00,151000000.00,135000000.00,160000000.00,159000000.00,145000000.00,113000000.00,129000000.00,111000000.00,212000000.00,216000000.00,220000000.00,284000000.00,239000000.00,223000000.00,220000000.00,280000000.00,188000000.00,241000000.00,274000000.00,317000000.00,284000000.00,269000000.00,215000000.00,214000000.00,118000000.00,157000000.00,97000000.00,75000000.00,4000000.00,-41000000.00,12000000.00,238000000.00,213000000.00,184000000.00,130000000.00,192000000.00,165000000.00,128000000.00,94000000.00,182000000.00,98000000.00,9000000.00,-3000000.00,-85000000.00,49000000.00,44000000.00,66000000.00,82000000.00,81000000.00,94000000.00,75000000.00,35000000.00,-189000000.00,-346000000.00,-260000000.00,-400000000.00,-435000000.00,-371000000.00,-461000000.00,-647000000.00,-377000000.00,-322000000.00,260000000.00,448000000.00,182000000.00,172000000.00,140000000.00,,,,
ebitda,408000000.00,227000000.00,472000000.00,502000000.00,551000000.00,496000000.00,436000000.00,422000000.00,553000000.00,432000000.00,370000000.00,407000000.00,378000000.00,315000000.00,217000000.00,318000000.00,328000000.00,295000000.00,288000000.00,320000000.00,318000000.00,313000000.00,296000000.00,304000000.00,298000000.00,263000000.00,265000000.00,268000000.00,226000000.00,211000000.00,199000000.00,226000000.00,219000000.00,207000000.00,176000000.00,197000000.00,203000000.00,310000000.00,313000000.00,316000000.00,379000000.00,330000000.00,315000000.00,314000000.00,374000000.00,272000000.00,302000000.00,336000000.00,380000000.00,347000000.00,333000000.00,278000000.00,281000000.00,178000000.00,193000000.00,137000000.00,115000000.00,45000000.00,-1000000.00,53000000.00,282000000.00,270000000.00,235000000.00,179000000.00,240000000.00,215000000.00,175000000.00,140000000.00,218000000.00,143000000.00,57000000.00,38000000.00,-51000000.00,113000000.00,103000000.00,129000000.00,148000000.00,151000000.00,169000000.00,156000000.00,124000000.00,-98000000.00,-246000000.00,-178000000.00,-213000000.00,-255000000.00,-202000000.00,-262000000.00,-414000000.00,-181000000.00,-156000000.00,399000000.00,598000000.00,328000000.00,275000000.00,236000000.00,-5142000000.00,2087000000.00,2010000000.00,1786000000.00
depreciationAndAmortization,,71000000.00,89000000.00,76000000.00,80000000.00,85000000.00,76000000.00,82000000.00,84000000.00,84000000.00,77000000.00,76000000.00,76000000.00,77000000.00,76000000.00,79000000.00,76000000.00,55000000.00,53000000.00,54000000.00,56000000.00,53000000.00,50000000.00,51000000.00,52000000.00,51000000.00,54000000.00,55000000.00,56000000.00,60000000.00,64000000.00,66000000.00,60000000.00,62000000.00,63000000.00,68000000.00,92000000.00,98000000.00,97000000.00,96000000.00,95000000.00,91000000.00,92000000.00,94000000.00,94000000.00,84000000.00,61000000.00,62000000.00,63000000.00,63000000.00,64000000.00,63000000.00,67000000.00,60000000.00,36000000.00,40000000.00,40000000.00,41000000.00,40000000.00,41000000.00,44000000.00,57000000.00,51000000.00,49000000.00,48000000.00,50000000.00,47000000.00,46000000.00,36000000.00,45000000.00,48000000.00,41000000.00,34000000.00,64000000.00,59000000.00,63000000.00,66000000.00,70000000.00,75000000.00,81000000.00,89000000.00,91000000.00,100000000.00,82000000.00,187000000.00,180000000.00,169000000.00,199000000.00,233000000.00,196000000.00,166000000.00,139000000.00,150000000.00,146000000.00,103000000.00,96000000.00,,,,
nonOperatingIncomeNetOther,,,18000000.00,9000000.00,,5000000.00,,-36000000.00,,12000000.00,,3000000.00,3000000.00,8000000.00,39000000.00,24000000.00,2000000.00,15000000.00,19000000.00,16000000.00,13000000.00,35000000.00,31000000.00,14000000.00,13000000.00,11000000.00,10000000.00,7000000.00,-13000000.00,5000000.00,4000000.00,5000000.00,3000000.00,1000000.00,6000000.00,14000000.00,-63000000.00,-17000000.00,6000000.00,2000000.00,-1000000.00,3000000.00,10000000.00,3000000.00,4000000.00,-8000000.00,18000000.00,11000000.00,3000000.00,20000000.00,14000000.00,10000000.00,67000000.00,136000000.00,7000000.00,12000000.00,,-19000000.00,,,,,,,,,,,,,,,,,,,,,,,,,,,,,,,,,,,,,,,,,,
operatingIncome,408000000.00,133000000.00,383000000.00,426000000.00,471000000.00,411000000.00,360000000.00,376000000.00,395000000.00,336000000.00,288000000.00,328000000.00,299000000.00,230000000.00,102000000.00,215000000.00,250000000.00,225000000.00,216000000.00,250000000.00,249000000.00,225000000.00,215000000.00,239000000.00,233000000.00,201000000.00,201000000.00,206000000.00,183000000.00,146000000.00,131000000.00,155000000.00,156000000.00,144000000.00,107000000.00,115000000.00,174000000.00,229000000.00,210000000.00,218000000.00,285000000.00,236000000.00,213000000.00,217000000.00,278000000.00,270000000.00,300000000.00,271000000.00,313000000.00,281000000.00,266000000.00,211000000.00,203000000.00,115000000.00,154000000.00,94000000.00,71000000.00,-1000000.00,-47000000.00,24000000.00,252000000.00,218000000.00,191000000.00,134000000.00,190000000.00,168000000.00,131000000.00,95000000.00,100000000.00,207000000.00,112000000.00,45000000.00,-85000000.00,89000000.00,82000000.00,95000000.00,89000000.00,107000000.00,111000000.00,79000000.00,56000000.00,-190000000.00,-335000000.00,-256000000.00,-387000000.00,-429000000.00,-349000000.00,-442000000.00,-658000000.00,-342000000.00,-62000000.00,279000000.00,458000000.00,210000000.00,214000000.00,171000000.00,-5142000000.00,2087000000.00,2010000000.00,1786000000.00
otherOperatingExpenses,1280000000.00,1539000000.00,1334000000.00,1330000000.00,1378000000.00,1307000000.00,1247000000.00,1298000000.00,1265000000.00,1250000000.00,1237000000.00,1220000000.00,1184000000.00,1031000000.00,1136000000.00,1142000000.00,1117000000.00,1049000000.00,1022000000.00,1034000000.00,1045000000.00,978000000.00,991000000.00,972000000.00,956000000.00,913000000.00,901000000.00,861000000.00,928000000.00,898000000.00,888000000.00,873000000.00,879000000.00,870000000.00,856000000.00,911000000.00,1631000000.00,1537000000.00,1521000000.00,1461000000.00,1433000000.00,1416000000.00,1519000000.00,1463000000.00,1489000000.00,1453000000.00,1433000000.00,1364000000.00,1415000000.00,1410000000.00,1411000000.00,1308000000.00,1373000000.00,1269000000.00,1117000000.00,1119000000.00,1096000000.00,1058000000.00,1138000000.00,1142000000.00,1229000000.00,1226000000.00,1265000000.00,1259000000.00,1256000000.00,1206000000.00,1189000000.00,1185000000.00,653000000.00,1246000000.00,1319000000.00,1291000000.00,190000000.00,1599000000.00,1606000000.00,1563000000.00,1733000000.00,1778000000.00,1720000000.00,1564000000.00,1619000000.00,1692000000.00,1802000000.00,1668000000.00,2123000000.00,1820000000.00,1806000000.00,1868000000.00,2318000000.00,2148000000.00,2444000000.00,2562000000.00,2914000000.00,2460000000.00,2271000000.00,2075000000.00,7590000000.00,,,
interestExpense,-22000000.00,24000000.00,24000000.00,25000000.00,23000000.00,19000000.00,21000000.00,21000000.00,21000000.00,21000000.00,20000000.00,19000000.00,19000000.00,19000000.00,20000000.00,20000000.00,21000000.00,18000000.00,17000000.00,18000000.00,18000000.00,18000000.00,19000000.00,20000000.00,20000000.00,19000000.00,20000000.00,20000000.00,19000000.00,17000000.00,18000000.00,18000000.00,16000000.00,17000000.00,17000000.00,16000000.00,26000000.00,28000000.00,30000000.00,29000000.00,30000000.00,27000000.00,25000000.00,25000000.00,26000000.00,24000000.00,25000000.00,26000000.00,23000000.00,20000000.00,20000000.00,23000000.00,27000000.00,24000000.00,22000000.00,23000000.00,21000000.00,21000000.00,23000000.00,23000000.00,123000000.00,90000000.00,59000000.00,30000000.00,91000000.00,68000000.00,45000000.00,23000000.00,3000000.00,147000000.00,134000000.00,2834000000.00,194000000.00,80000000.00,76000000.00,58000000.00,14000000.00,52000000.00,34000000.00,8000000.00,42000000.00,13000000.00,22000000.00,249000000.00,25000000.00,7000000.00,38000000.00,40000000.00,571000000.00,65000000.00,533000000.00,13000000.00,20000000.00,56000000.00,84000000.00,62000000.00,,,,
taxProvision,,21000000.00,75000000.00,58000000.00,87000000.00,68000000.00,59000000.00,36000000.00,6000000.00,63000000.00,57000000.00,24000000.00,61000000.00,20000000.00,20000000.00,22000000.00,37000000.00,31000000.00,36000000.00,-256000000.00,,,,,,,,,,,,,,,,,,,,,,,,,,,,,,,,,,,,,,,,,,,,,,,,,,,,,,,,,,,,,,,,,,,,,,,,,,,,,,,,
interestIncome,,13000000.00,12000000.00,9000000.00,5000000.00,2000000.00,1000000.00,1000000.00,20000000.00,21000000.00,1000000.00,19000000.00,18000000.00,9000000.00,3000000.00,3000000.00,6000000.00,10000000.00,6000000.00,,,,,,,,,,,,,,,,,,,,,,,,,,,,,,,,,,,,,,,,,,,,,,,,,,,,,,,,,,,,,,,,,,,,,,,,,,,,,,,,,
netInterestIncome,,-11000000.00,-12000000.00,-16000000.00,-18000000.00,-17000000.00,-20000000.00,-20000000.00,-20000000.00,-21000000.00,-19000000.00,-19000000.00,-18000000.00,-18000000.00,-17000000.00,-17000000.00,-15000000.00,-8000000.00,-7000000.00,,,,,,,,,,,,,,,,,,,,,,,,,,,,,,,,,,,,,,,,,,,,,,,,,,,,,,,,,,,,,,,,,,,,,,,,,,,,,,,,,
extraordinaryItems,,,,,,,,,,,,,,,,,,,,,0.00,0.00,0.00,0.00,0.00,0.00,0.00,0.00,0.00,0.00,0.00,0.00,0.00,0.00,0.00,0.00,0.00,0.00,0.00,0.00,0.00,0.00,0.00,0.00,0.00,0.00,0.00,0.00,0.00,0.00,0.00,0.00,0.00,0.00,0.00,0.00,0.00,0.00,0.00,0.00,0.00,0.00,0.00,0.00,0.00,0.00,0.00,0.00,0.00,0.00,0.00,0.00,0.00,0.00,0.00,0.00,0.00,0.00,0.00,0.00,0.00,0.00,0.00,0.00,0.00,0.00,0.00,0.00,0.00,0.00,0.00,0.00,0.00,0.00,0.00,0.00,,,,
nonRecurring,,,,,,,,,,,,,,,,,,,,,0.00,0.00,0.00,0.00,0.00,0.00,0.00,0.00,0.00,0.00,0.00,0.00,0.00,0.00,0.00,0.00,0.00,0.00,0.00,0.00,0.00,0.00,0.00,0.00,0.00,0.00,0.00,0.00,0.00,0.00,0.00,0.00,0.00,0.00,0.00,0.00,0.00,0.00,0.00,0.00,0.00,0.00,0.00,0.00,0.00,0.00,0.00,0.00,0.00,0.00,0.00,0.00,0.00,0.00,0.00,0.00,0.00,0.00,0.00,0.00,0.00,0.00,0.00,0.00,0.00,0.00,0.00,0.00,0.00,0.00,0.00,0.00,0.00,0.00,0.00,0.00,,,,
otherItems,,,,,,,,,,,,,,,,,,,,,0.00,0.00,0.00,0.00,0.00,0.00,0.00,0.00,0.00,0.00,0.00,0.00,0.00,0.00,0.00,0.00,0.00,0.00,0.00,0.00,0.00,0.00,0.00,0.00,0.00,0.00,0.00,0.00,0.00,0.00,0.00,0.00,0.00,0.00,0.00,0.00,0.00,0.00,0.00,0.00,0.00,0.00,0.00,0.00,0.00,0.00,0.00,0.00,0.00,0.00,0.00,0.00,0.00,0.00,0.00,0.00,0.00,0.00,0.00,0.00,0.00,0.00,0.00,0.00,0.00,0.00,0.00,0.00,0.00,0.00,0.00,0.00,0.00,0.00,0.00,0.00,,,,
incomeTaxExpense,-55000000.00,21000000.00,75000000.00,58000000.00,87000000.00,68000000.00,59000000.00,36000000.00,6000000.00,63000000.00,57000000.00,24000000.00,61000000.00,20000000.00,20000000.00,22000000.00,37000000.00,31000000.00,36000000.00,-256000000.00,49000000.00,6000000.00,22000000.00,553000000.00,49000000.00,18000000.00,27000000.00,25000000.00,27000000.00,10000000.00,26000000.00,19000000.00,3000000.00,23000000.00,8000000.00,11000000.00,69000000.00,37000000.00,36000000.00,-4000000.00,43000000.00,44000000.00,32000000.00,16000000.00,-169000000.00,-5000000.00,38000000.00,26000000.00,4000000.00,-49000000.00,60000000.00,5000000.00,-49000000.00,22000000.00,31000000.00,4000000.00,54000000.00,-22000000.00,43000000.00,-37000000.00,26000000.00,46000000.00,23000000.00,27000000.00,21000000.00,5000000.00,33000000.00,-27000000.00,30000000.00,18000000.00,28000000.00,15000000.00,84000000.00,25000000.00,25000000.00,21000000.00,22000000.00,33000000.00,24000000.00,12000000.00,64000000.00,1354000000.00,-178000000.00,-140000000.00,-139000000.00,-200000000.00,-80000000.00,-106000000.00,-213000000.00,-93000000.00,115000000.00,119000000.00,163000000.00,83000000.00,90000000.00,71000000.00,-5288000000.00,1952000000.00,1853000000.00,1712000000.00
totalRevenue,1688000000.00,1672000000.00,1717000000.00,1756000000.00,1849000000.00,1718000000.00,1607000000.00,1674000000.00,1660000000.00,1586000000.00,1525000000.00,1548000000.00,1483000000.00,1261000000.00,1238000000.00,1357000000.00,1367000000.00,1274000000.00,1238000000.00,1284000000.00,1294000000.00,1203000000.00,1206000000.00,1211000000.00,1189000000.00,1114000000.00,1102000000.00,1067000000.00,1111000000.00,1044000000.00,1019000000.00,1028000000.00,1035000000.00,1014000000.00,963000000.00,1026000000.00,1805000000.00,1766000000.00,1731000000.00,1679000000.00,1718000000.00,1652000000.00,1732000000.00,1680000000.00,1767000000.00,1723000000.00,1733000000.00,1635000000.00,1728000000.00,1691000000.00,1677000000.00,1519000000.00,1576000000.00,1384000000.00,1271000000.00,1213000000.00,1167000000.00,1057000000.00,1091000000.00,1166000000.00,1481000000.00,1444000000.00,1456000000.00,1393000000.00,1446000000.00,1374000000.00,1320000000.00,1280000000.00,753000000.00,1453000000.00,1431000000.00,1336000000.00,105000000.00,1688000000.00,1688000000.00,1658000000.00,1822000000.00,1885000000.00,1831000000.00,1643000000.00,1675000000.00,1502000000.00,1467000000.00,1412000000.00,1736000000.00,1391000000.00,1457000000.00,1426000000.00,1660000000.00,1806000000.00,2382000000.00,2841000000.00,3372000000.00,2670000000.00,2485000000.00,2246000000.00,2448000000.00,2087000000.00,2010000000.00,1786000000.00
totalOperatingExpenses,507000000.00,525000000.00,541000000.00,542000000.00,541000000.00,528000000.00,501000000.00,534000000.00,505000000.00,516000000.00,529000000.00,510000000.00,489000000.00,439000000.00,555000000.00,508000000.00,487000000.00,467000000.00,453000000.00,457000000.00,460000000.00,436000000.00,429000000.00,434000000.00,414000000.00,395000000.00,391000000.00,368000000.00,405000000.00,396000000.00,399000000.00,382000000.00,379000000.00,369000000.00,373000000.00,398000000.00,723000000.00,685000000.00,689000000.00,665000000.00,623000000.00,620000000.00,678000000.00,663000000.00,644000000.00,620000000.00,618000000.00,603000000.00,608000000.00,611000000.00,634000000.00,605000000.00,631000000.00,610000000.00,557000000.00,566000000.00,563000000.00,540000000.00,577000000.00,565000000.00,578000000.00,585000000.00,616000000.00,622000000.00,600000000.00,590000000.00,599000000.00,596000000.00,356000000.00,584000000.00,620000000.00,634000000.00,301000000.00,676000000.00,708000000.00,656000000.00,691000000.00,689000000.00,697000000.00,660000000.00,655000000.00,738000000.00,841000000.00,785000000.00,1007000000.00,974000000.00,952000000.00,990000000.00,981000000.00,1002000000.00,1038000000.00,1113000000.00,1182000000.00,1091000000.00,1010000000.00,915000000.00,-7590000000.00,,,
costOfRevenue,773000000.00,1014000000.00,793000000.00,788000000.00,837000000.00,779000000.00,746000000.00,764000000.00,760000000.00,734000000.00,708000000.00,710000000.00,695000000.00,592000000.00,581000000.00,634000000.00,630000000.00,582000000.00,569000000.00,577000000.00,585000000.00,542000000.00,562000000.00,538000000.00,542000000.00,518000000.00,510000000.00,493000000.00,523000000.00,502000000.00,489000000.00,491000000.00,500000000.00,501000000.00,483000000.00,513000000.00,908000000.00,852000000.00,832000000.00,796000000.00,810000000.00,796000000.00,841000000.00,800000000.00,845000000.00,833000000.00,815000000.00,761000000.00,807000000.00,799000000.00,777000000.00,703000000.00,742000000.00,659000000.00,560000000.00,553000000.00,533000000.00,518000000.00,561000000.00,577000000.00,651000000.00,641000000.00,649000000.00,637000000.00,656000000.00,616000000.00,590000000.00,589000000.00,297000000.00,662000000.00,699000000.00,657000000.00,-111000000.00,923000000.00,898000000.00,907000000.00,1042000000.00,1089000000.00,1023000000.00,904000000.00,964000000.00,954000000.00,961000000.00,883000000.00,1116000000.00,846000000.00,854000000.00,878000000.00,1337000000.00,1146000000.00,1406000000.00,1449000000.00,1732000000.00,1369000000.00,1261000000.00,1160000000.00,,,,
totalOtherIncomeExpenseNet,12000000.00,10000000.00,-6000000.00,-16000000.00,-16000000.00,-14000000.00,-27000000.00,-37000000.00,73000000.00,12000000.00,4000000.00,3000000.00,2000000.00,7000000.00,36000000.00,21000000.00,-4000000.00,5000000.00,9000000.00,6000000.00,3000000.00,26000000.00,21000000.00,5000000.00,6000000.00,5000000.00,5000000.00,3000000.00,-16000000.00,2000000.00,1000000.00,3000000.00,2000000.00,-1000000.00,4000000.00,12000000.00,-65000000.00,-20000000.00,4000000.00,-27000000.00,-3000000.00,1000000.00,9000000.00,1000000.00,2000000.00,-10000000.00,16000000.00,8000000.00,-1000000.00,17000000.00,11000000.00,6000000.00,56000000.00,133000000.00,4000000.00,9000000.00,25000000.00,-24000000.00,6000000.00,12000000.00,14000000.00,5000000.00,7000000.00,4000000.00,-2000000.00,3000000.00,3000000.00,1000000.00,-82000000.00,109000000.00,103000000.00,949000000.00,8000000.00,40000000.00,38000000.00,29000000.00,7000000.00,26000000.00,17000000.00,4000000.00,21000000.00,-1000000.00,11000000.00,4000000.00,13000000.00,6000000.00,22000000.00,19000000.00,-11000000.00,35000000.00,260000000.00,19000000.00,10000000.00,28000000.00,42000000.00,31000000.00,,,,
discontinuedOperations,,,,,,,,,,,,,,,,,,,,,0.00,0.00,0.00,0.00,0.00,0.00,0.00,0.00,0.00,0.00,0.00,0.00,-37000000.00,-2000000.00,-5000000.00,-30000000.00,317000000.00,0.00,0.00,0.00,0.00,0.00,0.00,0.00,0.00,0.00,0.00,0.00,0.00,0.00,0.00,0.00,0.00,0.00,0.00,0.00,0.00,0.00,0.00,0.00,0.00,0.00,0.00,0.00,0.00,0.00,0.00,0.00,0.00,0.00,0.00,0.00,0.00,0.00,0.00,0.00,0.00,0.00,0.00,0.00,0.00,0.00,0.00,0.00,0.00,0.00,0.00,0.00,0.00,0.00,0.00,0.00,0.00,0.00,0.00,0.00,,,,
netIncomeFromContinuingOps,,111000000.00,302000000.00,352000000.00,368000000.00,329000000.00,274000000.00,283000000.00,442000000.00,264000000.00,216000000.00,288000000.00,222000000.00,199000000.00,101000000.00,197000000.00,194000000.00,191000000.00,182000000.00,504000000.00,195000000.00,236000000.00,205000000.00,-320000000.00,177000000.00,175000000.00,164000000.00,168000000.00,124000000.00,124000000.00,91000000.00,123000000.00,143000000.00,105000000.00,88000000.00,102000000.00,23000000.00,147000000.00,139000000.00,195000000.00,211000000.00,168000000.00,166000000.00,179000000.00,373000000.00,243000000.00,255000000.00,282000000.00,289000000.00,330000000.00,200000000.00,193000000.00,292000000.00,205000000.00,108000000.00,79000000.00,0.00,-19000000.00,0.00,0.00,0.00,0.00,0.00,0.00,0.00,0.00,0.00,0.00,0.00,0.00,0.00,0.00,0.00,0.00,0.00,0.00,0.00,0.00,0.00,0.00,0.00,0.00,0.00,0.00,0.00,0.00,0.00,0.00,0.00,0.00,0.00,0.00,0.00,0.00,0.00,0.00,,,,
netIncomeApplicableToCommonShares,,111000000.00,302000000.00,352000000.00,368000000.00,329000000.00,274000000.00,283000000.00,442000000.00,264000000.00,216000000.00,288000000.00,222000000.00,199000000.00,101000000.00,197000000.00,194000000.00,191000000.00,182000000.00,504000000.00,195000000.00,236000000.00,205000000.00,-320000000.00,177000000.00,175000000.00,164000000.00,168000000.00,126000000.00,122000000.00,91000000.00,123000000.00,143000000.00,103000000.00,83000000.00,72000000.00,23000000.00,147000000.00,139000000.00,195000000.00,211000000.00,168000000.00,166000000.00,179000000.00,373000000.00,243000000.00,255000000.00,282000000.00,289000000.00,330000000.00,200000000.00,193000000.00,292000000.00,205000000.00,108000000.00,79000000.00,25000000.00,-19000000.00,-64000000.00,64000000.00,231000000.00,169000000.00,173000000.00,120000000.00,180000000.00,185000000.00,123000000.00,150000000.00,126000000.00,216000000.00,121000000.00,974000000.00,87000000.00,54000000.00,53000000.00,51000000.00,74000000.00,100000000.00,104000000.00,71000000.00,13000000.00,0.00,0.00,0.00,0.00,0.00,0.00,0.00,0.00,-89000000.00,89000000.00,174000000.00,301000000.00,143000000.00,140000000.00,88000000.00,,,,
preferredStockAndOtherAdjustments,,,,,,,,,,,,,,,,,,,,,,,,,,,,,,,,,,,,,,,,,,,,,,,,,,,,,,,,,,,,,,,,,,,,,,,,,,,,,,,,,,,,,,,,,,,,,,,,,,,,
