,2023-09-30,2023-06-30,2023-03-31,2022-12-31,2022-09-30,2022-06-30,2022-03-31,2021-12-31,2021-09-30,2021-06-30,2021-03-31,2020-12-31,2020-09-30,2020-06-30,2020-03-31,2019-12-31,2019-09-30,2019-06-30,2019-03-31,2018-12-31,2018-09-30,2018-06-30,2018-03-31,2017-12-31,2017-09-30,2017-06-30,2017-03-31,2016-12-31,2016-09-30,2016-06-30,2016-03-31,2015-12-31,2015-09-30,2015-06-30,2015-03-31,2014-12-31,2014-09-30,2014-06-30,2014-03-31,2013-12-31
date,2023-09-30,2023-06-30,2023-03-31,2022-12-31,2022-09-30,2022-06-30,2022-03-31,2021-12-31,2021-09-30,2021-06-30,2021-03-31,2020-12-31,2020-09-30,2020-06-30,2020-03-31,2019-12-31,2019-09-30,2019-06-30,2019-03-31,2018-12-31,2018-09-30,2018-06-30,2018-03-31,2017-12-31,2017-09-30,2017-06-30,2017-03-31,2016-12-31,2016-09-30,2016-06-30,2016-03-31,2015-12-31,2015-09-30,2015-06-30,2015-03-31,2014-12-31,2014-09-30,2014-06-30,2014-03-31,2013-12-31
filing_date,2023-11-14,2023-08-10,2023-05-12,2023-03-16,2022-11-14,2022-08-05,2022-05-05,2022-03-17,2021-11-08,2021-08-06,2021-05-07,2021-03-24,2020-11-12,2020-08-07,2020-05-12,2020-03-16,2019-11-12,2019-08-09,2019-05-09,2019-03-08,2018-11-07,2018-08-08,2018-05-09,2018-03-09,2017-11-07,2017-08-04,2017-05-03,2017-03-14,2016-11-04,2016-08-05,2016-05-13,2016-03-24,2015-12-16,2015-06-30,2015-03-31,2014-12-31,2014-09-30,2014-06-30,2014-03-31,
currency_symbol,USD,USD,USD,USD,USD,USD,USD,USD,USD,USD,USD,USD,USD,USD,USD,USD,USD,USD,USD,USD,USD,USD,USD,USD,USD,USD,USD,USD,USD,USD,USD,USD,USD,USD,USD,USD,USD,USD,USD,USD
totalAssets,926382000.00,933513000.00,942886000.00,927690000.00,986761000.00,1120015000.00,1284192000.00,1203336000.00,1434233000.00,1207951000.00,1171266000.00,1174545000.00,1100611000.00,926624000.00,904091000.00,1018443000.00,993125000.00,1004160000.00,994696000.00,950856000.00,1020989000.00,998928000.00,955343000.00,1006915000.00,979519000.00,926837000.00,917633000.00,952603000.00,924811000.00,802927000.00,812700000.00,836748000.00,730869000.00,766623000.00,696041000.00,754694000.00,,,,588720000.00
intangibleAssets,,,,,,,,,,,,,,,,,119000.00,119000.00,119000.00,0.00,3519000.00,3519000.00,3422000.00,3422000.00,3422000.00,3422000.00,3422000.00,3422000.00,3422000.00,3422000.00,3254000.00,3254000.00,3254000.00,3254000.00,3254000.00,3254000.00,,,,3254000.00
earningAssets,,,,,,,,,,,,,,,,,,,,,,,,,,,,,,,,,,,,,,,,
otherCurrentAssets,,,,-186001000.00,4659000.00,175420000.00,175151000.00,175109000.00,175085000.00,175076000.00,175074000.00,175040000.00,175002000.00,774000.00,334000.00,514000.00,356000.00,661000.00,630000.00,868000.00,425000.00,332481.47,745000.00,,,,,,,,,,,,,,,,,
totalLiab,30713000.00,33946000.00,29652000.00,27301000.00,97728000.00,30831000.00,160684000.00,65534000.00,303252000.00,78917000.00,60450000.00,66328000.00,42280000.00,26759000.00,37379000.00,69743000.00,54629000.00,70304000.00,54911000.00,34808000.00,46045000.00,35685000.00,16945000.00,42538000.00,39192000.00,35832000.00,31752000.00,74351000.00,22743000.00,44014000.00,44681000.00,79461000.00,95292000.00,107582000.00,66311000.00,103433000.00,,,,85239000.00
totalStockholderEquity,895669000.00,899567000.00,906001000.00,890196000.00,879255000.00,887294000.00,920039000.00,935346000.00,931188000.00,932465000.00,913295000.00,901389000.00,854167000.00,852687000.00,820803000.00,897337000.00,888797000.00,884188000.00,889004000.00,866248000.00,923825000.00,911936000.00,887794000.00,918147000.00,898208000.00,886920000.00,881831000.00,874022000.00,898069000.00,754984000.00,764267000.00,751549000.00,629559000.00,653098000.00,624211000.00,582927000.00,,,,495375000.00
deferredLongTermLiab,,,,,,,,,,,,,,,,,,0.00,0.00,0.00,0.00,0.00,0.00,0.00,0.00,0.00,0.00,0.00,0.00,0.00,0.00,0.00,0.00,,,,,,,
otherCurrentLiab,12872000.00,13016000.00,10875000.00,16643000.00,38191000.00,14247000.00,18860000.00,38010000.00,40777000.00,42709000.00,33260000.00,42261000.00,21010000.00,9627000.00,11138000.00,38435000.00,18597000.00,14947000.00,17118000.00,19723000.00,-12813000.00,-5698000.00,902000.00,23526000.00,16712000.00,16610000.00,18065000.00,61971000.00,16979000.00,18472000.00,24416000.00,19190000.00,40350000.00,47591000.00,46317000.00,48139000.00,,,,
commonStock,25000.00,25000.00,25000.00,25000.00,25000.00,25000.00,25000.00,25000.00,25000.00,25000.00,25000.00,25000.00,25000.00,25000.00,25000.00,19000.00,25000.00,25000.00,25000.00,25000.00,25000.00,25000.00,25000.00,25000.00,25000.00,25000.00,25000.00,25000.00,25000.00,25000.00,25000.00,25000.00,0.00,,,573749000.00,,,,
capitalStock,,25000.00,25000.00,25000.00,25000.00,25000.00,25000.00,25000.00,25000.00,25000.00,,,,,,,,,,,,,,,,,,,,,,,,,,,,,,
retainedEarnings,34047000.00,34063000.00,32880000.00,15126000.00,3661000.00,20159000.00,52249000.00,68435000.00,61212000.00,59709000.00,32204000.00,13649000.00,-35241000.00,-41056000.00,-74056000.00,-701000.00,-11723000.00,-17674000.00,-16742000.00,-39889000.00,426000.00,7805000.00,-1717000.00,13800000.00,364000.00,-1155000.00,-5751000.00,7327000.00,6102000.00,2150000.00,1131000.00,2072000.00,0.00,,,2072000.00,,,,
otherLiab,,,,,36663000.00,12066000.00,16508000.00,25855000.00,23432000.00,30651000.00,15651000.00,28880000.00,14025000.00,6850000.00,6302000.00,22729000.00,12066000.00,9938000.00,8646000.00,15206071.00,7392000.00,1401482.24,3464000.00,5257000.00,2927000.00,5446000.00,7568000.00,37317000.00,6466000.00,6369000.00,4745000.00,1466000.00,25215000.00,24958000.00,24379000.00,31776000.00,,,,46595000.00
goodWill,3519000.00,3519000.00,3519000.00,3519000.00,3519000.00,3519000.00,3519000.00,3519000.00,3519000.00,3519000.00,3519000.00,3519000.00,3519000.00,3519000.00,3519000.00,3519000.00,3519000.00,3519000.00,3519000.00,3519000.00,3400000.00,868898.54,3422000.00,3422000.00,3422000.00,3422000.00,3422000.00,3422000.00,3422000.00,3422000.00,3254000.00,3254000.00,3254000.00,3254000.00,3254000.00,3254000.00,,,,3254000.00
otherAssets,,534011000.00,,,534969000.00,555481000.00,851758000.00,636089000.00,1434233000.00,935161000.00,888022000.00,1131517000.00,208064000.00,31303000.00,41158000.00,15658000.00,4403000.00,2998000.00,6871000.00,20194000.00,4037000.00,568361.87,3675000.00,158727000.00,149183000.00,144975000.00,135694000.00,140173000.00,134988000.00,125641000.00,117671000.00,109835000.00,105158000.00,114387000.00,112717000.00,130078000.00,,,,102033000.00
cash,384214000.00,382382000.00,401776000.00,404463000.00,421933000.00,344258000.00,348629000.00,380044000.00,619772000.00,344264000.00,279725000.00,383962000.00,47331000.00,74405000.00,358594000.00,348588000.00,350934000.00,361564000.00,396020000.00,409564000.00,348887000.00,273770000.00,283972000.00,293112000.00,242302000.00,319528000.00,307651000.00,314093000.00,402403000.00,194726000.00,203239000.00,205750000.00,363055000.00,361082000.00,320373000.00,285530000.00,,,,199536000.00
cashAndEquivalents,384214000.00,381387000.00,396828000.00,404463000.00,288178000.00,344258000.00,348629000.00,319048000.00,569776000.00,269271000.00,,,,,,,,,,,,,,,,,,,,,,,,,,,,,,
totalCurrentLiabilities,18490000.00,22933000.00,26083000.00,24427000.00,94547000.00,26354000.00,152727000.00,47349000.00,284059000.00,54943000.00,43748000.00,48757000.00,29453000.00,16926000.00,19957000.00,53324000.00,29154000.00,24294000.00,37793000.00,25234000.00,23692000.00,22353000.00,11734000.00,36807000.00,30133000.00,26731000.00,24233000.00,64367000.00,18528000.00,37444000.00,36667000.00,69838000.00,89715000.00,96476000.00,56444000.00,91536000.00,,,,
currentDeferredRevenue,,,,,,,,,,,,,,,,,,,-13866000.00,,827000.00,1685000.00,,,,,,,,,,,,,,,,,,
netDebt,-384214000.00,-382382000.00,-401776000.00,-404463000.00,-421933000.00,-344258000.00,-348629000.00,-380044000.00,-619772000.00,-344264000.00,-279725000.00,-383962000.00,-47331000.00,-64572000.00,-341938000.00,-332288000.00,-325532000.00,-315806000.00,-378902000.00,-400079000.00,-326534000.00,-260438000.00,-278761000.00,-287712000.00,-233702000.00,-310428000.00,-300151000.00,-304093000.00,-398203000.00,-188126000.00,-193839000.00,-194950000.00,-356255000.00,-349982000.00,-320373000.00,-285530000.00,,,,
shortTermDebt,5090000.00,3927000.00,3569000.00,2874000.00,3181000.00,3569000.00,5812000.00,12905000.00,13603000.00,16466000.00,16702000.00,17571000.00,12827000.00,9833000.00,16656000.00,16300000.00,25402000.00,45758000.00,17118000.00,0.00,22353000.00,13332000.00,5211000.00,,,,,,,,,,,,,16000000.00,,,,
shortLongTermDebt,,,,,,,,,,,,,,,,,,0.00,0.00,0.00,0.00,0.00,,,,,,,,,,,,,,16000000.00,,,,
shortLongTermDebtTotal,,,,,,,,,,,,,,9833000.00,16656000.00,16300000.00,25402000.00,45758000.00,17118000.00,9485000.00,22353000.00,13332000.00,5211000.00,5400000.00,8600000.00,9100000.00,7500000.00,10000000.00,4200000.00,6600000.00,9400000.00,10800000.00,6800000.00,11100000.00,,,,,,
otherStockholderEquity,861597000.00,865479000.00,873096000.00,875045000.00,875569000.00,867110000.00,867765000.00,866886000.00,869951000.00,872731000.00,881066000.00,887715000.00,889383000.00,893718000.00,894834000.00,897108000.00,900495000.00,901837000.00,905721000.00,906112000.00,923374000.00,904106000.00,889486000.00,897610000.00,882301000.00,874218000.00,875671000.00,865353000.00,899575000.00,751106000.00,747180000.00,748956000.00,624792000.00,643726000.00,614895000.00,573749000.00,,,,
propertyPlantEquipment,,,,,,,,17190000.00,,,,17530000.00,,,,,,0.00,0.00,0.00,0.00,0.00,0.00,39000.00,0.00,0.00,0.00,19000.00,0.00,0.00,0.00,0.00,0.00,,,,,,,
totalCurrentAssets,422988000.00,420220000.00,423084000.00,433179000.00,454694000.00,576446000.00,707294000.00,616040000.00,845409000.00,567906000.00,563648000.00,598952000.00,581567000.00,416070000.00,378781000.00,402786000.00,376661000.00,387612000.00,432542000.00,455463000.00,369021000.00,297782000.00,306468000.00,358870000.00,262662000.00,336010000.00,322545000.00,345043000.00,432059000.00,224460000.00,232200000.00,275489000.00,417843000.00,419352000.00,341659000.00,364484000.00,,,,
longTermInvestments,481511000.00,150075000.00,155309000.00,472293000.00,509920000.00,296082000.00,553874000.00,562095000.00,49996000.00,693631000.00,75000000.00,544485000.00,330942000.00,797209000.00,481478000.00,605040000.00,600147000.00,602712000.00,557644000.00,490156000.00,87269000.00,99714000.00,92523000.00,281543000.00,130737000.00,130034000.00,129990000.00,351893000.00,125070000.00,,162807000.00,318097000.00,,,,148550000.00,,,,
netTangibleAssets,,903134000.00,909715000.00,896870000.00,875736000.00,887294000.00,1121840000.00,935346000.00,931188000.00,929387000.00,1104846000.00,895419000.00,1052740000.00,848265000.00,816333000.00,892907000.00,885278000.00,880669000.00,885485000.00,912529000.00,971425000.00,959724000.00,934976000.00,960955000.00,936905000.00,887583000.00,882459000.00,874830000.00,898646000.00,751562000.00,761767000.00,751680000.00,,,,579673000.00,,,,
shortTermInvestments,,995000.00,4948000.00,186001000.00,133755000.00,24979000.00,266178000.00,60996000.00,49996000.00,74993000.00,75000000.00,344453000.00,330942000.00,319376000.00,,,-447694000.00,-455524000.00,-407081000.00,-348690000.00,-497966000.00,-552426000.00,-501032000.00,-498228000.00,-565703000.00,-434985000.00,-453168000.00,-472195000.00,-359740000.00,-456752000.00,-460773000.00,-438675000.00,-193844000.00,-215526000.00,-227774000.00,-328241000.00,,,,
netReceivables,38774000.00,37838000.00,21308000.00,28716000.00,32761000.00,31789000.00,183514000.00,60887000.00,50552000.00,48566000.00,33849000.00,39950000.00,28292000.00,22289000.00,20187000.00,54198000.00,25727000.00,26048000.00,36522000.00,45899000.00,20134000.00,24012000.00,22496000.00,65758000.00,20360000.00,16482000.00,14894000.00,30950000.00,29656000.00,29734000.00,28961000.00,69739000.00,54788000.00,58270000.00,21286000.00,78954000.00,,,,
longTermDebt,,,,,,908000.00,2145000.00,5280000.00,5590000.00,7508000.00,,,,,,,,0.00,0.00,0.00,0.00,0.00,0.00,0.00,0.00,0.00,0.00,0.00,0.00,0.00,0.00,0.00,0.00,,,,,,,
inventory,,,,,,,,,,,,,,,,,,0.00,0.00,0.00,0.49,18990.24,501194000.00,498551000.00,567674000.00,445852000.00,459394000.00,474442000.00,357764000.00,453665000.00,463542000.00,452300000.00,207868000.00,232884000.00,241665000.00,260132000.00,,,,232224000.00
accountsPayable,5618000.00,9917000.00,15208000.00,7784000.00,56356000.00,12107000.00,133867000.00,9339000.00,243282000.00,12234000.00,10488000.00,6496000.00,8443000.00,7299000.00,8819000.00,14889000.00,10557000.00,9347000.00,17423000.00,5511000.00,13325000.00,13034000.00,5621000.00,13281000.00,13421000.00,10121000.00,6168000.00,2396000.00,1549000.00,18972000.00,12251000.00,50648000.00,49365000.00,48885000.00,10127000.00,43397000.00,,,,10001000.00
totalPermanentEquity,,,,,,,,,,,,,,,,,,0.00,0.00,0.00,0.87,30647.94,881831000.00,751549000.00,898069000.00,754984000.00,751549000.00,582927000.00,582927000.00,582927000.00,0.00,0.00,0.00,,,,,,,
noncontrollingInterestInConsolidatedEntity,,,,,,-1437000.00,-1851000.00,-1756000.00,-797000.00,-441000.00,2451000.00,2451000.00,2072000.00,903000.00,951000.00,1003000.00,,0.00,0.00,0.00,0.00,0.00,0.00,0.00,0.00,0.00,0.00,0.00,0.00,0.00,2998000.00,2353000.00,0.00,,,,,,,
temporaryEquityRedeemableNoncontrollingInterests,,,,,,,,,,,,,,,,,,0.00,0.00,0.00,0.00,0.00,0.00,0.00,0.00,0.00,0.00,0.00,0.00,0.00,0.00,0.00,0.00,,,,,,,
accumulatedOtherComprehensiveIncome,,,,,,,,,,,,,,,,905000.00,,0.00,0.00,0.00,0.01,477.97,7000000.00,6712000.00,15518000.00,13832000.00,11886000.00,1317000.00,-7633000.00,1703000.00,12933000.00,-1954000.00,4767000.00,9372000.00,9316000.00,9178000.00,,,,
additionalPaidInCapital,,,,,,,,,,,,,,,,,,0.00,0.00,0.00,0.99,34831.57,1007471000.00,1010505000.00,1009852000.00,1007990000.00,1007471000.00,0.00,1006502000.00,1005150000.00,0.00,0.00,0.00,,,,,,,
commonStockTotalEquity,,,,25000.00,25000.00,25000.00,25000.00,25000.00,25000.00,25000.00,25000.00,25000.00,25000.00,25000.00,25000.00,19000.00,25000.00,25000.00,25000.00,25000.00,25000.00,25000.00,25000.00,25000.00,25000.00,25000.00,25000.00,25000.00,25000.00,25000.00,25000.00,25000.00,0.00,,,,,,,
preferredStockTotalEquity,,,,,,,,,,,,,,,,,,0.00,0.00,0.00,0.00,0.00,0.00,0.00,0.00,0.00,0.00,0.00,0.00,0.00,0.00,0.00,0.00,,,,,,,
retainedEarningsTotalEquity,,,,15126000.00,3661000.00,20159000.00,52249000.00,68435000.00,61212000.00,59709000.00,32204000.00,13649000.00,-35241000.00,-41056000.00,-74056000.00,-701000.00,-11723000.00,-17674000.00,-16742000.00,-39889000.00,426000.00,7805000.00,-1717000.00,13800000.00,364000.00,-1155000.00,-5751000.00,7327000.00,6102000.00,2150000.00,1131000.00,2072000.00,0.00,,,,,,,
treasuryStock,,,,-124002000.00,-123478000.00,-123037000.00,-121720000.00,-121427000.00,-121270000.00,-119874000.00,-117981000.00,-113783000.00,-111736000.00,-110635000.00,-109567000.00,-106342000.00,-105570000.00,-104228000.00,-102598000.00,-102207000.00,-87203000.00,-86471000.00,-81091000.00,-62895000.00,-57551000.00,-53772000.00,-41800000.00,-41674000.00,-6927000.00,-4044000.00,-2464000.00,-44000.00,0.00,,,,,,,
accumulatedAmortization,,,,,,,,,,,,,,,,,,0.00,0.00,0.00,0.00,0.00,,,,,,,,,,,,,,,,,,
nonCurrrentAssetsOther,18364000.00,18102000.00,20432000.00,18699000.00,18628000.00,13010000.00,19505000.00,25201000.00,22879000.00,21407000.00,20732000.00,28901000.00,21043000.00,21704000.00,21704000.00,10617000.00,8395000.00,10838000.00,4510000.00,4568000.00,4037000.00,2224000.00,3675000.00,481000.00,4667000.00,11730000.00,2214000.00,298000.00,3368000.00,3947000.00,3811000.00,654000.00,4136000.00,2186000.00,2523000.00,19178000.00,,,,
deferredLongTermAssetCharges,,,,,,,,,,,,,,,,,,0.00,0.00,0.00,0.00,0.00,,,,,,,,,,,,,,,,,,
nonCurrentAssetsTotal,503394000.00,513293000.00,519802000.00,494511000.00,532067000.00,543569000.00,576898000.00,587296000.00,588824000.00,640045000.00,607618000.00,575593000.00,519044000.00,510554000.00,525310000.00,615657000.00,616464000.00,616548000.00,562154000.00,495393000.00,651968000.00,701146000.00,648875000.00,648045000.00,716857000.00,590827000.00,595088000.00,607560000.00,492752000.00,578467000.00,580500000.00,561259000.00,313026000.00,347271000.00,354382000.00,390210000.00,,,,
capitalLeaseObligations,,,,,,,,,,,,,,,,,,0.00,0.00,0.00,0.00,0.00,,,,,,,,,,,,,,,,,,
longTermDebtTotal,,0.00,0.00,0.00,0.00,908000.00,2145000.00,5280000.00,5590000.00,7508000.00,,,,,,,,0.00,0.00,0.00,0.00,0.00,,,,,,,,,,,,,,,,,,
nonCurrentLiabilitiesOther,5090000.00,3927000.00,3569000.00,2874000.00,3181000.00,9694000.00,11937000.00,12905000.00,19728000.00,16466000.00,22827000.00,17571000.00,18952000.00,9833000.00,17422000.00,16419000.00,25475000.00,46010000.00,17118000.00,13151000.00,23180000.00,15017000.00,5211000.00,11215000.00,13405000.00,12600000.00,12025000.00,16962000.00,6229000.00,,22792000.00,16421000.00,,,,,,,,
nonCurrentLiabilitiesTotal,12223000.00,11013000.00,3569000.00,2874000.00,3181000.00,4477000.00,7957000.00,18185000.00,19193000.00,23974000.00,16702000.00,17571000.00,12827000.00,9833000.00,17422000.00,16419000.00,25475000.00,46010000.00,17118000.00,9574000.00,22353000.00,13332000.00,5211000.00,5731000.00,9059000.00,9101000.00,7519000.00,9984000.00,4215000.00,6570000.00,8014000.00,9623000.00,5577000.00,11106000.00,9867000.00,11897000.00,,,,
negativeGoodwill,,,,,,,,,,,,,,,,,,0.00,0.00,0.00,0.00,0.00,,,,,,,,,,,,,,,,,,
warrants,,7086000.00,7233000.00,10193000.00,9778000.00,203327000.00,205320000.00,202456000.00,199793000.00,196569000.00,195070000.00,206828000.00,204164000.00,47178000.00,45909000.00,50385000.00,49699000.00,49668000.00,50781000.00,49800000.00,51119000.00,51307000.00,50604000.00,46230000.00,42119000.00,4085000.00,4050000.00,4230000.00,3999000.00,,3752000.00,5738000.00,,,,,,,,
preferredStockRedeemable,,,,,,,,,,,,,,,,,,0.00,0.00,0.00,0.00,0.00,,,,,,,,,,,,,,,,,,
capitalSurpluse,,999047000.00,999047000.00,999047000.00,999047000.00,990147000.00,989485000.00,990069000.00,992018000.00,993046000.00,999047000.00,999047000.00,999047000.00,1003450000.00,1003450000.00,1003450000.00,1006065000.00,1006065000.00,1008319000.00,1008319000.00,1010577000.00,1010577000.00,1010577000.00,1010505000.00,1009852000.00,1007990000.00,1007471000.00,1007027000.00,1006502000.00,,999644000.00,999000000.00,,,,,,,,
liabilitiesAndStockholdersEquity,926382000.00,933513000.00,942886000.00,927690000.00,986761000.00,1120015000.00,1284192000.00,1203336000.00,1434233000.00,1207951000.00,1171266000.00,1174545000.00,1100611000.00,926624000.00,904091000.00,1018443000.00,993125000.00,1004160000.00,994696000.00,950856000.00,1020989000.00,998928000.00,955343000.00,1006915000.00,979519000.00,926837000.00,917633000.00,952603000.00,924811000.00,802927000.00,812700000.00,836748000.00,730869000.00,766623000.00,696041000.00,754694000.00,,,,
cashAndShortTermInvestments,384214000.00,382382000.00,401776000.00,404463000.00,421933000.00,369237000.00,348629000.00,380044000.00,619772000.00,344264000.00,354725000.00,383962000.00,378273000.00,393781000.00,358594000.00,348588000.00,350934000.00,361564000.00,396020000.00,409564000.00,348887000.00,273770000.00,283972000.00,293112000.00,242302000.00,319528000.00,307651000.00,314093000.00,402403000.00,194726000.00,203239000.00,205750000.00,363055000.00,361082000.00,320373000.00,285530000.00,,,,
propertyPlantAndEquipmentGross,,,,,,,,,,,,,,,,,,0.00,0.00,0.00,0.00,0.00,,,,,,,,,,,,,,,,,,
propertyPlantAndEquipmentNet,,,,,,,-3703000.00,-12094000.00,-15925000.00,-17889000.00,-13181000.00,-3519000.00,-3519000.00,-3519000.00,-3519000.00,-5523000.00,,-3519000.00,-10390000.00,-12941000.00,-827000.00,-1685000.00,-1241000.00,,-4346000.00,-3499000.00,-4506000.00,,-2014000.00,-9513000.00,-16611000.00,,-12086000.00,,,,,,,
accumulatedDepreciation,,,,,,,,,,,,,,,,,,0.00,0.00,0.00,0.00,0.00,,,,,,,,,,,,,,,,,,
netWorkingCapital,404498000.00,397287000.00,397001000.00,408752000.00,360147000.00,550092000.00,554567000.00,568691000.00,561350000.00,437970000.00,444900000.00,202558000.00,215693000.00,77667000.00,357979000.00,,,,,,,,,,,,,,,,,,,,,,,,,
netInvestedCapital,895669000.00,899567000.00,906001000.00,890196000.00,879255000.00,887294000.00,920039000.00,937102000.00,931985000.00,932906000.00,913295000.00,898938000.00,852095000.00,851784000.00,819852000.00,,,,,,,,,,,,,,,,,,,,,,,,,
commonStockSharesOutstanding,21672000.00,21870000.00,21970000.00,21998000.00,22010000.00,22036000.00,22054000.00,22059000.00,22084000.00,22118000.00,22222000.00,22304000.00,22354000.00,22378000.00,22441000.00,22487000.00,22514000.00,22552000.00,22584000.00,22721000.00,22979000.00,23080000.00,23508000.00,23691000.00,23841000.00,24041000.00,23829000.00,25119000.00,25219000.00,25189000.00,25177000.00,25170000.00,25500000.00,25500000.00,25386000.00,25386000.00,25386000.00,25386000.00,25386000.00,
investments,,1248000.00,-572000.00,151000.00,-479000.00,-1092000.00,-1773000.00,12031000.00,47652000.00,4892000.00,710000.00,2720000.00,-166776000.00,591000.00,477000.00,-1788000.00,265000.00,628000.00,1766000.00,-25392000.00,-10264000.00,-2623051.37,15000000.00,-3734000.00,-481000.00,-751000.00,-2080000.00,-4115000.00,-3414000.00,816000.00,-219000.00,-41734000.00,,,,3839000.00,,,,
changeToLiabilities,,,,,0.00,0.00,0.00,0.00,0.00,0.00,0.00,0.00,0.00,0.00,0.00,0.00,0.00,0.00,0.00,0.00,0.00,0.00,0.00,0.00,0.00,0.00,-51041000.00,0.00,-15840000.00,1078000.00,,44516000.00,43232000.00,42753000.00,,33396000.00,,,,
totalCashflowsFromInvestingActivities,,1248000.00,-572000.00,151000.00,3116000.00,-1092000.00,-1773000.00,12031000.00,47652000.00,4892000.00,710000.00,2720000.00,-166776000.00,591000.00,-10607000.00,-1467000.00,265000.00,-6193000.00,2337000.00,-10264000.00,-10264000.00,-2623051.37,15000000.00,-18734000.00,25000.00,-343000.00,-1657000.00,-4115000.00,-2554000.00,860000.00,44000.00,-41734000.00,0.00,,,3839000.00,,,,29402000.00
netBorrowings,,,,,,,,,,,,,,,,,,-2000.00,-2000.00,-2000.00,20000000.00,20000000.00,10000000.00,50000000.00,10000000.00,10000000.00,10000000.00,150000000.00,150000000.00,150000000.00,,-16000000.00,,,,-10000000.00,,,,
totalCashFromFinancingActivities,,-9881000.00,-5177000.00,-31725000.00,-440000.00,-4231000.00,-779000.00,-3336000.00,-3557000.00,-3439000.00,-4062000.00,-3262000.00,163411000.00,-3196000.00,-6004000.00,-1373000.00,-2085000.00,-4950000.00,-3176000.00,-1422000.00,18932000.00,11978000.00,5201000.00,15669000.00,44431000.00,-4360000.00,9633000.00,-34497000.00,144613000.00,-1616000.00,-2628000.00,-44601000.00,-11485000.00,27685000.00,37682000.00,-36072000.00,79589000.00,41772000.00,55508000.00,
changeToOperatingActivities,,,,,44479000.00,36629000.00,-22011000.00,-225530000.00,221488000.00,1657000.00,-13533000.00,7791000.00,7791000.00,754000.00,-6844000.00,9797000.00,-4974000.00,-13798000.00,11272000.00,8136000.00,8628000.00,1412215.69,6978000.00,-55241000.00,-3893000.00,-3296000.00,24625000.00,22788000.00,79992000.00,-9697000.00,,29849000.00,,,,-23499000.00,,,,
changeInCash,-16498000.00,-12822000.00,177843000.00,-71568000.00,-57154000.00,-4609000.00,26006000.00,-241182000.00,300505000.00,-10454000.00,240216000.00,-7822000.00,-27074000.00,-284189000.00,10006000.00,-2346000.00,-10430000.00,-34656000.00,-13544000.00,60877000.00,75117000.00,-10202000.00,-9140000.00,50810000.00,-77226000.00,11877000.00,-6442000.00,-88310000.00,207677000.00,-8513000.00,-2511000.00,-157305000.00,1973000.00,40709000.00,34843000.00,-60709000.00,49815000.00,64967000.00,31921000.00,
beginPeriodCashFlow,386290000.00,399112000.00,221269000.00,292837000.00,349991000.00,354600000.00,328594000.00,569776000.00,269271000.00,279725000.00,39509000.00,47331000.00,74405000.00,358594000.00,348588000.00,351134000.00,361564000.00,396220000.00,409764000.00,348887000.00,273770000.00,283972000.00,293112000.00,242302000.00,319528000.00,307651000.00,314093000.00,402403000.00,194726000.00,203239000.00,205750000.00,363055000.00,361082000.00,320373000.00,285530000.00,346239000.00,296424000.00,231457000.00,199536000.00,
endPeriodCashFlow,-16498000.00,386290000.00,399112000.00,221269000.00,292837000.00,349991000.00,354600000.00,328594000.00,569776000.00,269271000.00,279725000.00,39509000.00,47331000.00,74405000.00,358594000.00,348788000.00,351134000.00,361564000.00,396220000.00,409764000.00,348887000.00,273770000.00,283972000.00,293112000.00,242302000.00,319528000.00,307651000.00,314093000.00,402403000.00,194726000.00,203239000.00,205750000.00,363055000.00,361082000.00,320373000.00,285530000.00,346239000.00,296424000.00,231457000.00,199536000.00
totalCashFromOperatingActivities,-16498000.00,-4189000.00,183592000.00,-39994000.00,-59830000.00,714000.00,28558000.00,-249877000.00,256410000.00,-11907000.00,243568000.00,-7280000.00,-17122000.00,-281584000.00,26617000.00,494000.00,-8748000.00,-23375000.00,-12705000.00,72363000.00,56185000.00,-22180000.00,-29388000.00,51900000.00,-121682000.00,16580000.00,-14418000.00,-52252000.00,66478000.00,-7713000.00,75000.00,-112433000.00,14583000.00,12272000.00,38228000.00,-24129000.00,-29829000.00,20709000.00,-25393000.00,40806000.00
issuanceOfCapitalStock,,,,,,,,,,,,,,,,,,,,,,,,,,,,,,,,,,,,,,,,
depreciation,,90000.00,90000.00,90000.00,90000.00,71000.00,90000.00,90000.00,89000.00,188000.00,12000.00,12000.00,12000.00,-774000.00,802000.00,12000.00,6000.00,6000.00,6000.00,6000.00,6000.00,5000.00,4000.00,4000.00,4000.00,4000.00,4000.00,4000.00,4000.00,6000.00,3000.00,4000.00,3000.00,3000.00,3000.00,3000.00,4000.00,3000.00,4000.00,
otherCashflowsFromInvestingActivities,,676000.00,-572000.00,402000.00,5066000.00,-2865000.00,-1773000.00,65285000.00,53254000.00,5602000.00,710000.00,-162988000.00,-165708000.00,1068000.00,-11084000.00,321000.00,2659000.00,-6821000.00,571000.00,15128000.00,571000.00,145923.84,15000000.00,-15000000.00,506000.00,408000.00,423000.00,-15000000.00,0.00,0.00,263000.00,-15000000.00,0.00,,,-15000000.00,,,,
dividendsPaid,,2188000.00,,-2199000.00,2203000.00,2203000.00,2203000.00,2206000.00,2855000.00,2211000.00,2230000.00,2230000.00,4486000.00,2238000.00,2248000.00,4513000.00,4513000.00,2254000.00,2259000.00,4684000.00,9000.00,2306000.00,2369000.00,2365000.00,10000.00,2393000.00,0.00,2504000.00,2504000.00,0.00,0.00,2504000.00,0.00,,,2504000.00,,,,
changeToInventory,,,,,,,,223394000.00,-516967000.00,-508766000.00,-275636000.00,6724000.00,-32385000.00,-298851000.00,36580000.00,-241000.00,-14059000.00,-9529000.00,-32641000.00,-352702000.00,-288504000.00,-36125000.00,-31130000.00,82754000.00,-120686000.00,13002000.00,-38794000.00,-328667000.00,-328140000.00,-196676000.00,8115000.00,-103297000.00,10010000.00,11641000.00,20110000.00,-24598000.00,-30226000.00,15423000.00,-14401000.00,101000.00
changeToAccountReceivables,,-15088000.00,3006000.00,1725000.00,2978000.00,154460000.00,-131034000.00,3644000.00,-5280000.00,-7008000.00,-2369000.00,-9799000.00,-3667000.00,-852000.00,15019000.00,-8743000.00,432000.00,2747000.00,855000.00,-9303000.00,2724000.00,-2423000.00,23777000.00,-23433000.00,-3158000.00,-658000.00,9002000.00,-634000.00,1093000.00,1910000.00,35949000.00,-6819000.00,3392000.00,-36898000.00,9368000.00,2179000.00,-20518000.00,-5188000.00,-924000.00,524000.00
salePurchaseOfStock,,-7617000.00,-1949000.00,-524000.00,-441000.00,-1317000.00,-293000.00,-157000.00,-1396000.00,-1893000.00,-4198000.00,-2046000.00,-1102000.00,-1068000.00,-3225000.00,-772000.00,-1342000.00,-1630000.00,-391000.00,-440000.00,-732000.00,-5380000.00,-459000.00,-5344000.00,-3779000.00,-11972000.00,-126000.00,-34747000.00,-2883000.00,-1580000.00,-2420000.00,0.00,0.00,,,65740000.00,,,,
otherCashflowsFromFinancingActivities,,-2264000.00,-3228000.00,-29002000.00,1000.00,-2914000.00,-486000.00,-973000.00,-2161000.00,665000.00,136000.00,1014000.00,164513000.00,110000.00,-531000.00,3912000.00,-743000.00,-1066000.00,-526000.00,3702000.00,19673000.00,19664000.00,8029000.00,23378000.00,48220000.00,7612000.00,9759000.00,250000.00,147496000.00,-36000.00,-208000.00,-28601000.00,-11485000.00,27685000.00,37682000.00,-36072000.00,79589000.00,41772000.00,65508000.00,
changeToNetincome,,-7489000.00,165570000.00,-54073000.00,16132000.00,30806000.00,42063000.00,-260096000.00,250906000.00,-39067000.00,224841000.00,-58329000.00,-25238000.00,-319209000.00,103969000.00,-11890000.00,-14340000.00,-23527000.00,-37359000.00,113015000.00,63407000.00,-35043000.00,-7016000.00,2157000.00,-123015000.00,11954000.00,-1401000.00,-8819000.00,-3204000.00,-497000.00,-1472000.00,-6791000.00,,79000.00,922000.00,-11297000.00,,,,19092000.00
capitalExpenditures,0,0,0,0,0,0,0,0,0,0,11084000,11084000,11084000,11084000,11084000,268000,6250000,6250000,6250000,6250000,6250000,0,0,0,0,0,0,0,0,0,0,0,0,0,0,0,0,0,0,0
changeReceivables,,,,,,,,,,,,,,,,,,0.00,0.00,0.00,0.00,0.00,,,,,,,,,,,,,,,,,,
cashFlowsOtherOperating,,,,,,,,10219000.00,5504000.00,29184000.00,18727000.00,52752000.00,-32243000.00,,,,,0.00,0.00,0.00,0.00,0.00,,,,,,,,,,,,,,,,,,
exchangeRateChanges,,,,,,,,,,,,,,,,,,0.00,0.00,0.00,0.00,0.00,,,,,,,,,,,,,,,,,,
cashAndCashEquivalentsChanges,,-12822000.00,177843000.00,-71568000.00,-57154000.00,-4609000.00,26006000.00,-241182000.00,300505000.00,-10454000.00,240216000.00,-7822000.00,-20601000.00,-284189000.00,10006000.00,-2346000.00,-10568000.00,-34518000.00,-13544000.00,60677000.00,75117000.00,-10202000.00,-9187000.00,,-77226000.00,11877000.00,-6442000.00,,,,-2509000.00,,,,,,,,,
changeInWorkingCapital,,-6777000.00,181302000.00,-46037000.00,-58054000.00,2000.00,32324000.00,-253663000.00,270151000.00,-1064000.00,245886000.00,-10488000.00,-38072000.00,-302492000.00,51222000.00,-9650000.00,-13497000.00,-14190000.00,-10853000.00,41266000.00,59840000.00,-29787000.00,-8657000.00,54092000.00,-113485000.00,6776000.00,-20886000.00,-54833000.00,69061000.00,-1868000.00,5980000.00,-108959000.00,13856000.00,13265000.00,33689000.00,-25261000.00,-23661000.00,19368000.00,-15356000.00,
stockBasedCompensation,,-1439000.00,-5042000.00,7995000.00,,-13789000.00,-13092000.00,1163000.00,-9975000.00,-43174000.00,-9041000.00,-970000.00,-1669000.00,-27781000.00,-14582000.00,8859000.00,-3984000.00,,,78489000.00,,,72000.00,653000.00,1862000.00,2920000.00,444000.00,449000.00,727000.00,644000.00,644000.00,3036000.00,630000.00,627000.00,638000.00,550000.00,476000.00,448000.00,447000.00,
otherNonCashItems,16498000.00,-334000.00,-10581000.00,-19869000.00,19111000.00,52554000.00,27695000.00,-8017000.00,-8097000.00,-4000000.00,-14730000.00,-54300000.00,12338000.00,-640000.00,87713000.00,-13452000.00,-5883000.00,-9343000.00,-26512000.00,6079000.00,3561000.00,-5261000.00,-850000.00,-15423000.00,-10601000.00,698000.00,-4398000.00,-122000.00,-5300000.00,-7300000.00,-17617000.00,-3963000.00,-2778000.00,-2449000.00,-9870000.00,-5300000.00,-3578000.00,-2616000.00,-9448000.00,
freeCashFlow,-16498000.00,-4189000.00,183592000.00,-39994000.00,-59830000.00,714000.00,28558000.00,-249877000.00,256410000.00,-11907000.00,243568000.00,3804000.00,-17122000.00,-281584000.00,15533000.00,226000.00,-8748000.00,-23375000.00,-12705000.00,72363000.00,56185000.00,-22180000.00,-29388000.00,51900000.00,-121682000.00,16580000.00,-14418000.00,-52252000.00,66478000.00,-7713000.00,75000.00,-112433000.00,14583000.00,12272000.00,38228000.00,-24129000.00,-29829000.00,20709000.00,-25393000.00,
researchDevelopment,,,,,,,,,,,,,,,,,,0.00,0.00,0.00,0.00,0.00,0.00,0.00,0.00,0.00,0.00,0.00,0.00,0.00,0.00,0.00,0.00,0.00,0.00,0.00,0.00,0.00,0.00,0.00
effectOfAccountingCharges,,,,,,,,,,,,,,,,,,0.00,0.00,0.00,0.00,0.00,0.00,0.00,0.00,0.00,0.00,0.00,0.00,0.00,0.00,0.00,0.00,0.00,0.00,0.00,0.00,0.00,0.00,0.00
incomeBeforeTax,273000.00,5140000.00,19602000.00,16934000.00,-20918000.00,-38128000.00,-18353000.00,12830000.00,5988000.00,38204000.00,24317000.00,70983000.00,10455000.00,48735000.00,-101151000.00,17922000.00,7146000.00,-125000.00,30845000.00,-48299000.00,-8080000.00,16251000.00,-29106000.00,21989000.00,1400000.00,4316000.00,-21441000.00,4731000.00,5836000.00,1570000.00,2208000.00,5369000.00,-12392000.00,971000.00,3477000.00,2057000.00,-9378000.00,6489000.00,450000.00,40386000.00
minorityInterest,-123000.00,-71000.00,268000.00,-415000.00,-494000.00,-205000.00,2681000.00,-790000.00,4001000.00,196128000.00,172000.00,209279000.00,937000.00,48081000.00,46860000.00,51388000.00,49699000.00,49668000.00,50781000.00,49800000.00,157000.00,1039000.00,-143000.00,8231000.00,-186000.00,30000.00,61000.00,4160000.00,70000.00,246000.00,-46000.00,9220000.00,0.00,0.00,0.00,69636000.00,-367000.00,367000.00,62000.00,463000.00
sellingGeneralAdministrative,4078000.00,3789000.00,2543000.00,15876000.00,3591000.00,3007000.00,3933000.00,1217000.00,226000.00,4320000.00,2663000.00,3101000.00,3026000.00,447000.00,818000.00,2293000.00,256000.00,150000.00,3675000.00,309000.00,5907000.00,5870000.00,72000.00,1366000.00,1862000.00,2920000.00,444000.00,976000.00,1368000.00,795000.00,918000.00,3605000.00,744000.00,736000.00,1025000.00,778000.00,562000.00,1168000.00,500000.00,0.00
sellingAndMarketingExpenses,,,,,,,,,,,,,,,,,,,,,,,,,,,,,,,,,,,,,,,,
grossProfit,2163000.00,7158000.00,-1105000.00,-814000.00,-1029000.00,-461000.00,-1351000.00,1251000.00,-707000.00,-2534000.00,-1543000.00,978000.00,-1081000.00,-401000.00,176000.00,3153000.00,310000.00,-763000.00,-1244000.00,489000.00,-1241000.00,-1074000.00,-1621000.00,637000.00,-1244000.00,-1326000.00,-1796000.00,3495000.00,-964000.00,-477000.00,-1795000.00,-793000.00,-389000.00,-1007000.00,-1163000.00,-244000.00,582000.00,-585000.00,-1022000.00,0.00
reconciledDepreciation,,90000.00,90000.00,90000.00,90000.00,71000.00,90000.00,90000.00,89000.00,188000.00,12000.00,12000.00,12000.00,-774000.00,802000.00,12000.00,6000.00,6000.00,6000.00,6000.00,6000.00,5000.00,4000.00,4000.00,4000.00,4000.00,4000.00,4000.00,4000.00,6000.00,3000.00,4000.00,3000.00,3000.00,3000.00,3000.00,4000.00,3000.00,4000.00,
ebit,-3533000.00,6046000.00,-5133000.00,-2616000.00,17301000.00,-2211000.00,12422000.00,-14251000.00,-5393000.00,-52466000.00,-5176000.00,-76263000.00,-16385000.00,-55085000.00,100361000.00,-15981000.00,-391000.00,-2923000.00,-42861000.00,47649000.00,-33000.00,-281000.00,-1543000.00,-25782000.00,-3765000.00,-3762000.00,-2075000.00,-1600000.00,-1664000.00,-4853000.00,-8227000.00,-14997000.00,-1084000.00,-2461000.00,-3135000.00,-530000.00,57000.00,-2598000.00,-2437000.00,0.00
ebitda,743000.00,6136000.00,-24773000.00,-17117000.00,17391000.00,-208000.00,12512000.00,-14161000.00,-5304000.00,-52278000.00,-5164000.00,-76251000.00,-16373000.00,-55859000.00,101163000.00,-15969000.00,-385000.00,-2917000.00,-42855000.00,47655000.00,-27000.00,-276000.00,-1539000.00,-25778000.00,-3761000.00,-3758000.00,-2071000.00,-1596000.00,-1660000.00,-4847000.00,-8224000.00,-14993000.00,-1081000.00,-2458000.00,-3132000.00,-527000.00,61000.00,-2595000.00,-2433000.00,
depreciationAndAmortization,4276000.00,90000.00,-19640000.00,-14501000.00,90000.00,2003000.00,90000.00,90000.00,89000.00,188000.00,12000.00,12000.00,12000.00,-774000.00,802000.00,12000.00,6000.00,6000.00,6000.00,6000.00,6000.00,5000.00,4000.00,4000.00,4000.00,4000.00,4000.00,4000.00,4000.00,6000.00,3000.00,4000.00,3000.00,3000.00,3000.00,3000.00,4000.00,3000.00,4000.00,
nonOperatingIncomeNetOther,,8767000.00,24833000.00,19621000.00,-17723000.00,-35871000.00,-15014000.00,15020000.00,6254000.00,48678000.00,30773000.00,75557000.00,14039000.00,52943000.00,-100007000.00,,10224000.00,3061000.00,38765000.00,0.00,-4511000.00,19736000.00,-24823000.00,,7581000.00,10840000.00,-17039000.00,,10399000.00,,7143000.00,,,,,,,,,
operatingIncome,-3533000.00,-2927000.00,-5133000.00,-2616000.00,17301000.00,-2211000.00,12422000.00,-2131000.00,-169000.00,-6091000.00,-6365000.00,-4616000.00,-3552000.00,-4143000.00,-1095000.00,-1722000.00,-3009000.00,-3151000.00,-7876000.00,-2285000.00,-3499000.00,-3446000.00,-4250000.00,-2776000.00,-6112000.00,-6453000.00,-4332000.00,659000.00,-4497000.00,-3201000.00,-4241000.00,-5314000.00,-2455000.00,-3468000.00,-3880000.00,-2252000.00,-748000.00,-3646000.00,-3278000.00,0.00
otherOperatingExpenses,5721000.00,5853000.00,7598000.00,10154000.00,5691000.00,4757000.00,5888000.00,16129000.00,2281000.00,12900000.00,8690000.00,16625000.00,5497000.00,7280000.00,5464000.00,17517000.00,8127000.00,7972000.00,12528000.00,10899000.00,8165000.00,8242000.00,8953000.00,15074000.00,11360000.00,11548000.00,9319000.00,16163000.00,9948000.00,8316000.00,9032000.00,14878000.00,5771000.00,8058000.00,8597000.00,9930000.00,5643000.00,8198000.00,7182000.00,0.00
interestExpense,-134000.00,156000.00,98000.00,71000.00,66000.00,46000.00,33000.00,59000.00,97000.00,63000.00,91000.00,34000.00,32000.00,65000.00,49000.00,69000.00,69000.00,35000.00,44000.00,120000.00,70000.00,39000.00,33000.00,17000.00,69000.00,71000.00,70000.00,36000.00,66000.00,68000.00,420000.00,276000.00,323000.00,327000.00,334000.00,354000.00,295000.00,329000.00,398000.00,1908000.00
taxProvision,166000.00,1840000.00,1580000.00,2855000.00,-4914000.00,-8036000.00,-4848000.00,2611000.00,484000.00,9020000.00,5590000.00,18231000.00,3564000.00,-12422000.00,-23799000.00,4658000.00,1638000.00,-277000.00,6191000.00,,,,,,,,,,,,,,,,,,,,,
interestIncome,4029000.00,5968000.00,5095000.00,21263000.00,2731000.00,1932000.00,804000.00,2931000.00,6698000.00,6811000.00,1189000.00,3964000.00,16789000.00,47030000.00,99829000.00,22045000.00,10124000.00,3026000.00,38721000.00,,,,,,,,,,,,,,,,,,,,,
netInterestIncome,,5812000.00,5095000.00,5049000.00,2731000.00,1886000.00,771000.00,2931000.00,1022000.00,6748000.00,1098000.00,3964000.00,1186000.00,1162000.00,2261000.00,3639000.00,2549000.00,3260000.00,3742000.00,,,,,,,,,,,,,,,,,,,,,
extraordinaryItems,,,,,,,,0.00,0.00,0.00,,,-134000.00,-393000.00,-231000.00,251000.00,-301000.00,0.00,0.00,0.00,0.00,0.00,0.00,0.00,0.00,0.00,0.00,0.00,0.00,0.00,0.00,0.00,0.00,0.00,0.00,0.00,0.00,0.00,0.00,0.00
nonRecurring,,,,,,,,,,,,,,,,,,0.00,0.00,0.00,0.00,-88.36,2557000.00,9381000.00,2661000.00,-4069000.00,2092000.00,10429000.00,-4075000.00,2080000.00,0.00,6189000.00,0.00,0.00,0.00,6771000.00,0.00,0.00,0.00,0.00
otherItems,,,,,,,,,,,,,,,,,,0.00,0.00,0.00,0.00,0.00,0.00,0.00,0.00,0.00,0.00,0.00,0.00,0.00,0.00,0.00,0.00,0.00,0.00,0.00,0.00,0.00,0.00,0.00
incomeTaxExpense,166000.00,1840000.00,1580000.00,2855000.00,-4914000.00,-8036000.00,-4848000.00,2611000.00,484000.00,9020000.00,5590000.00,18231000.00,3564000.00,11110000.00,-23799000.00,4658000.00,1554000.00,-277000.00,6191000.00,-7274000.00,-858000.00,3388000.00,-6734000.00,6247000.00,67000.00,-310000.00,-8424000.00,1103000.00,1807000.00,305000.00,661000.00,1469000.00,-4388000.00,133000.00,1101000.00,1263000.00,-2561000.00,2107000.00,-34000.00,13157000.00
totalRevenue,6229000.00,11491000.00,2465000.00,7538000.00,2562000.00,2546000.00,2582000.00,13998000.00,2112000.00,2489000.00,2325000.00,12009000.00,1945000.00,3137000.00,4369000.00,16675000.00,5118000.00,4821000.00,4652000.00,8614000.00,4666000.00,4796000.00,4703000.00,11585000.00,5248000.00,5095000.00,4987000.00,16295000.00,5451000.00,4964000.00,4517000.00,8995000.00,4690000.00,4590000.00,4717000.00,7678000.00,4895000.00,4552000.00,3904000.00,20422000.00
totalOperatingExpenses,1655000.00,1520000.00,4028000.00,1802000.00,2100000.00,1750000.00,1955000.00,3382000.00,-538000.00,7877000.00,4822000.00,5594000.00,2471000.00,3742000.00,1271000.00,3995000.00,3319000.00,2388000.00,6632000.00,2774000.00,2258000.00,2372000.00,2629000.00,4126000.00,4868000.00,5127000.00,2536000.00,3363000.00,3533000.00,2875000.00,2720000.00,5090000.00,692000.00,2461000.00,2717000.00,2008000.00,1330000.00,3061000.00,2256000.00,0.00
costOfRevenue,4066000.00,4333000.00,3570000.00,8352000.00,3591000.00,3007000.00,3933000.00,12747000.00,2819000.00,5023000.00,3868000.00,11031000.00,3026000.00,3538000.00,4193000.00,13522000.00,4808000.00,5584000.00,5896000.00,8125000.00,5907000.00,5870000.00,6324000.00,10948000.00,6492000.00,6421000.00,6783000.00,12800000.00,6415000.00,5441000.00,6312000.00,9788000.00,5079000.00,5597000.00,5880000.00,7922000.00,4313000.00,5137000.00,4926000.00,34925000.00
totalOtherIncomeExpenseNet,-235000.00,-498000.00,24735000.00,19550000.00,-38219000.00,-35917000.00,-30775000.00,12030000.00,5135000.00,41867000.00,29584000.00,71635000.00,12821000.00,51716000.00,-102258000.00,15127000.00,7606000.00,-234000.00,34979000.00,-49940000.00,-7977000.00,16571000.00,-27530000.00,22289000.00,5234000.00,8149000.00,-19296000.00,1728000.00,7566000.00,1495000.00,3709000.00,9110000.00,-10988000.00,3759000.00,6946000.00,2941000.00,-9140000.00,9416000.00,3285000.00,0.00
discontinuedOperations,,,,,,,,,,,,632000.00,-139000.00,-139000.00,-139000.00,-139000.00,,0.00,0.00,0.00,0.00,0.00,0.00,0.00,0.00,0.00,0.00,0.00,0.00,0.00,0.00,0.00,0.00,0.00,0.00,0.00,0.00,0.00,0.00,0.00
netIncomeFromContinuingOps,107000.00,3300000.00,18022000.00,14079000.00,-16004000.00,-30092000.00,-13505000.00,10219000.00,5504000.00,29184000.00,18727000.00,52752000.00,6891000.00,37625000.00,-77352000.00,12384000.00,5592000.00,152000.00,24654000.00,-40652000.00,-7222000.00,12863000.00,-22372000.00,29681000.00,1333000.00,4626000.00,-13017000.00,8548000.00,4029000.00,1019000.00,1547000.00,-891000.00,0.00,0.00,0.00,-1157000.00,0.00,0.00,0.00,0.00
netIncomeApplicableToCommonShares,-16000.00,3371000.00,17754000.00,13664000.00,-16498000.00,-29887000.00,-16186000.00,9429000.00,1503000.00,29716000.00,18555000.00,51119000.00,5815000.00,5815000.00,-73355000.00,11022000.00,5951000.00,-932000.00,23147000.00,-40315000.00,-7379000.00,11824000.00,-22229000.00,15800000.00,1519000.00,4596000.00,-13078000.00,3647000.00,3959000.00,1019000.00,1593000.00,4189000.00,-855000.00,855000.00,2385000.00,2346000.00,-4015000.00,4015000.00,422000.00,26766000.00
preferredStockAndOtherAdjustments,,,,,,,,,,,,,,,,,,0.00,0.00,0.00,0.00,0.00,,,,,,,,,,,,,,,,,,
