,2023-09-30,2023-06-30,2023-03-31,2022-12-31,2022-09-30,2022-06-30,2022-03-31,2021-12-31,2021-09-30,2021-06-30,2021-03-31,2020-12-31,2020-09-30,2020-06-30,2020-03-31,2019-12-31,2019-09-30,2019-06-30,2019-03-31,2018-12-31,2018-09-30,2018-06-30,2018-03-31,2017-12-31,2017-09-30,2017-06-30,2017-03-31,2016-12-31,2016-09-30,2016-06-30,2016-03-31,2015-12-31,2015-09-30,2015-06-30,2015-03-31,2014-12-31,2014-09-30,2014-06-30,2014-03-31,2013-12-31,2013-09-30,2013-06-30,2013-03-31,2012-12-31,2012-09-30,2012-06-30,2012-03-31,2011-12-31
date,2023-09-30,2023-06-30,2023-03-31,2022-12-31,2022-09-30,2022-06-30,2022-03-31,2021-12-31,2021-09-30,2021-06-30,2021-03-31,2020-12-31,2020-09-30,2020-06-30,2020-03-31,2019-12-31,2019-09-30,2019-06-30,2019-03-31,2018-12-31,2018-09-30,2018-06-30,2018-03-31,2017-12-31,2017-09-30,2017-06-30,2017-03-31,2016-12-31,2016-09-30,2016-06-30,2016-03-31,2015-12-31,2015-09-30,2015-06-30,2015-03-31,2014-12-31,2014-09-30,2014-06-30,2014-03-31,2013-12-31,2013-09-30,2013-06-30,2013-03-31,2012-12-31,2012-09-30,2012-06-30,2012-03-31,2011-12-31
filing_date,2023-11-03,2023-08-02,2023-05-02,2023-02-15,2022-11-02,2022-07-29,2022-05-03,2022-02-15,2021-11-03,2021-07-30,2021-05-04,2021-02-18,2020-10-29,2020-08-06,2020-05-08,2020-02-20,2019-11-08,2019-07-26,2019-05-01,2019-02-21,2018-10-30,2018-07-26,2018-05-01,2018-03-01,2017-11-01,2017-08-03,2017-05-02,2017-03-07,2016-11-03,2016-08-04,2016-05-05,2016-03-01,2015-11-05,2015-07-30,2015-05-07,2015-03-05,2014-11-10,2014-08-06,2014-05-07,2014-03-17,2013-11-13,2013-08-07,2013-04-01,2013-04-01,2012-11-07,2012-08-14,2012-06-01,
currency_symbol,USD,USD,USD,USD,USD,USD,USD,USD,USD,USD,USD,USD,USD,USD,USD,USD,USD,USD,USD,USD,USD,USD,USD,USD,USD,USD,USD,USD,USD,USD,USD,USD,USD,USD,USD,USD,USD,USD,USD,USD,USD,USD,USD,USD,USD,USD,USD,USD
totalAssets,2363176000.00,2400011000.00,2444320000.00,2523002000.00,2727186000.00,2696334000.00,2515805000.00,2631838000.00,2466685000.00,2256835000.00,2090803000.00,1929497000.00,1949058000.00,2021233000.00,2101355000.00,1784134000.00,1674697000.00,1671447000.00,1618440000.00,1603324000.00,1731512000.00,1817516000.00,1744155000.00,1770219000.00,1587468000.00,1662570000.00,1429000000.00,1373703000.00,1565139000.00,1332071000.00,1422115000.00,1378982000.00,1502186000.00,1544838000.00,1589781000.00,1867653000.00,1402478000.00,1421588000.00,1257861000.00,1176915000.00,839806000.00,581059000.00,387859000.00,387859000.00,220253000.00,171259000.00,84901000.00,7587000.00
intangibleAssets,,,,,,,,,,,,,,,,,,,,,0.00,0.00,0.00,0.00,0.00,0.00,0.00,0.00,0.00,0.00,60978000.00,61800000.00,60148000.00,60077000.00,58525000.00,58889000.00,59614000.00,58558000.00,60132000.00,59640000.00,60878000.00,0.00,0.00,0.00,0.00,0.00,0.00,
earningAssets,,,,,,,,,,,,,,,,,,,,,,,,,,,,,,,,,,,,,,,,,,,,,,,,
otherCurrentAssets,,,,,,24772000.00,,,,-108457000.00,60320000.00,-7489000.00,9200000.00,96404000.00,-132193000.00,-42413000.00,-36780000.00,-124226000.00,-1708000.00,-52425000.00,-55643000.00,-52324000.00,-66887000.00,-945000.00,-873000.00,-857000.00,-865000.00,-203000.00,-38291000.00,-1518000.00,-27667000.00,-38302000.00,-3197000.00,-3384000.00,-3579000.00,-21790000.00,-11045000.00,-63432000.00,-2267000.00,-5698000.00,,-3312000.00,-1746000.00,,1922000.00,2087000.00,77251000.00,
totalLiab,1680218000.00,1708820000.00,1726017000.00,1775462000.00,1960109000.00,1910334000.00,1826471000.00,1953210000.00,1793942000.00,1577798000.00,1514830000.00,1456482000.00,1479709000.00,655407000.00,1635290000.00,1357795000.00,1248953000.00,1245690000.00,1193338000.00,1177737000.00,1307354000.00,1395320000.00,1323441000.00,1351049000.00,1166968000.00,1245588000.00,1011110000.00,944030000.00,1099871000.00,877774000.00,968114000.00,922494000.00,1010562000.00,1055688000.00,1102626000.00,1386767000.00,1001439000.00,1017753000.00,853773000.00,770699000.00,429159000.00,186183000.00,222421000.00,222421000.00,53570000.00,3601000.00,55630000.00,1150000.00
totalStockholderEquity,682958000.00,691191000.00,718303000.00,747540000.00,767077000.00,786000000.00,689334000.00,678628000.00,672743000.00,679037000.00,575973000.00,473015000.00,469349000.00,465126000.00,466065000.00,426339000.00,425744000.00,425757000.00,425102000.00,425587000.00,424158000.00,422196000.00,420714000.00,419170000.00,420500000.00,416982000.00,417890000.00,419029000.00,418260000.00,407291000.00,406982000.00,409471000.00,407573000.00,405099000.00,403069000.00,402954000.00,401039000.00,403835000.00,404088000.00,406216000.00,410647000.00,394876000.00,165438000.00,165438000.00,166683000.00,167658000.00,29271000.00,6437000.00
deferredLongTermLiab,,,,,,,,,,,,,,,,,,,,,0.00,0.00,0.00,0.00,0.00,0.00,0.00,0.00,0.00,0.00,0.00,0.00,0.00,0.00,0.00,0.00,0.00,0.00,0.00,0.00,0.00,0.00,0.00,0.00,0.00,0.00,0.00,
otherCurrentLiab,-552035000.00,-1952000.00,-1942000.00,-602684000.00,19196000.00,-833286000.00,-720063000.00,-819969000.00,-635915000.00,-384156000.00,-328934000.00,-651819000.00,-687012000.00,11072000.00,-802520000.00,-561220000.00,-492171000.00,-820000.00,-449168000.00,-541000.00,-716447000.00,-804644000.00,-738456000.00,-744923000.00,-556245000.00,-669311000.00,-487435000.00,-578544000.00,-607510000.00,-408433000.00,-415311000.00,-305605000.00,-394035000.00,-350259000.00,-417295000.00,-524861000.00,-211707000.00,-320137000.00,-277524000.00,-264803000.00,-224919000.00,-72251000.00,-113884000.00,2316000.00,2683000.00,1445000.00,2046000.00,
commonStock,532000.00,532000.00,537000.00,537000.00,537000.00,537000.00,467000.00,465000.00,464000.00,464000.00,399000.00,329000.00,329000.00,329000.00,329000.00,283000.00,283000.00,283000.00,283000.00,283000.00,283000.00,283000.00,283000.00,283000.00,283000.00,283000.00,283000.00,283000.00,283000.00,283000.00,284000.00,284000.00,284000.00,284000.00,284000.00,284000.00,284000.00,284000.00,284000.00,284000.00,284000.00,272000.00,92000.00,92000.00,92000.00,92000.00,15000.00,
capitalStock,532000.00,532000.00,537000.00,537000.00,537000.00,537000.00,467000.00,465000.00,464000.00,464000.00,,,,,,,,,,,,,,,,,,,,,,,,,,,,,,,,,,,,,,
retainedEarnings,-129387000.00,-120489000.00,-99111000.00,-73326000.00,-56889000.00,-38337000.00,-29170000.00,-28631000.00,-29110000.00,-22538000.00,-23625000.00,-25117000.00,-28401000.00,-32257000.00,-30953000.00,2437000.00,2324000.00,2816000.00,2588000.00,3565000.00,2460000.00,827000.00,-440000.00,-1750000.00,-211000.00,-3552000.00,-2547000.00,-1310000.00,-1969000.00,-13005000.00,-14285000.00,-11992000.00,-13717000.00,-15943000.00,-17758000.00,-17674000.00,-19427000.00,-16379000.00,-15865000.00,-13473000.00,-8888000.00,-9401000.00,-3854000.00,-3854000.00,-2619000.00,-1509000.00,-729000.00,6437000.00
otherLiab,,,,,11067000.00,10436000.00,9105000.00,8612000.00,9982000.00,9679000.00,7501000.00,10767000.00,8335000.00,9198000.00,12159000.00,9147000.00,9147000.00,8246000.00,8389000.00,8063000.00,4143000.00,3736000.00,3805000.00,6147000.00,5927000.00,5910000.00,5847000.00,6033000.00,6216000.00,93577000.00,40135000.00,43357000.00,45317000.00,36903000.00,42622000.00,37515000.00,38767000.00,41997000.00,42110000.00,36311000.00,46526000.00,7195000.00,9136000.00,6772000.00,3381000.00,3046000.00,1473000.00,1150000.00
goodWill,,,,,,,,,,,,,,,,,,,,,0.00,0.00,0.00,0.00,0.00,0.00,0.00,0.00,0.00,0.00,0.00,0.00,0.00,0.00,0.00,0.00,0.00,0.00,0.00,0.00,0.00,0.00,0.00,0.00,0.00,0.00,0.00,
otherAssets,2123938000.00,2092016000.00,2085071000.00,-65969000.00,-134201000.00,-67657000.00,-76882000.00,-131181000.00,-50142000.00,-108457000.00,-37624000.00,-7489000.00,-158837000.00,-32179000.00,-132193000.00,-42413000.00,-36780000.00,-124226000.00,-1708000.00,-52425000.00,-55643000.00,-52324000.00,-66887000.00,-945000.00,-873000.00,-857000.00,-865000.00,-203000.00,-38291000.00,-1518000.00,1327306000.00,1269885000.00,1428442000.00,1473272000.00,1518672000.00,1770423000.00,1320371000.00,1275210000.00,1165060000.00,1094623000.00,766375000.00,-3312000.00,-1746000.00,6013000.00,2938000.00,2964000.00,1631000.00,1399000.00
cash,61017000.00,142603000.00,153764000.00,141278000.00,77297000.00,25625000.00,13759000.00,50615000.00,15787000.00,75671000.00,97944000.00,74776000.00,81295000.00,72987000.00,74498000.00,5256000.00,5952000.00,5215000.00,12814000.00,11089000.00,5034000.00,5045000.00,5201000.00,28343000.00,28245000.00,5723000.00,44400000.00,47270000.00,41768000.00,5309000.00,6164000.00,8995000.00,10399000.00,8105000.00,9005000.00,16551000.00,11448000.00,20152000.00,30402000.00,20100000.00,12553000.00,40235000.00,23390000.00,23390000.00,23983000.00,87455000.00,4586000.00,1240000.00
cashAndEquivalents,,,,,,,,,,,,,,,,,,,,,,,,,,,,,,,,,,,,,,,,,,,,,,,,
totalCurrentLiabilities,104611000.00,104559000.00,104509000.00,104460000.00,828436000.00,833286000.00,720063000.00,819969000.00,635915000.00,384156000.00,328934000.00,651819000.00,687012000.00,54819000.00,802520000.00,561220000.00,492171000.00,820000.00,449168000.00,541000.00,716447000.00,804644000.00,738456000.00,744923000.00,556245000.00,669311000.00,487435000.00,578544000.00,607510000.00,408433000.00,415311000.00,305605000.00,394035000.00,350259000.00,417295000.00,524861000.00,211707000.00,320137000.00,277524000.00,264803000.00,224919000.00,72251000.00,113884000.00,10900000.00,2683000.00,2267000.00,2046000.00,
currentDeferredRevenue,,,,,,,,,,,,,,,,,,,,,,,,,,,,,,,,,,,,,,,,,,,,,,,,
netDebt,1582581000.00,846344000.00,835831000.00,1595288000.00,1825635000.00,1829865000.00,1761707000.00,1032536000.00,1727055000.00,1451541000.00,1370520000.00,1252150000.00,1271845000.00,582420000.00,1381594000.00,601778000.00,1092336000.00,601195000.00,1022491000.00,367993000.00,1155730000.00,1243817000.00,1168312000.00,350463000.00,1006668000.00,1158035000.00,899704000.00,102608000.00,850388000.00,577856000.00,664258000.00,620416000.00,736251000.00,740765000.00,816765000.00,1103953000.00,795776000.00,828708000.00,774114000.00,707161000.00,362961000.00,128585000.00,188155000.00,188155000.00,-23983000.00,-87455000.00,42703000.00,
shortTermDebt,654507000.00,104559000.00,104509000.00,705231000.00,827049000.00,832411000.00,719374000.00,819399000.00,635366000.00,383557000.00,328934000.00,651428000.00,687012000.00,54819000.00,801829000.00,560502000.00,491418000.00,54960000.00,448286000.00,777974000.00,715967000.00,804179000.00,738003000.00,744509000.00,555871000.00,668959000.00,487096000.00,578544000.00,607420000.00,408304000.00,415079000.00,305306000.00,393744000.00,349934000.00,416946000.00,524363000.00,211238000.00,319778000.00,277142000.00,264419000.00,224919000.00,68905000.00,112096000.00,112096000.00,48790000.00,,47289000.00,
shortLongTermDebt,654507000.00,681257000.00,698153000.00,705231000.00,827049000.00,832411000.00,719374000.00,819399000.00,635366000.00,383557000.00,328934000.00,651428000.00,50000000.00,,50000000.00,30500000.00,58980000.00,,0.00,,573396000.00,634143000.00,592507000.00,617504000.00,1152950000.00,1231608000.00,576506000.00,271194000.00,879102000.00,601794000.00,,271543000.00,,,,120766000.00,,,,,,,,,,,,
shortLongTermDebtTotal,1643598000.00,988947000.00,989595000.00,1736566000.00,1902932000.00,1855490000.00,1775466000.00,1083151000.00,1742842000.00,1527212000.00,1468464000.00,1326926000.00,1353140000.00,655407000.00,1456092000.00,607034000.00,1098288000.00,606410000.00,1035305000.00,379082000.00,1160764000.00,1248862000.00,1173513000.00,378806000.00,1034913000.00,1163758000.00,944104000.00,149878000.00,892156000.00,583165000.00,670422000.00,629411000.00,746650000.00,748870000.00,825770000.00,1120504000.00,807224000.00,848860000.00,804516000.00,727261000.00,375514000.00,168820000.00,211545000.00,211545000.00,48800000.00,,47289000.00,
otherStockholderEquity,811147000.00,810161000.00,813748000.00,812788000.00,812050000.00,811411000.00,707579000.00,703950000.00,701370000.00,700994000.00,598936000.00,497803000.00,497421000.00,497054000.00,496689000.00,423619000.00,423137000.00,422658000.00,422231000.00,421739000.00,421415000.00,421086000.00,420871000.00,420637000.00,420428000.00,420251000.00,420154000.00,420056000.00,419946000.00,420013000.00,420983000.00,421179000.00,421006000.00,420758000.00,420543000.00,420344000.00,420182000.00,419930000.00,419669000.00,419405000.00,419251000.00,404005000.00,169200000.00,,169210000.00,169075000.00,29985000.00,
propertyPlantEquipment,,,,,,,,36602000.00,36695000.00,36860000.00,37059000.00,37283000.00,37476000.00,37693000.00,37907000.00,37901000.00,38020000.00,36891000.00,36814000.00,,0.00,0.00,0.00,0.00,0.00,0.00,0.00,0.00,0.00,0.00,0.00,0.00,0.00,0.00,0.00,0.00,0.00,0.00,0.00,0.00,0.00,0.00,0.00,0.00,0.00,0.00,0.00,
totalCurrentAssets,211102000.00,280025000.00,331242000.00,2561035000.00,134201000.00,93282000.00,90641000.00,181796000.00,65929000.00,184128000.00,135568000.00,82265000.00,81295000.00,105166000.00,206691000.00,47669000.00,42732000.00,129441000.00,14522000.00,63514000.00,60677000.00,57369000.00,72088000.00,29288000.00,29118000.00,6580000.00,45265000.00,47473000.00,80059000.00,6827000.00,33831000.00,47297000.00,13596000.00,11489000.00,12584000.00,38341000.00,22493000.00,87820000.00,32669000.00,22652000.00,12553000.00,43547000.00,25136000.00,23390000.00,217315000.00,168295000.00,83270000.00,
longTermInvestments,28136000.00,2228100000.00,2200580000.00,27936000.00,2508609000.00,2605893000.00,2421772000.00,2414383000.00,2363499000.00,2032408000.00,1908001000.00,1815219000.00,1778199000.00,1890453000.00,1870639000.00,1682498000.00,1538393000.00,1487735000.00,1548158000.00,1524873000.00,1658862000.00,1746017000.00,1658375000.00,1726283000.00,1543261000.00,1641435000.00,1372078000.00,1313937000.00,1473920000.00,1100000000.00,1267971000.00,1205003000.00,1364004000.00,1410698000.00,1451145000.00,1665590000.00,1263004000.00,1217369000.00,1111402000.00,1047728000.00,716790000.00,525994000.00,409943000.00,353500000.00,190539000.00,78173000.00,77251000.00,
netTangibleAssets,,691191000.00,718303000.00,747540000.00,767077000.00,786000000.00,689334000.00,678628000.00,672743000.00,679037000.00,575973000.00,473015000.00,469349000.00,465126000.00,466065000.00,426339000.00,425744000.00,425757000.00,425102000.00,425587000.00,424158000.00,422196000.00,420714000.00,419170000.00,420500000.00,416982000.00,417890000.00,419029000.00,418260000.00,407291000.00,406982000.00,409471000.00,407573000.00,405099000.00,403069000.00,402954000.00,401039000.00,403835000.00,404088000.00,406216000.00,410647000.00,394876000.00,163584000.00,165438000.00,166683000.00,167658000.00,35566000.00,
shortTermInvestments,28136000.00,27970000.00,28007000.00,27936000.00,27730000.00,2605893000.00,2421772000.00,2414383000.00,,,,,,,,,,,,,379000.00,379000.00,379000.00,379000.00,379000.00,379000.00,380000.00,375000.00,379000.00,11732000.00,25632000.00,30380000.00,27209000.00,26935000.00,30280000.00,66121000.00,24080000.00,24388000.00,23051000.00,16954000.00,21894000.00,4670000.00,3719000.00,3210000.00,190539000.00,78173000.00,912000.00,
netReceivables,105123000.00,92157000.00,131293000.00,132475000.00,134201000.00,67657000.00,76882000.00,131181000.00,50142000.00,108457000.00,37624000.00,7489000.00,77542000.00,32179000.00,132193000.00,42413000.00,36780000.00,124226000.00,1708000.00,52425000.00,55643000.00,52324000.00,66887000.00,945000.00,873000.00,857000.00,865000.00,203000.00,38291000.00,1518000.00,27667000.00,38302000.00,3197000.00,3384000.00,3579000.00,21790000.00,11045000.00,67668000.00,2267000.00,2552000.00,,3312000.00,1746000.00,1746000.00,871000.00,580000.00,521000.00,
longTermDebt,989091000.00,988947000.00,989595000.00,1031335000.00,1075883000.00,1023079000.00,1056092000.00,1083151000.00,1107476000.00,1143655000.00,1139530000.00,675498000.00,666128000.00,655407000.00,654263000.00,643314000.00,606870000.00,606410000.00,1172288000.00,379082000.00,379486000.00,379372000.00,379190000.00,378806000.00,422722000.00,421871000.00,420728000.00,149878000.00,207057000.00,174861000.00,304921000.00,348911000.00,436417000.00,450788000.00,548513000.00,789306000.00,613530000.00,511314000.00,462974000.00,462842000.00,81495000.00,67535000.00,69634000.00,69114000.00,48790000.00,0.00,47289000.00,
inventory,,,,,,-50397000.00,,,,,,,,,,,,,,,0.00,0.00,0.00,0.00,0.00,0.00,0.00,0.00,0.00,0.00,0.00,0.00,0.00,0.00,0.00,0.00,0.00,0.00,0.00,0.00,0.00,0.00,0.00,0.00,0.00,0.00,912000.00,
accountsPayable,2139000.00,1952000.00,1942000.00,1913000.00,1387000.00,875000.00,689000.00,570000.00,549000.00,599000.00,17567000.00,391000.00,13742000.00,14289000.00,691000.00,718000.00,753000.00,820000.00,882000.00,541000.00,480000.00,465000.00,453000.00,414000.00,374000.00,352000.00,339000.00,10105000.00,90000.00,129000.00,232000.00,299000.00,291000.00,325000.00,349000.00,498000.00,469000.00,359000.00,382000.00,384000.00,10077000.00,3346000.00,1788000.00,5424000.00,2683000.00,822000.00,2046000.00,
totalPermanentEquity,,,,,,,,,,,,,,,,,,,,,424158000.00,422196000.00,0.00,419170000.00,420500000.00,416982000.00,417890000.00,429673000.00,465268000.00,454297000.00,0.00,0.00,0.00,0.00,0.00,0.00,0.00,0.00,0.00,0.00,0.00,0.00,0.00,0.00,0.00,0.00,0.00,
noncontrollingInterestInConsolidatedEntity,,,,,,,,,,,,,,,,,,,,,0.00,0.00,0.00,0.00,0.00,0.00,0.00,10644000.00,47008000.00,47006000.00,47019000.00,47017000.00,84051000.00,84051000.00,84086000.00,77932000.00,0.00,0.00,0.00,0.00,0.00,0.00,0.00,0.00,0.00,0.00,0.00,
temporaryEquityRedeemableNoncontrollingInterests,,,,,,,,,,,,,,,,,,,,,0.00,0.00,0.00,0.00,0.00,0.00,0.00,0.00,0.00,0.00,0.00,0.00,0.00,0.00,0.00,0.00,0.00,0.00,0.00,0.00,0.00,0.00,0.00,0.00,0.00,0.00,0.00,
accumulatedOtherComprehensiveIncome,666000.00,987000.00,3129000.00,7541000.00,11379000.00,12389000.00,10458000.00,2844000.00,19000.00,117000.00,263000.00,,,,,,,,,,0.00,0.00,0.00,0.00,0.00,0.00,0.00,0.00,0.00,0.00,0.00,0.00,0.00,0.00,0.00,0.00,0.00,0.00,0.00,0.00,0.00,0.00,0.00,0.00,0.00,0.00,-6295000.00,
additionalPaidInCapital,,,,,,,,,,,,,,,,,,,,,421415000.00,421086000.00,420871000.00,420637000.00,420428000.00,420251000.00,420154000.00,420056000.00,419946000.00,420013000.00,0.00,0.00,0.00,0.00,0.00,0.00,0.00,0.00,0.00,0.00,0.00,0.00,0.00,0.00,0.00,0.00,0.00,
commonStockTotalEquity,,532000.00,537000.00,537000.00,537000.00,537000.00,467000.00,465000.00,464000.00,464000.00,399000.00,329000.00,329000.00,329000.00,329000.00,283000.00,283000.00,283000.00,283000.00,283000.00,283000.00,283000.00,283000.00,283000.00,283000.00,283000.00,283000.00,283000.00,283000.00,283000.00,284000.00,284000.00,284000.00,284000.00,284000.00,284000.00,284000.00,284000.00,284000.00,284000.00,284000.00,272000.00,92000.00,92000.00,92000.00,92000.00,15000.00,
preferredStockTotalEquity,,,,,,,,,,,,,,,,,,,,,0.00,0.00,0.00,0.00,0.00,0.00,0.00,0.00,0.00,0.00,0.00,0.00,0.00,0.00,0.00,0.00,0.00,0.00,0.00,0.00,0.00,0.00,0.00,0.00,0.00,0.00,6295000.00,
retainedEarningsTotalEquity,,-120489000.00,-99111000.00,-73326000.00,-56889000.00,-38337000.00,-29170000.00,-28631000.00,-29110000.00,-22538000.00,-23625000.00,-25117000.00,-28401000.00,-32257000.00,-30953000.00,2437000.00,2324000.00,2816000.00,2588000.00,3565000.00,2460000.00,827000.00,-440000.00,-1750000.00,-211000.00,-3552000.00,-2547000.00,-1310000.00,-1969000.00,-13005000.00,-14285000.00,-11992000.00,-13717000.00,-15943000.00,-17758000.00,-17674000.00,-19427000.00,-16379000.00,-15865000.00,-13473000.00,-8888000.00,-9401000.00,-5844000.00,-3854000.00,-2619000.00,-1509000.00,-729000.00,
treasuryStock,,,,,,,,,,,,,,,,,,,,,0.00,0.00,0.00,0.00,0.00,0.00,0.00,0.00,0.00,0.00,0.00,0.00,0.00,0.00,0.00,0.00,0.00,0.00,0.00,0.00,0.00,0.00,0.00,0.00,0.00,0.00,0.00,
accumulatedAmortization,,,,,,,,,,,,,,,,,,,,,,,,,,,,,,,,,,,,,,,,,,,,,,,,
nonCurrrentAssetsOther,-28136000.00,-27970000.00,-28007000.00,-27936000.00,2699456000.00,2696334000.00,2515805000.00,2631838000.00,2466685000.00,2256835000.00,2090803000.00,1929497000.00,1949058000.00,2021233000.00,2101355000.00,1784134000.00,1674697000.00,1671447000.00,1618440000.00,1603324000.00,1731512000.00,1817516000.00,1744155000.00,1770219000.00,1587468000.00,1662570000.00,1429000000.00,1373703000.00,1565139000.00,1332071000.00,-60978000.00,-61800000.00,-60148000.00,-60077000.00,-58525000.00,-58889000.00,-59614000.00,-58558000.00,-60132000.00,-59640000.00,-60878000.00,581059000.00,387859000.00,845000.00,2938000.00,2964000.00,1631000.00,
deferredLongTermAssetCharges,,,,,,,,,,,,,,,,,,,,,,,,,,,,,,,,,,,,,,,,,,,,,,,,
nonCurrentAssetsTotal,28136000.00,27970000.00,28007000.00,27936000.00,2727186000.00,2696334000.00,2515805000.00,2631838000.00,2466685000.00,2256835000.00,2090803000.00,1929497000.00,1949058000.00,2021233000.00,2101355000.00,1784134000.00,1674697000.00,1671447000.00,1618440000.00,1603324000.00,1731512000.00,1817516000.00,1744155000.00,1770219000.00,1587468000.00,1662570000.00,1429000000.00,1373703000.00,1565139000.00,1332071000.00,60978000.00,61800000.00,60148000.00,60077000.00,58525000.00,58889000.00,59614000.00,58558000.00,60132000.00,59640000.00,60878000.00,581059000.00,387859000.00,5168000.00,2938000.00,2964000.00,1631000.00,
capitalLeaseObligations,,,,,,,,,,,,,,,,,,,,,,,,,,,,,,,,,,,,,,,,,,,,,,,,
longTermDebtTotal,,988947000.00,989595000.00,1031335000.00,1075883000.00,1023079000.00,1056092000.00,1083151000.00,1107476000.00,1143655000.00,1139530000.00,675498000.00,666128000.00,655407000.00,1608547000.00,1335623000.00,1226900000.00,1223934000.00,1172288000.00,379082000.00,379486000.00,379372000.00,379190000.00,378806000.00,422722000.00,421871000.00,420728000.00,149878000.00,207057000.00,174861000.00,304921000.00,348911000.00,436417000.00,450788000.00,548513000.00,789306000.00,613530000.00,511314000.00,462974000.00,462842000.00,81495000.00,67535000.00,69634000.00,69114000.00,,,,
nonCurrentLiabilitiesOther,,19436000.00,15024000.00,13969000.00,12454000.00,10436000.00,9794000.00,9182000.00,9982000.00,9679000.00,8151000.00,11158000.00,8703000.00,9569000.00,12850000.00,9865000.00,9900000.00,9066000.00,9271000.00,8604000.00,4623000.00,4201000.00,4258000.00,3933000.00,3734000.00,3637000.00,3331000.00,3334000.00,3703000.00,91633000.00,37696000.00,40998000.00,42628000.00,34227000.00,39859000.00,34780000.00,36113000.00,39023000.00,39560000.00,33515000.00,43568000.00,5632000.00,5471000.00,3627000.00,,,,
nonCurrentLiabilitiesTotal,1575607000.00,1604261000.00,1621508000.00,1671002000.00,1960109000.00,1023079000.00,1056092000.00,1083151000.00,1107476000.00,1143655000.00,1139530000.00,675498000.00,666128000.00,655407000.00,654263000.00,607034000.00,606870000.00,606410000.00,587019000.00,379082000.00,444797000.00,444683000.00,435510000.00,378806000.00,479042000.00,494799000.00,457008000.00,149878000.00,284736000.00,174861000.00,255343000.00,324105000.00,352906000.00,398936000.00,408824000.00,596141000.00,595986000.00,529082000.00,527374000.00,462842000.00,150595000.00,99915000.00,99449000.00,72741000.00,50887000.00,1334000.00,53584000.00,
negativeGoodwill,,,,,,,,,,,,,,,,,,,,,,,,,,,,,,,,,,,,,,,,,,,,,,,,
warrants,,,,,,,,,,,,,,,,,,,,,,,,,,,,,,,,,,,,,,,,,,,,,,,,
preferredStockRedeemable,,,,,,,,,,,,,,,,,,,,,,,,,,,,,,,,,,,,,,,,,,,,,,,,
capitalSurpluse,,810161000.00,813748000.00,812788000.00,812050000.00,811411000.00,707579000.00,703950000.00,701370000.00,700994000.00,598936000.00,497803000.00,497421000.00,497054000.00,496689000.00,423619000.00,423137000.00,422658000.00,422231000.00,421739000.00,421415000.00,421086000.00,420871000.00,420637000.00,420428000.00,420251000.00,420154000.00,420056000.00,419946000.00,420013000.00,420983000.00,421179000.00,421006000.00,420758000.00,420543000.00,420344000.00,420182000.00,419930000.00,419669000.00,419405000.00,419251000.00,404005000.00,169336000.00,169200000.00,169210000.00,169075000.00,29985000.00,
liabilitiesAndStockholdersEquity,2363176000.00,2400011000.00,2444320000.00,2523002000.00,2727186000.00,2696334000.00,2515805000.00,2631838000.00,2466685000.00,2256835000.00,2090803000.00,1929497000.00,1949058000.00,2021233000.00,2101355000.00,1784134000.00,1674697000.00,1671447000.00,1618440000.00,1603324000.00,1731512000.00,1817516000.00,1744155000.00,1770219000.00,1587468000.00,1662570000.00,1429000000.00,1373703000.00,1565139000.00,1332071000.00,1422115000.00,1378982000.00,1502186000.00,1544838000.00,1589781000.00,1867653000.00,1402478000.00,1421588000.00,1257861000.00,1176915000.00,839806000.00,581059000.00,387859000.00,387859000.00,220253000.00,171259000.00,84901000.00,
cashAndShortTermInvestments,89153000.00,170573000.00,181771000.00,2405286000.00,105027000.00,25625000.00,13759000.00,50615000.00,15787000.00,75671000.00,97944000.00,74776000.00,81295000.00,72987000.00,74498000.00,5256000.00,5952000.00,5215000.00,12814000.00,11089000.00,5034000.00,5045000.00,5201000.00,28343000.00,28245000.00,5723000.00,44400000.00,47270000.00,41768000.00,5309000.00,6164000.00,8995000.00,10399000.00,8105000.00,9005000.00,16551000.00,11448000.00,20152000.00,30402000.00,20100000.00,12553000.00,40235000.00,23390000.00,26600000.00,214522000.00,165628000.00,4586000.00,
propertyPlantAndEquipmentGross,,,,,,,,,,,,,,,,,,,,,,,,,,,,,,,,,,,,,,,,,,,,,,,,
propertyPlantAndEquipmentNet,,,,,,,,,,,,,,,,,,,,,,,,,,,,,,,,,,,,,,,,,,,,,,,,
accumulatedDepreciation,,,,,,,,,,,,,,,,,,,,,,,,,,,,,,,,,,,,,,,,,,,,,,,,
netWorkingCapital,,,,,,,,,,,,,,,,,,,,,,,,,,,,,,,,,,,,,,,,,,,,,,,,
netInvestedCapital,2326556000.00,1680138000.00,1707898000.00,1778875000.00,2670009000.00,2641490000.00,2464800000.00,2601826000.00,2415585000.00,2206249000.00,2044437000.00,1799941000.00,1681284000.00,1120533000.00,1804935000.00,,,,,,,,,,,,,,,,,,,,,,,,,,,,,,,,,
commonStockSharesOutstanding,54796413.00,54347204.00,54591650.00,54894888.00,54846756.00,50999505.00,47654549.00,47312873.00,47209469.00,41294597.00,34720950.00,33196508.00,33550444.00,33539580.00,31897952.00,28872975.00,28867603.00,28863765.00,28780980.00,28709145.00,28698600.00,28618308.00,28598916.00,28590179.00,28582690.00,28546624.00,28482756.00,28482756.00,28513137.00,28495833.00,28602054.00,28597568.00,28609650.00,28585780.00,28584784.00,28585022.00,28604798.00,28590689.00,28550982.00,19038152.00,28027719.00,10257250.00,6567309.00,9212644.00,9205480.00,6576923.00,9235135.00,
investments,-47689000.00,19244000.00,70058000.00,257127000.00,12246000.00,-165880000.00,51453000.00,-124606000.00,-267126000.00,-176599000.00,-131354000.00,23396000.00,87772000.00,80916000.00,-273951000.00,-106614000.00,-536000.00,-58291000.00,-8985000.00,139282000.00,86283000.00,-71354000.00,3713000.00,-255237000.00,100427000.00,-268171000.00,-56687000.00,199136000.00,-366032000.00,93473000.00,-59524000.00,61594000.00,10067000.00,-47166000.00,159823000.00,-238879000.00,-9247000.00,-115397000.00,-146664000.00,-265658000.00,-165745000.00,-115522000.00,-55704000.00,-162732000.00,-112333000.00,39000.00,-73129000.00,
changeToLiabilities,,1025000.00,-24000.00,1391000.00,1653000.00,1399000.00,-1857000.00,993000.00,357000.00,1702000.00,-854000.00,2094000.00,-845000.00,-1066000.00,-345000.00,-279000.00,176000.00,901000.00,-1005000.00,196000.00,-252000.00,291000.00,316000.00,435000.00,483000.00,142000.00,-65000.00,-242000.00,4342000.00,3193000.00,-5446000.00,1213000.00,3626000.00,-2947000.00,1851000.00,-664000.00,971000.00,-2358000.00,599000.00,-2653000.00,3870000.00,835000.00,1272000.00,1303000.00,636000.00,1033000.00,-255000.00,
totalCashflowsFromInvestingActivities,,19244000.00,70058000.00,257127000.00,12246000.00,-165880000.00,89680000.00,-124606000.00,-267126000.00,-176599000.00,-131354000.00,23396000.00,87772000.00,80916000.00,-273951000.00,-106614000.00,-536000.00,-58291000.00,-8985000.00,139282000.00,86283000.00,-71354000.00,3713000.00,-181337000.00,100427000.00,-268171000.00,-56687000.00,199136000.00,-276053000.00,93460000.00,-59863000.00,61080000.00,84664000.00,-47172000.00,159767000.00,-239486000.00,-11486000.00,-115589000.00,-66519000.00,-350458000.00,-223013000.00,-116522000.00,-55704000.00,-162732000.00,-112271000.00,-903000.00,-72249000.00,
netBorrowings,,-18359000.00,-49481000.00,-189040000.00,45837000.00,78190000.00,-128951000.00,146065000.00,214139000.00,58112000.00,62827000.00,-26497000.00,-75666000.00,-76222000.00,272530000.00,102828000.00,2506000.00,52130000.00,16248000.00,-136758000.00,-88212000.00,71168000.00,-28506000.00,-98600000.00,-79509000.00,233231000.00,68720000.00,-161782000.00,310144000.00,-94672000.00,23410000.00,-28362000.00,-86130000.00,46149000.00,-236165000.00,208221000.00,-297337000.00,114296000.00,76262000.00,-36239000.00,191850000.00,-107270000.00,55955000.00,161485000.00,48337000.00,-48330000.00,46693000.00,
totalCashFromFinancingActivities,-47443000.00,-42305000.00,-68828000.00,-208236000.00,26511000.00,164809000.00,-142751000.00,141364000.00,196743000.00,144469000.00,144598000.00,-38933000.00,-88045000.00,-88702000.00,334926000.00,98342000.00,-7268000.00,41146000.00,3921000.00,-144157000.00,-96457000.00,62768000.00,-36550000.00,174055000.00,-88757000.00,222657000.00,47614000.00,-201987000.00,344745000.00,-108925000.00,39224000.00,-133427000.00,-63955000.00,-51165000.00,-292867000.00,454403000.00,-26440000.00,155347000.00,69135000.00,337847000.00,192065000.00,133413000.00,160498000.00,160498000.00,47782000.00,84257000.00,75816000.00,
changeToOperatingActivities,,,,,-6248000.00,-4487000.00,-4487000.00,-824000.00,-7025000.00,-4967000.00,-3531000.00,-3948000.00,-5458000.00,-4412000.00,-1688000.00,-2409000.00,-1026000.00,-508000.00,-2699000.00,591000.00,654000.00,-1006000.00,510000.00,-1539000.00,197000.00,-977000.00,-587000.00,43278000.00,86000.00,1648000.00,,62739000.00,,,,-56155000.00,,,,,,,,,,,,
changeInCash,-81586000.00,-11161000.00,12486000.00,63981000.00,51672000.00,11866000.00,-36856000.00,34828000.00,-59884000.00,-22273000.00,23168000.00,-6519000.00,8308000.00,-1890000.00,69242000.00,-696000.00,737000.00,-7599000.00,1725000.00,6055000.00,-11000.00,-156000.00,-23142000.00,98000.00,22522000.00,-38677000.00,-2870000.00,5502000.00,35457000.00,147000.00,-2831000.00,-1404000.00,2294000.00,-900000.00,-7546000.00,5103000.00,-8704000.00,-10250000.00,10302000.00,7547000.00,-27682000.00,17685000.00,-593000.00,-593000.00,-63472000.00,82869000.00,3346000.00,
beginPeriodCashFlow,142603000.00,153764000.00,141278000.00,77297000.00,25625000.00,13759000.00,50615000.00,15787000.00,75671000.00,97944000.00,74776000.00,81295000.00,72987000.00,74877000.00,5635000.00,6331000.00,5594000.00,13193000.00,11468000.00,5413000.00,5424000.00,5580000.00,28722000.00,28245000.00,5723000.00,44400000.00,47270000.00,41768000.00,6311000.00,6164000.00,8995000.00,10399000.00,8105000.00,9005000.00,16551000.00,11448000.00,20152000.00,30402000.00,20100000.00,12553000.00,40235000.00,22550000.00,23983000.00,23983000.00,87455000.00,4586000.00,1240000.00,
endPeriodCashFlow,61017000.00,142603000.00,153764000.00,141278000.00,77297000.00,25625000.00,13759000.00,50615000.00,15787000.00,75671000.00,97944000.00,74776000.00,81295000.00,72987000.00,74877000.00,5635000.00,6331000.00,5594000.00,13193000.00,11468000.00,5413000.00,5424000.00,5580000.00,28343000.00,28245000.00,5723000.00,44400000.00,47270000.00,41768000.00,6311000.00,6164000.00,8995000.00,10399000.00,8105000.00,9005000.00,16551000.00,11448000.00,20152000.00,30402000.00,20100000.00,12553000.00,40235000.00,23390000.00,23390000.00,23983000.00,87455000.00,4586000.00,
totalCashFromOperatingActivities,13546000.00,11900000.00,11256000.00,15090000.00,12915000.00,12937000.00,16215000.00,18070000.00,10499000.00,9857000.00,9924000.00,9018000.00,8581000.00,5896000.00,8267000.00,7576000.00,8541000.00,9546000.00,6789000.00,10930000.00,10163000.00,8430000.00,9695000.00,7380000.00,10852000.00,6837000.00,6203000.00,8353000.00,-33235000.00,15612000.00,17808000.00,70943000.00,-18415000.00,97437000.00,125554000.00,-209814000.00,29222000.00,-50008000.00,7686000.00,20158000.00,3266000.00,794000.00,1641000.00,1641000.00,1017000.00,-485000.00,-221000.00,
issuanceOfCapitalStock,0.00,0.00,0.00,0.00,0.00,103393000.00,2874000.00,2119000.00,0.00,101790000.00,,,,,,,,,,,,,,,,,,,,,,,,,,,,,,,,,,,,,,
depreciation,265000.00,-968000.00,979000.00,-776000.00,-354000.00,-253000.00,2220000.00,9895000.00,7111000.00,4491000.00,2232000.00,224000.00,223000.00,224000.00,221000.00,219000.00,206000.00,188000.00,54000.00,5720000.00,-776000.00,-82000.00,1487000.00,7608000.00,-580000.00,1004000.00,1733000.00,6272000.00,55000.00,57000.00,55000.00,55000.00,55000.00,55000.00,54000.00,62000.00,36000.00,33000.00,29000.00,29000.00,173000.00,-303000.00,227000.00,0.00,171000.00,59000.00,125000.00,
otherCashflowsFromInvestingActivities,,,,,565000.00,6451000.00,38227000.00,3546000.00,3294000.00,112000.00,530000.00,548000.00,90000.00,350000.00,3538000.00,2554000.00,1824000.00,1732000.00,-8985000.00,1814000.00,1073000.00,1891000.00,1040000.00,73900000.00,0.00,0.00,0.00,96440000.00,89979000.00,-13000.00,-339000.00,-604000.00,74625000.00,112657000.00,159823000.00,-52000.00,-2215000.00,0.00,80197000.00,-84769000.00,-57258000.00,-1000000.00,0.00,0.00,0.00,0.00,880000.00,
dividendsPaid,-19180000.00,-19346000.00,-19347000.00,-19196000.00,19197000.00,16740000.00,16674000.00,16523000.00,16528000.00,14249000.00,11124000.00,11071000.00,11072000.00,11057000.00,9565000.00,9526000.00,9527000.00,9520000.00,8914000.00,8323000.00,8036000.00,8007000.00,7722000.00,7717000.00,7717000.00,7691000.00,7406000.00,7406000.00,7412000.00,7430000.00,7152000.00,7151000.00,7153000.00,7146000.00,7147000.00,7151000.00,7151000.00,7148000.00,7127000.00,7119000.00,6822000.00,2317000.00,555000.00,555000.00,555000.00,102000.00,502000.00,
changeToInventory,,,,,,,,,,,,,,,,,,,,,0.00,0.00,0.00,0.00,0.00,0.00,0.00,0.00,0.00,0.00,0.00,0.00,0.00,0.00,0.00,0.00,0.00,0.00,0.00,0.00,0.00,0.00,0.00,0.00,0.00,0.00,0.00,
changeToAccountReceivables,,,,,,,,,,,,6410000.00,,,,,,,,,0.00,0.00,0.00,0.00,0.00,0.00,0.00,0.00,0.00,0.00,0.00,0.00,0.00,0.00,0.00,0.00,0.00,0.00,0.00,1566000.00,0.00,-848000.00,-718000.00,0.00,0.00,0.00,0.00,
salePurchaseOfStock,0.00,-4600000.00,,,,103393000.00,2874000.00,451382000.00,,133473000.00,623930000.00,,,,365638000.00,,,,,,0.00,0.00,0.00,-10681000.00,0.00,0.00,-10669000.00,-37020000.00,-1297000.00,-1078000.00,-358000.00,-45635000.00,0.00,-2331000.00,3921000.00,77712000.00,0.00,0.00,0.00,1095587000.00,255792000.00,243000000.00,0.00,-432000.00,165850000.00,139434000.00,29123000.00,
otherCashflowsFromFinancingActivities,27009000.00,-3006000.00,12365000.00,40533000.00,103534000.00,186254000.00,37241000.00,-3363000.00,406723000.00,-1184000.00,-7975000.00,14437000.00,120428000.00,36077000.00,-1271000.00,377677000.00,135788000.00,227070000.00,276279000.00,175147000.00,98515000.00,311907000.00,54350000.00,389042000.00,156234000.00,284382000.00,348077000.00,-38362000.00,1456596000.00,-2598000.00,-1448000.00,340887000.00,286023000.00,350264000.00,200232000.00,755380000.00,787417000.00,332319000.00,187698000.00,-6640000.00,-884000.00,-107270000.00,326903000.00,-52203000.00,48337000.00,-58193000.00,52918000.00,
changeToNetincome,,21132000.00,27592000.00,20140000.00,20158000.00,8467000.00,-2025000.00,1260000.00,6795000.00,-5275000.00,-2719000.00,-1495000.00,-672000.00,357000.00,27342000.00,482000.00,479000.00,427000.00,492000.00,324000.00,329000.00,215000.00,234000.00,977000.00,177000.00,97000.00,98000.00,-36000.00,-56150000.00,4912000.00,-25087000.00,58138000.00,-32398000.00,88882000.00,53837000.00,-174743000.00,27392000.00,-53006000.00,3072000.00,18389000.00,-6298000.00,-2038000.00,534000.00,233000.00,135000.00,67000.00,,
capitalExpenditures,0,0,0,0,0,0,0,58000,60000,0,0,31000,6000,10000,227000,100000,1334000,252000,0,0,0,0,0,0,0,0,0,0,0,0,0,90000,28000,6000,56000,607000,2239000,192000,52000,31000,10000,0,0,0,0,62000,0,
changeReceivables,,,,,,,,,,,,,,,,,,,,,,,,,,,,,,,,,,,,,,,,,,-848000.00,-718000.00,-875000.00,-291000.00,-59000.00,-518000.00,
cashFlowsOtherOperating,,-7090000.00,-8617000.00,-7843000.00,-7901000.00,-5886000.00,3956000.00,-1817000.00,-7382000.00,-6669000.00,-2677000.00,-6042000.00,-4613000.00,-3346000.00,-1343000.00,-2130000.00,-1202000.00,-1409000.00,-1694000.00,395000.00,906000.00,-1297000.00,194000.00,-542000.00,-286000.00,-1119000.00,-587000.00,460000.00,-1151000.00,-3087000.00,41280000.00,-1040000.00,-2219000.00,-663000.00,59120000.00,-44655000.00,-5360000.00,-2674000.00,-1378000.00,1118000.00,-3677000.00,-117000.00,323000.00,-101000.00,920000.00,-1410000.00,-24000.00,
exchangeRateChanges,,,,,,,,,,,,,,,,,,,,,,,,,,,,,,,,,,,,,,,,,,,,,,,,
cashAndCashEquivalentsChanges,,-11161000.00,12486000.00,63981000.00,51672000.00,11866000.00,-36856000.00,34828000.00,-59884000.00,-22273000.00,23168000.00,-6519000.00,8308000.00,-1890000.00,69242000.00,-696000.00,737000.00,-7599000.00,1725000.00,6055000.00,-11000.00,-156000.00,-23142000.00,98000.00,22522000.00,-38677000.00,-2870000.00,5502000.00,35457000.00,147000.00,-2831000.00,-1404000.00,2294000.00,-900000.00,-7546000.00,5103000.00,-8704000.00,-10250000.00,10302000.00,7547000.00,-27682000.00,17685000.00,-840000.00,-593000.00,-63472000.00,82869000.00,3346000.00,
changeInWorkingCapital,-4336000.00,-6065000.00,-8641000.00,-6452000.00,-6248000.00,-4487000.00,2099000.00,-824000.00,-7025000.00,-4967000.00,-3531000.00,-3948000.00,-5458000.00,-4412000.00,-1688000.00,-2409000.00,-1026000.00,-508000.00,-2699000.00,591000.00,654000.00,-1006000.00,510000.00,-107000.00,197000.00,-977000.00,-652000.00,72000.00,4428000.00,4841000.00,33937000.00,-625000.00,3088000.00,1528000.00,58748000.00,-41779000.00,-7667000.00,-3823000.00,-2886000.00,-4213000.00,4396000.00,-502000.00,327000.00,-202142000.00,1265000.00,-436000.00,-797000.00,
stockBasedCompensation,985000.00,1005000.00,960000.00,738000.00,673000.00,699000.00,766000.00,494000.00,428000.00,497000.00,521000.00,383000.00,366000.00,365000.00,225000.00,482000.00,479000.00,427000.00,492000.00,324000.00,329000.00,215000.00,234000.00,209000.00,177000.00,97000.00,98000.00,110000.00,-67000.00,107000.00,162000.00,173000.00,248000.00,215000.00,199000.00,162000.00,252000.00,261000.00,264000.00,150000.00,139000.00,99000.00,136000.00,,135000.00,,,
otherNonCashItems,950000.00,19159000.00,24397000.00,18670000.00,17846000.00,6948000.00,-2851000.00,481000.00,7144000.00,-3288000.00,434000.00,54000.00,-4215000.00,4181000.00,-124000.00,291000.00,-153000.00,-314000.00,399000.00,-4000.00,-776000.00,-82000.00,-367000.00,327000.00,-580000.00,1004000.00,279000.00,-550000.00,-48563000.00,-533000.00,-22294000.00,60018000.00,-34671000.00,83693000.00,57273000.00,-177957000.00,32854000.00,-53620000.00,6156000.00,21890000.00,-8901000.00,-2068000.00,97000.00,690000.00,171000.00,126000.00,-57000.00,
freeCashFlow,13546000.00,11900000.00,11256000.00,15090000.00,12915000.00,12937000.00,16215000.00,18012000.00,10439000.00,9857000.00,9924000.00,8987000.00,8575000.00,5886000.00,8040000.00,7476000.00,7207000.00,9546000.00,6789000.00,10930000.00,10163000.00,8430000.00,9695000.00,7380000.00,10852000.00,6837000.00,6203000.00,8353000.00,-33235000.00,15612000.00,17808000.00,71033000.00,-18443000.00,97431000.00,125498000.00,-210421000.00,26983000.00,-50200000.00,7634000.00,20127000.00,3256000.00,794000.00,1641000.00,1641000.00,1017000.00,-485000.00,-221000.00,
researchDevelopment,,,,,,,,,,,,,,,,,,,,0.00,0.00,0.00,0.00,0.00,0.00,0.00,0.00,0.00,0.00,0.00,0.00,0.00,0.00,0.00,0.00,0.00,0.00,0.00,0.00,0.00,0.00,0.00,0.00,0.00,0.00,0.00,0.00,
effectOfAccountingCharges,,,,,,,,,,,,,,,,,,,,0.00,0.00,0.00,0.00,0.00,0.00,0.00,0.00,0.00,0.00,0.00,0.00,0.00,0.00,0.00,0.00,0.00,0.00,0.00,0.00,0.00,0.00,0.00,0.00,0.00,0.00,0.00,0.00,
incomeBeforeTax,9168000.00,-2244000.00,-6329000.00,3173000.00,649000.00,10129000.00,16306000.00,17284000.00,9951000.00,18023000.00,15925000.00,14409000.00,15109000.00,9928000.00,-17254000.00,9843000.00,9053000.00,9973000.00,8639000.00,10061000.00,10193000.00,9389000.00,9399000.00,6212000.00,11112000.00,6740000.00,6546000.00,8783000.00,7840000.00,7295000.00,5677000.00,11631000.00,12941000.00,12023000.00,8653000.00,9841000.00,2929000.00,6721000.00,4081000.00,2222000.00,8127000.00,3265000.00,1081000.00,1081000.00,-554000.00,-175000.00,508000.00,
minorityInterest,,,,,,,,,,,,,,,,,,,,0.00,0.00,0.00,0.00,25000.00,0.00,-25000.00,25000.00,656000.00,1299000.00,1288000.00,1289000.00,2175000.00,2331000.00,2296000.00,2233000.00,220000.00,0.00,0.00,0.00,0.00,0.00,0.00,0.00,0.00,0.00,0.00,0.00,
sellingGeneralAdministrative,2373000.00,3147000.00,2417000.00,2913000.00,2427000.00,2383000.00,2447000.00,1974000.00,1892000.00,1983000.00,1909000.00,1698000.00,1771000.00,1997000.00,1919000.00,1799000.00,1836000.00,1800000.00,1779000.00,1838000.00,1722000.00,1619000.00,1698000.00,1838000.00,1710000.00,1589000.00,1590000.00,1726000.00,1550000.00,1346000.00,7131000.00,6993000.00,8588000.00,8007000.00,7533000.00,8410000.00,8141000.00,8110000.00,7240000.00,6200000.00,4275000.00,1316000.00,2479000.00,1041000.00,788000.00,654000.00,102000.00,
sellingAndMarketingExpenses,,,,,,,,,,,,,,,,,,,,,,,,,,,,,,,,,,,,,,,,,,,,,1257000.00,727000.00,,
grossProfit,20176000.00,4863000.00,-131000.00,-22159000.00,7786000.00,17378000.00,20308000.00,11553000.00,15498000.00,23490000.00,21186000.00,-17106000.00,19366000.00,13231000.00,-12659000.00,-1402000.00,13009000.00,14557000.00,14103000.00,14526000.00,13984000.00,13636000.00,13137000.00,10872000.00,14726000.00,10411000.00,10339000.00,12610000.00,11758000.00,10514000.00,10494000.00,20940000.00,17877000.00,16272000.00,13234000.00,20774000.00,8191000.00,11723000.00,9856000.00,6697000.00,9118000.00,6845000.00,1136000.00,3515000.00,1491000.00,1206000.00,610000.00,
reconciledDepreciation,,,,-776000.00,-354000.00,-253000.00,2220000.00,9895000.00,7111000.00,4491000.00,2232000.00,224000.00,223000.00,224000.00,221000.00,219000.00,206000.00,188000.00,54000.00,,,,,,,,,,55000.00,57000.00,55000.00,55000.00,55000.00,55000.00,54000.00,62000.00,36000.00,33000.00,29000.00,29000.00,,,,,,,,
ebit,,32097000.00,-29328000.00,25317000.00,19011000.00,23857000.00,28319000.00,-68697000.00,13899000.00,21680000.00,19244000.00,25908000.00,26984000.00,22970000.00,-1720000.00,24887000.00,24177000.00,26648000.00,24379000.00,38596000.00,10193000.00,9389000.00,9399000.00,30432000.00,11058000.00,6713000.00,6478000.00,19192000.00,27621000.00,17111000.00,12913000.00,18212000.00,19317000.00,18428000.00,16598000.00,18043000.00,12794000.00,15314000.00,10838000.00,7596000.00,9127000.00,3265000.00,221000.00,-2548000.00,-2045000.00,-175000.00,508000.00,
ebitda,17803000.00,2199000.00,3026000.00,24541000.00,19011000.00,23604000.00,28319000.00,31462000.00,22620000.00,29115000.00,28064000.00,26132000.00,27207000.00,23194000.00,-1499000.00,25106000.00,24383000.00,26836000.00,24433000.00,26419000.00,26571000.00,25357000.00,23698000.00,20560000.00,24937000.00,18972000.00,17309000.00,19025000.00,27676000.00,17168000.00,12968000.00,18267000.00,19372000.00,18483000.00,16652000.00,18105000.00,12830000.00,15347000.00,10867000.00,7625000.00,11768000.00,6643000.00,1081000.00,,-554000.00,-175000.00,508000.00,
depreciationAndAmortization,,,32354000.00,-776000.00,-354000.00,-253000.00,2220000.00,9895000.00,8721000.00,7435000.00,8820000.00,224000.00,223000.00,224000.00,221000.00,219000.00,206000.00,188000.00,54000.00,-12177000.00,,,,-9872000.00,13879000.00,12259000.00,10831000.00,-167000.00,55000.00,57000.00,55000.00,55000.00,55000.00,55000.00,54000.00,62000.00,36000.00,33000.00,29000.00,29000.00,2641000.00,,860000.00,,,,,
nonOperatingIncomeNetOther,,,,,,,2197000.00,,,,,,,,,,,,,,,,,-768000.00,,,,,,,,,,,,,,,,-1145000.00,5185000.00,2137000.00,,,,,,
operatingIncome,17803000.00,2199000.00,-29328000.00,25317000.00,19011000.00,23857000.00,28319000.00,31462000.00,13899000.00,21680000.00,19244000.00,38012000.00,17768000.00,15610000.00,-14430000.00,47895000.00,11462000.00,12996000.00,12505000.00,38596000.00,26571000.00,25357000.00,23698000.00,30432000.00,11058000.00,6713000.00,6478000.00,30451000.00,7679000.00,7292000.00,8204000.00,-39247000.00,15384000.00,14445000.00,11194000.00,-19514000.00,7259000.00,10957000.00,8278000.00,26251000.00,9127000.00,6643000.00,221000.00,-2548000.00,-554000.00,-175000.00,508000.00,
otherOperatingExpenses,6080000.00,22791000.00,23475000.00,25479000.00,2427000.00,7249000.00,2447000.00,1974000.00,13305000.00,1851000.00,1979000.00,44684000.00,4606000.00,2372000.00,35564000.00,29364000.00,8385000.00,8679000.00,1652000.00,1837000.00,1722000.00,1619000.00,1698000.00,1838000.00,1710000.00,1589000.00,1590000.00,1726000.00,1550000.00,1346000.00,6802000.00,6993000.00,8532000.00,7686000.00,7243000.00,8410000.00,7776000.00,8214000.00,7165000.00,12335000.00,3950000.00,1316000.00,2139000.00,0.00,2443000.00,1734000.00,441000.00,
interestExpense,-29745000.00,26951000.00,22999000.00,22144000.00,18362000.00,13475000.00,12013000.00,14180000.00,12669000.00,11092000.00,12139000.00,11499000.00,11875000.00,13042000.00,15534000.00,15044000.00,15124000.00,16675000.00,15740000.00,16357000.00,16378000.00,15968000.00,14299000.00,14348000.00,13825000.00,12232000.00,10788000.00,10898000.00,9018000.00,8415000.00,8525000.00,8756000.00,8707000.00,8701000.00,10178000.00,8422000.00,9865000.00,8593000.00,6757000.00,5374000.00,3641000.00,3378000.00,2342000.00,3629000.00,398000.00,353000.00,339000.00,
taxProvision,-16000.00,-46000.00,110000.00,264000.00,5000.00,98000.00,105000.00,129000.00,0.00,408000.00,185000.00,2000.00,181000.00,160000.00,9000.00,183000.00,19000.00,218000.00,96000.00,,,,,,,,,,,,,,,,,,,,,,,,,,,,,
interestIncome,52819000.00,51941000.00,49500000.00,52552000.00,45633000.00,38621000.00,33364000.00,38044000.00,34023000.00,30859000.00,30704000.00,29144000.00,30626000.00,29835000.00,31448000.00,28536000.00,28269000.00,29993000.00,27986000.00,,,,,,,,,,,,,,,,,,,,,,,,,,,,,
netInterestIncome,23074000.00,24990000.00,26501000.00,30408000.00,27271000.00,25146000.00,21351000.00,23864000.00,21354000.00,19767000.00,18565000.00,17645000.00,18751000.00,16793000.00,15914000.00,13492000.00,13145000.00,13318000.00,12246000.00,,,,,,,,,,,,,,,,,,,,,,,,,,,,,
extraordinaryItems,,,,,,,,,,,,,,,,,,,,0.00,0.00,0.00,0.00,0.00,0.00,0.00,0.00,14417000.00,0.00,0.00,0.00,0.00,0.00,0.00,0.00,0.00,0.00,0.00,0.00,0.00,0.00,0.00,0.00,0.00,0.00,0.00,0.00,
nonRecurring,,,,,,,,,,,,,,,,,,,,0.00,0.00,0.00,0.00,0.00,0.00,0.00,0.00,0.00,0.00,0.00,0.00,0.00,0.00,0.00,0.00,20000.00,0.00,0.00,0.00,0.00,0.00,0.00,0.00,0.00,0.00,0.00,0.00,
otherItems,,,,,,,,,,,,,,,,,,,,0.00,0.00,0.00,0.00,0.00,0.00,0.00,0.00,0.00,0.00,0.00,0.00,0.00,0.00,0.00,0.00,0.00,0.00,0.00,0.00,0.00,0.00,0.00,0.00,0.00,0.00,0.00,0.00,
incomeTaxExpense,-16000.00,-46000.00,110000.00,264000.00,5000.00,98000.00,105000.00,130000.00,13899000.00,408000.00,185000.00,2000.00,181000.00,160000.00,9000.00,183000.00,19000.00,218000.00,96000.00,43000.00,236000.00,86000.00,81000.00,29000.00,54000.00,27000.00,68000.00,62000.00,161000.00,3000.00,-748000.00,579000.00,1231000.00,760000.00,-642000.00,721000.00,-1173000.00,83000.00,-674000.00,-320000.00,496000.00,0.00,-1081000.00,0.00,554000.00,0.00,0.00,
totalRevenue,23883000.00,24990000.00,20888000.00,30408000.00,27271000.00,25146000.00,26220000.00,30111000.00,27204000.00,23531000.00,21223000.00,21206000.00,22364000.00,13984000.00,21134000.00,21580000.00,19847000.00,21675000.00,14157000.00,14525000.00,13984000.00,13636000.00,13137000.00,10872000.00,14726000.00,10411000.00,10339000.00,12610000.00,11758000.00,10514000.00,14778000.00,20940000.00,23798000.00,21706000.00,17871000.00,20774000.00,12895000.00,16233000.00,13877000.00,12153000.00,11399000.00,6845000.00,2226000.00,2226000.00,1889000.00,1559000.00,949000.00,
totalOperatingExpenses,2373000.00,2664000.00,2456000.00,25479000.00,2427000.00,2383000.00,2447000.00,1974000.00,1892000.00,1983000.00,1909000.00,1698000.00,1771000.00,1997000.00,1919000.00,1800000.00,1836000.00,1800000.00,1779000.00,1838000.00,1722000.00,1619000.00,1698000.00,1838000.00,1710000.00,1589000.00,1590000.00,1726000.00,1550000.00,1346000.00,7131000.00,6993000.00,8588000.00,8007000.00,7533000.00,8410000.00,8141000.00,8110000.00,7240000.00,6200000.00,4275000.00,1316000.00,1049000.00,4000000.00,2045000.00,1381000.00,102000.00,
costOfRevenue,3707000.00,20127000.00,21019000.00,52567000.00,19485000.00,7768000.00,5912000.00,18558000.00,11706000.00,41000.00,37000.00,38312000.00,2998000.00,753000.00,33793000.00,22982000.00,6838000.00,7118000.00,54000.00,-1000.00,3792000.00,4246000.00,3738000.00,3892000.00,3614000.00,3671000.00,3793000.00,3827000.00,3918000.00,3219000.00,4284000.00,3361000.00,5921000.00,5434000.00,4637000.00,10930000.00,4704000.00,4510000.00,4021000.00,5456000.00,2281000.00,3581000.00,1090000.00,2235000.00,398000.00,353000.00,339000.00,
totalOtherIncomeExpenseNet,-8635000.00,-4443000.00,22999000.00,-22144000.00,-18362000.00,-13728000.00,-12013000.00,-14180000.00,9951000.00,18023000.00,15925000.00,14409000.00,15109000.00,9928000.00,-17254000.00,9843000.00,9053000.00,9973000.00,8639000.00,10062000.00,10193000.00,9389000.00,9399000.00,6212000.00,11112000.00,6740000.00,6546000.00,8783000.00,7840000.00,7295000.00,5677000.00,11631000.00,12941000.00,12023000.00,8653000.00,9841000.00,2929000.00,6721000.00,4081000.00,2222000.00,8127000.00,3265000.00,186000.00,0.00,0.00,0.00,508000.00,
discontinuedOperations,,,,,,,,,,,,,,,,,,,,0.00,0.00,0.00,0.00,0.00,0.00,0.00,0.00,-334000.00,1866000.00,2689000.00,0.00,6985000.00,0.00,0.00,0.00,1867000.00,0.00,0.00,0.00,0.00,0.00,0.00,0.00,0.00,0.00,0.00,0.00,
netIncomeFromContinuingOps,9184000.00,-2198000.00,-6439000.00,2909000.00,644000.00,10031000.00,16201000.00,17154000.00,9951000.00,17615000.00,15740000.00,14407000.00,14928000.00,9768000.00,-17263000.00,9660000.00,9034000.00,9755000.00,8543000.00,10018000.00,9957000.00,9303000.00,9318000.00,6183000.00,11058000.00,6713000.00,6478000.00,9055000.00,7679000.00,7292000.00,6425000.00,11052000.00,11710000.00,11263000.00,9295000.00,9121000.00,4102000.00,6638000.00,4755000.00,2543000.00,7631000.00,3265000.00,327000.00,1081000.00,-554000.00,-175000.00,508000.00,
netIncomeApplicableToCommonShares,,-2198000.00,-6439000.00,2909000.00,644000.00,10031000.00,16201000.00,17154000.00,9951000.00,17615000.00,15740000.00,14407000.00,14928000.00,9768000.00,-17263000.00,9660000.00,9034000.00,9755000.00,8543000.00,10018000.00,9957000.00,9303000.00,9318000.00,6183000.00,11058000.00,6713000.00,6453000.00,8065000.00,18442000.00,8693000.00,5136000.00,8877000.00,9379000.00,8967000.00,7062000.00,8901000.00,4102000.00,6638000.00,4755000.00,2543000.00,7631000.00,3265000.00,327000.00,1081000.00,-554000.00,-225000.00,-116000.00,
preferredStockAndOtherAdjustments,,,,,,,,,,,,,,,,,,,,,,,,,,,,,,,,,,,,,,,,,,,,,,50000.00,52000.00,
