,2023-09-30,2023-06-30,2023-03-31,2022-12-31,2022-09-30,2022-06-30,2022-03-31,2021-12-31,2021-09-30,2021-06-30,2021-03-31,2020-12-31,2020-09-30,2020-06-30,2020-03-31,2019-12-31,2019-09-30,2019-06-30,2019-03-31,2018-12-31,2018-09-30,2018-06-30,2018-03-31,2017-12-31,2017-09-30,2017-06-30,2017-03-31,2016-12-31,2016-09-30,2016-06-30,2016-03-31,2015-12-31,2015-09-30,2015-06-30,2015-03-31,2014-12-31,2014-09-30,2014-06-30,2014-03-31,2013-12-31,2013-09-30,2013-06-30,2013-03-31,2012-12-31,2012-09-30,2012-06-30,2012-03-31,2011-12-31,2011-09-30,2011-06-30,2011-03-31,2010-12-31,2010-09-30,2010-06-30,2010-03-31,2009-12-31,2009-09-30,2009-06-30,2009-03-31,2008-12-31,2008-09-30,2008-06-30,2008-03-31,2007-12-31,2007-09-30,2007-06-30,2007-03-31,2006-12-31,2006-09-30,2006-06-30,2006-03-31,2005-12-31,2005-09-30,2005-06-30,2005-03-31,2004-12-31,2001-12-31,2001-09-30,2000-09-30,2001-06-30,2001-03-31,2000-12-31,2000-06-30,2000-03-31
date,2023-09-30,2023-06-30,2023-03-31,2022-12-31,2022-09-30,2022-06-30,2022-03-31,2021-12-31,2021-09-30,2021-06-30,2021-03-31,2020-12-31,2020-09-30,2020-06-30,2020-03-31,2019-12-31,2019-09-30,2019-06-30,2019-03-31,2018-12-31,2018-09-30,2018-06-30,2018-03-31,2017-12-31,2017-09-30,2017-06-30,2017-03-31,2016-12-31,2016-09-30,2016-06-30,2016-03-31,2015-12-31,2015-09-30,2015-06-30,2015-03-31,2014-12-31,2014-09-30,2014-06-30,2014-03-31,2013-12-31,2013-09-30,2013-06-30,2013-03-31,2012-12-31,2012-09-30,2012-06-30,2012-03-31,2011-12-31,2011-09-30,2011-06-30,2011-03-31,2010-12-31,2010-09-30,2010-06-30,2010-03-31,2009-12-31,2009-09-30,2009-06-30,2009-03-31,2008-12-31,2008-09-30,2008-06-30,2008-03-31,2007-12-31,2007-09-30,2007-06-30,2007-03-31,2006-12-31,2006-09-30,2006-06-30,2006-03-31,2005-12-31,2005-09-30,2005-06-30,2005-03-31,2004-12-31,2001-12-31,2001-09-30,2000-09-30,,,,,
filing_date,2023-11-15,2023-08-09,2023-05-09,2023-02-07,2022-11-17,2022-08-10,2022-05-11,2022-02-09,2021-11-17,2021-08-11,2021-05-12,2021-02-10,2020-11-19,2020-08-05,2020-05-06,2020-02-05,2019-11-13,2019-08-07,2019-05-08,2019-02-06,2018-11-13,2018-08-08,2018-05-09,2018-02-07,2017-11-14,2017-08-09,2017-05-10,2017-02-08,2016-11-16,2016-08-10,2016-05-11,2016-02-10,2015-11-25,2015-08-12,2015-05-13,2015-02-11,2014-11-17,2014-08-06,2014-05-07,2014-02-05,2013-11-13,2013-08-07,2013-05-08,2013-02-06,2012-11-19,2012-08-08,2012-05-07,2012-02-06,2011-11-21,2011-08-05,2011-05-06,2011-02-09,2010-11-22,2010-08-06,2010-05-07,2010-02-10,2009-11-27,2009-08-07,2009-05-08,2009-02-10,2008-12-01,2008-08-08,2008-05-09,2008-02-13,2007-12-13,2007-08-09,2007-05-07,2006-12-31,2006-09-30,2006-06-30,2006-03-31,2005-12-31,2005-09-30,2005-06-30,2005-03-31,2004-12-31,,,,,,,,
currency_symbol,USD,USD,USD,USD,USD,USD,USD,USD,USD,USD,USD,USD,USD,USD,USD,USD,USD,USD,USD,USD,USD,USD,USD,USD,USD,USD,USD,USD,USD,USD,USD,USD,USD,USD,USD,USD,USD,USD,USD,USD,USD,USD,USD,USD,USD,USD,USD,USD,USD,USD,USD,USD,USD,USD,USD,USD,USD,USD,USD,USD,USD,USD,USD,USD,USD,USD,USD,USD,USD,USD,USD,USD,USD,USD,USD,USD,USD,USD,USD,,,,,
totalAssets,11233398000.00,11426443000.00,11529061000.00,11542929000.00,11268040000.00,11375181000.00,11314274000.00,11558585000.00,11851061000.00,14780069000.00,11983833000.00,12616528000.00,13119937000.00,13186028000.00,13249367000.00,15415761000.00,14670365000.00,14989220000.00,14737023000.00,14767650000.00,18959505000.00,18987551000.00,14617332000.00,18953732000.00,18611642000.00,17752591000.00,17369231000.00,13508996000.00,13726745000.00,13878327000.00,13989215000.00,13529403000.00,14014298000.00,14236126000.00,14016005000.00,14253269000.00,6123377000.00,5753742000.00,5645278000.00,5837421000.00,5665623000.00,5539368000.00,7777735000.00,5808025000.00,5664568000.00,5863640000.00,6013232000.00,5994615000.00,5789328000.00,5886631000.00,5665358000.00,5620040000.00,5242909000.00,3999840000.00,3939343000.00,3833525000.00,3789881000.00,3735197000.00,3559499000.00,3535325000.00,3596190000.00,2920991000.00,2701933000.00,2531155000.00,2491821000.00,2437189000.00,2076196000.00,1878630000.00,1825774000.00,,,,1424924000.00,,,,840243000.00,763541000.00,711694000.00,,,,,
intangibleAssets,,22354000.00,26800000.00,31300000.00,35600000.00,40400000.00,45500000.00,50200000.00,54900000.00,61700000.00,66800000.00,72000000.00,76900000.00,82000000.00,87300000.00,94300000.00,233000000.00,255200000.00,277200000.00,296700000.00,319900000.00,343200000.00,368200000.00,411800000.00,415100000.00,410300000.00,426800000.00,449800000.00,479400000.00,493200000.00,532700000.00,591600000.00,659400000.00,753200000.00,854493000.00,858900000.00,90200000.00,86700000.00,92100000.00,98400000.00,83100000.00,87400000.00,94100000.00,100700000.00,96973000.00,101933000.00,108796000.00,113514000.00,119140000.00,128386000.00,131043000.00,137863000.00,108645000.00,62514000.00,61796000.00,67025000.00,61979000.00,65395000.00,67343000.00,73145000.00,80297000.00,58420000.00,44497000.00,33876000.00,30928000.00,33916000.00,44068000.00,17414000.00,18168000.00,,,,32216000.00,,,,238279000.00,,,,,,,
earningAssets,,,,,,,,,,,,,,,,,,,,,,,,,,,,,,,,,,,,,,,,,,,,,,,,,,,,,,,,,,,,,,,,,,,,,,,,,,,,,,,,,,,,
otherCurrentAssets,319228000.00,2714945000.00,755062000.00,784816000.00,12000.00,38000.00,-15000.00,8000.00,-9000.00,13000.00,656529000.00,-9000.00,-12000.00,-24000.00,39000.00,-4000.00,-28000.00,-39000.00,39000.00,1208837000.00,21000.00,-15000.00,18000.00,-28000.00,43000.00,6000.00,41000.00,-4000.00,-40000.00,-7000.00,-4000.00,-47000.00,-50000.00,9000.00,493033000.00,11000.00,-24000.00,17000.00,25000.00,41000.00,-38000.00,46000.00,-35000.00,34000.00,157636000.00,152288000.00,117099000.00,111950000.00,107706000.00,129850000.00,128093000.00,126608000.00,163454000.00,181430000.00,191372000.00,3791000.00,74527000.00,163947000.00,81359000.00,81535000.00,75802000.00,80666000.00,56348000.00,70971000.00,67087000.00,80016000.00,56665000.00,58650000.00,52827000.00,,,,64072000.00,,,,15413000.00,18867000.00,16840000.00,,,,,
totalLiab,2217255000.00,8971678000.00,8792186000.00,8850036000.00,8662661000.00,8797337000.00,8664621000.00,8932346000.00,9021484000.00,11963091000.00,9160864000.00,9596351000.00,9706393000.00,9300159000.00,9583844000.00,11556357000.00,10771015000.00,10492208000.00,10342149000.00,10689850000.00,14681131000.00,14727417000.00,10352707000.00,14622951000.00,14396956000.00,13836242000.00,13641041000.00,9949109000.00,10174256000.00,10119120000.00,10324864000.00,10010508000.00,10383355000.00,10496059000.00,14016005000.00,10413957000.00,3850897000.00,3470269000.00,3454841000.00,3714462000.00,3591529000.00,3497503000.00,5685144000.00,3697899000.00,3440080000.00,3351830000.00,3522930000.00,3520640000.00,3394191000.00,3350405000.00,3229256000.00,3330644000.00,3104440000.00,1984241000.00,1985928000.00,1960920000.00,2035476000.00,2041421000.00,1957025000.00,2059781000.00,2122447000.00,1450762000.00,1288511000.00,1182722000.00,1192247000.00,1135466000.00,2357466000.00,2185212000.00,2097967000.00,,,,1655081000.00,,,,585193000.00,,,,,,,
totalStockholderEquity,2212332000.00,2454765000.00,2594340000.00,2555634000.00,2476654000.00,2451010000.00,2531442000.00,2510672000.00,2712470000.00,2708037000.00,2822969000.00,2908204000.00,3292558000.00,3744894000.00,3531502000.00,3673002000.00,3690576000.00,4303004000.00,4199936000.00,4077800000.00,4092780000.00,4077732000.00,4040752000.00,4104369000.00,3996126000.00,3708618000.00,3544392000.00,3378413000.00,3366921000.00,3551842000.00,3458440000.00,3314581000.00,3407748000.00,3474924000.00,3429567000.00,3550220000.00,2186517000.00,2197512000.00,2100189000.00,2036266000.00,2021443000.00,1985730000.00,2035979000.00,2049468000.00,2169464000.00,2455750000.00,2433830000.00,2412306000.00,2339711000.00,2481310000.00,2383630000.00,2236617000.00,2090012000.00,1970694000.00,1911240000.00,1839893000.00,1729718000.00,1666301000.00,1551465000.00,1428039000.00,1422993000.00,1448751000.00,1387138000.00,1326189000.00,1278485000.00,1283905000.00,-298174000.00,-324491000.00,-290894000.00,,,,-239881000.00,,,,255050000.00,,,,,,,
deferredLongTermLiab,,,,,,,,,,,,,,,,,,,,,0.00,0.00,6467000.00,32327000.00,20515000.00,0.00,0.00,12887000.00,0.00,0.00,32608000.00,32607000.00,230037000.00,236112000.00,252016000.00,293228000.00,0.00,0.00,0.00,0.00,0.00,0.00,0.00,0.00,0.00,0.00,0.00,0.00,0.00,0.00,0.00,0.00,0.00,0.00,,,,,,,,,,,,,,,,,,,,,,,,,,,,,,
otherCurrentLiab,,3502845000.00,2259713000.00,2295100000.00,2276993000.00,2370073000.00,1100286000.00,1155103000.00,1116655000.00,1223786000.00,1178845000.00,1523876000.00,1623855000.00,1641271000.00,1737824000.00,2421739000.00,1536059000.00,1320521000.00,1316327000.00,1365535000.00,1468148000.00,1377779000.00,1370370000.00,1256899000.00,1371795000.00,1259457000.00,1273282000.00,1187682000.00,1385789000.00,1251255000.00,1119103000.00,1024449000.00,1174671000.00,1138046000.00,1151714000.00,1107886000.00,518227000.00,534293000.00,438063000.00,494463000.00,517209000.00,496699000.00,454230000.00,490061000.00,320296000.00,1146703000.00,1134626000.00,381448000.00,324899000.00,361796000.00,358840000.00,1182553000.00,1244783000.00,1150709000.00,1123984000.00,1161000.00,50325000.00,138552000.00,81647000.00,88772000.00,85778000.00,12558000.00,2794000.00,482885000.00,42664000.00,36593000.00,97611000.00,109047000.00,91040000.00,,,,54588000.00,,,,213566000.00,180017000.00,177800000.00,,,,,
commonStock,,1385000.00,1387000.00,1390000.00,1389000.00,1396000.00,1407000.00,1413000.00,1432000.00,1449000.00,1468000.00,1486000.00,1570000.00,1602000.00,1589000.00,1582000.00,1575000.00,1577000.00,1573000.00,1570000.00,1570000.00,1607000.00,1602000.00,1591000.00,1575000.00,1560000.00,1555000.00,1551000.00,1539000.00,1535000.00,1529000.00,1525000.00,1513000.00,1507000.00,1500000.00,1497000.00,967000.00,964000.00,962000.00,958000.00,960000.00,976000.00,994000.00,1009000.00,1070000.00,1099000.00,1108000.00,1139000.00,1132000.00,1176000.00,1175000.00,1167000.00,1153000.00,1138000.00,1132000.00,1126000.00,1109000.00,1096000.00,1083000.00,1041000.00,1030000.00,1023000.00,1011000.00,998000.00,991000.00,982000.00,832624000.00,,,,,,,,,,46788000.00,46359000.00,38693000.00,,,,,
capitalStock,,1385000.00,1387000.00,1390000.00,1389000.00,1396000.00,1407000.00,1413000.00,1432000.00,1449000.00,,,,,,,,,,,,,,,,,,,,,,,,,,,,,,,,,,,,,,,,,,,,,,,,,,,,,,,,,,,,,,,,,,,,,,,,,,
retainedEarnings,,-872832000.00,-662891000.00,-689111000.00,-701654000.00,-731265000.00,-706783000.00,-676902000.00,-504126000.00,-483362000.00,-336852000.00,-254639000.00,174248000.00,540703000.00,451364000.00,537490000.00,599548000.00,1088824000.00,1005086000.00,957230000.00,948148000.00,1014131000.00,953221000.00,1072954000.00,961640000.00,873152000.00,771825000.00,669429000.00,618445000.00,611241000.00,543797000.00,501969000.00,522336000.00,521280000.00,538472000.00,573678000.00,677181000.00,613155000.00,543916000.00,503724000.00,472155000.00,457249000.00,460197000.00,471199000.00,606089000.00,893311000.00,849169000.00,867605000.00,826946000.00,839520000.00,765686000.00,707971000.00,651105000.00,583355000.00,518547000.00,460092000.00,414345000.00,354135000.00,303162000.00,259893000.00,221377000.00,178015000.00,139631000.00,104000000.00,74563000.00,45301000.00,21111000.00,,,,,,,,,,28359000.00,33621000.00,25598000.00,,,,,
otherLiab,,,,,377771000.00,433124000.00,460386000.00,491650000.00,545863000.00,600776000.00,664290000.00,685655000.00,708530000.00,622087000.00,645122000.00,805291000.00,814732000.00,704204000.00,718320000.00,716833000.00,789334000.00,869920000.00,895890000.00,877212000.00,901782000.00,960537000.00,991038000.00,1019552000.00,1097437000.00,876641000.00,901681000.00,856383000.00,0.00,890257000.00,890469000.00,932256000.00,455563000.00,439446000.00,444265000.00,441340000.00,448920000.00,420721000.00,438139000.00,443003000.00,454537000.00,396057000.00,414397000.00,419954000.00,435022000.00,366809000.00,351464000.00,387988000.00,337494000.00,244118000.00,178061000.00,248227000.00,336635000.00,302161000.00,285003000.00,267547000.00,282394000.00,194446000.00,192945000.00,205652000.00,174253000.00,185903000.00,115160000.00,,112970000.00,,,,126243000.00,,,,24429000.00,25122000.00,20384000.00,,,,,
goodWill,,3444586000.00,3431302000.00,3424704000.00,3380761000.00,3435625000.00,3490544000.00,3497763000.00,3502499000.00,3516781000.00,3512839000.00,3514482000.00,3484221000.00,3466584000.00,3446939000.00,3492101000.00,5275281000.00,5906484000.00,5908248000.00,5893534000.00,5921116000.00,5928029000.00,5942572000.00,5997000000.00,5992881000.00,5840508000.00,5805248000.00,5784423000.00,5823843000.00,5831409000.00,5785619000.00,5753212000.00,5820692000.00,5803966000.00,5665369000.00,5671767000.00,1937338000.00,1896371000.00,1887447000.00,1884760000.00,1811754000.00,1797314000.00,1807943000.00,1816965000.00,1775352000.00,2109741000.00,2125304000.00,2097855000.00,2086330000.00,2120527000.00,2047963000.00,2007684000.00,1690386000.00,1148629000.00,1132771000.00,1133659000.00,1062919000.00,1044755000.00,973865000.00,947616000.00,949089000.00,766068000.00,663110000.00,627944000.00,592233000.00,548243000.00,534575000.00,472178000.00,466508000.00,,,,404063000.00,,,,238279000.00,192046000.00,182368000.00,,,,,
otherAssets,,887157000.00,142548000.00,137249000.00,128716000.00,126876000.00,118197000.00,115541000.00,117050000.00,2816944000.00,752673000.00,111976000.00,120975000.00,140970000.00,134312000.00,186376000.00,208791000.00,194021000.00,8000.00,385657000.00,4278328000.00,4260119000.00,15000.00,4330740000.00,4214639000.00,3916343000.00,3728180000.00,-15000.00,31000.00,49000.00,0.00,31000.00,60000.00,2000.00,7238264000.00,-40000.00,17000.00,17000.00,21000.00,-47000.00,21000.00,-6000.00,2092603000.00,-41000.00,2191358000.00,2490669000.00,2514381000.00,2473115000.00,2475436000.00,2490915000.00,2420405000.00,2353340000.00,2037626000.00,1395752000.00,1355138000.00,1366951000.00,1346511000.00,1274166000.00,1253564000.00,1227403000.00,1267923000.00,1077482000.00,956378000.00,837001000.00,797156000.00,848587000.00,754103000.00,,641576000.00,,,,523135000.00,,,,283293000.00,232828000.00,228254000.00,,,,,
cash,1260206000.00,1257731000.00,1073515000.00,1160350000.00,1172209000.00,1010722000.00,965070000.00,1082393000.00,1229196000.00,1049030000.00,934906000.00,1044748000.00,1708332000.00,1331268000.00,1135061000.00,725436000.00,1080354000.00,793567000.00,826878000.00,838302000.00,886733000.00,801419000.00,867225000.00,813166000.00,802362000.00,812459000.00,725972000.00,697717000.00,692145000.00,627997000.00,669778000.00,658044000.00,683893000.00,605900000.00,612597000.00,734648000.00,574188000.00,510147000.00,502543000.00,681743000.00,600677000.00,507591000.00,627732000.00,591296000.00,593776000.00,398394000.00,465662000.00,507486000.00,456940000.00,381467000.00,403384000.00,421238000.00,612857000.00,293882000.00,206549000.00,252949000.00,290777000.00,275006000.00,241201000.00,199175000.00,170871000.00,173108000.00,217675000.00,327077000.00,414515000.00,343073000.00,116264000.00,137774000.00,127870000.00,,,,54352000.00,,,,,,,,,,,
cashAndEquivalents,,1257731000.00,1073515000.00,1160350000.00,1172209000.00,1010722000.00,965070000.00,1082393000.00,1229196000.00,1049030000.00,,,,,,,,,,,,,,,,,,,,,,,,,,,,,,,,,,,,,,,,,,,,,,,,,,,,,,,,,,,,,,,,,,,,,,,,,,
totalCurrentLiabilities,,5714775000.00,5537265000.00,5557718000.00,5404171000.00,5464939000.00,5283478000.00,5513463000.00,5521715000.00,5680031000.00,5601897000.00,6001596000.00,6090454000.00,5751671000.00,5987541000.00,6461458000.00,6461754000.00,5940705000.00,5890187000.00,6040897000.00,6129677000.00,5890070000.00,5641841000.00,5676057000.00,5578379000.00,5189602000.00,5064092000.00,5165328000.00,5304756000.00,5286219000.00,5260488000.00,4755094000.00,4836052000.00,4767207000.00,4461104000.00,4413077000.00,2455769000.00,2053860000.00,2001685000.00,2159670000.00,2053549000.00,1941556000.00,2030958000.00,2233124000.00,2078402000.00,2005151000.00,1936254000.00,1882957000.00,1814446000.00,1818233000.00,1747667000.00,1755065000.00,1852260000.00,1566483000.00,1562260000.00,1572668000.00,1556739000.00,1518213000.00,1396645000.00,1429881000.00,1474079000.00,1197422000.00,1062660000.00,946901000.00,978808000.00,892940000.00,1021564000.00,946732000.00,892552000.00,,,,651618000.00,,,,352450000.00,340970000.00,319823000.00,,,,,
currentDeferredRevenue,,48789000.00,1177293000.00,1222358000.00,1051258000.00,1051317000.00,2224775000.00,2266111000.00,2260743000.00,2332571000.00,2261043000.00,2188739000.00,2093581000.00,1987085000.00,2012999000.00,1551212000.00,1853791000.00,1850644000.00,1834201000.00,1890002000.00,1792431000.00,1822078000.00,1851566000.00,1829414000.00,1814712000.00,1607537000.00,1501062000.00,1651866000.00,1641728000.00,1791643000.00,1906415000.00,1669245000.00,1646977000.00,1687535000.00,1450951000.00,1360829000.00,825974000.00,748124000.00,727654000.00,770731000.00,726686000.00,720144000.00,726506000.00,832832000.00,834304000.00,,,738309000.00,792690000.00,829389000.00,798509000.00,,1960000.00,2703000.00,2111000.00,1160661000.00,1076068000.00,1006283000.00,917322000.00,566299000.00,642693000.00,618401000.00,551412000.00,,506630000.00,442507000.00,424874000.00,370495000.00,378372000.00,,,,273856000.00,,,,,,,,,,,
netDebt,957049000.00,1532429000.00,1738832000.00,1654203000.00,1628391000.00,1806345000.00,1880276000.00,1777397000.00,1661441000.00,1871510000.00,1191647000.00,1776657000.00,1098965000.00,1478856000.00,1734471000.00,3489410000.00,2322586000.00,3019359000.00,3065076000.00,3126239000.00,2740064000.00,3078853000.00,3081490000.00,3089010000.00,3041747000.00,3098485000.00,3477748000.00,3412354000.00,3433145000.00,3667220000.00,3802822000.00,3864812000.00,3923045000.00,4167158000.00,4255300000.00,4243176000.00,429790000.00,533278000.00,588634000.00,522342000.00,572648000.00,641128000.00,663341000.00,641942000.00,475956000.00,671873000.00,795306000.00,734049000.00,705529000.00,814524000.00,765757000.00,785246000.00,318270000.00,-105091000.00,-5826000.00,-66190000.00,-119568000.00,-33993000.00,49222000.00,192479000.00,227138000.00,-84268000.00,-166127000.00,-279145000.00,-366565000.00,-279591000.00,70112000.00,-4138000.00,9585000.00,,,,182370000.00,,,,,,,,,,,
shortTermDebt,,56828000.00,57029000.00,52954000.00,48606000.00,44627000.00,42800000.00,48124000.00,53838000.00,55234000.00,46899000.00,24278000.00,20874000.00,24698000.00,52372000.00,111640000.00,117185000.00,159635000.00,158312000.00,160799000.00,143051000.00,172979000.00,133739000.00,163275000.00,142000000.00,157145000.00,352638000.00,358729000.00,366324000.00,354067000.00,342513000.00,156432000.00,160411000.00,170575000.00,176326000.00,202428000.00,64413000.00,66462000.00,82286000.00,90633000.00,84265000.00,13493000.00,167617000.00,211466000.00,162591000.00,119645000.00,88689000.00,23806000.00,17746000.00,30628000.00,39016000.00,18893000.00,16441000.00,15151000.00,22662000.00,46734000.00,29107000.00,19966000.00,15046000.00,29301000.00,32035000.00,29946000.00,18642000.00,17763000.00,8764000.00,6859000.00,33258000.00,29521000.00,14665000.00,,,,20539000.00,,,,,,,,,,,
shortLongTermDebt,,56828000.00,57029000.00,52954000.00,48606000.00,44627000.00,42800000.00,48124000.00,53838000.00,55234000.00,46899000.00,24278000.00,20874000.00,24698000.00,52372000.00,111640000.00,117185000.00,159635000.00,158312000.00,114665000.00,134698000.00,125577000.00,123909000.00,160914000.00,140779000.00,3910944000.00,352638000.00,358729000.00,340021000.00,354067000.00,342513000.00,,0.00,,,,40498000.00,,,,,,,,,,,,,,,,,,,,,,,,,,,,,,,,,,,,,,,,,,,,,,,
shortLongTermDebtTotal,2217255000.00,2790160000.00,2812347000.00,2814553000.00,2800600000.00,2817067000.00,2845346000.00,2859790000.00,2890637000.00,2920540000.00,2126553000.00,2821405000.00,2807297000.00,2810124000.00,2869532000.00,4214846000.00,3402940000.00,3812926000.00,3891954000.00,3964541000.00,3626797000.00,3880272000.00,3948715000.00,3902176000.00,3844109000.00,3910944000.00,4203720000.00,4110071000.00,4125290000.00,4295217000.00,4472600000.00,4522856000.00,4606938000.00,4773058000.00,4867897000.00,4977824000.00,1003978000.00,1043425000.00,1091177000.00,1204085000.00,1173325000.00,1148719000.00,1291073000.00,1233238000.00,1069732000.00,1070267000.00,1260968000.00,1241535000.00,1162469000.00,1195991000.00,1169141000.00,1206484000.00,931127000.00,188791000.00,200723000.00,186759000.00,171209000.00,241013000.00,290423000.00,391654000.00,398009000.00,88840000.00,51548000.00,47932000.00,47950000.00,63482000.00,186376000.00,133636000.00,137455000.00,,,,236722000.00,,,,,,,,,,,
otherStockholderEquity,2212332000.00,2454765000.00,4176931000.00,4161716000.00,4156594000.00,4139019000.00,4100905000.00,4200900000.00,3612499567.00,4100482000.00,4054089000.00,4038149000.00,4035414000.00,4008202000.00,3960123000.00,3956596000.00,3953650000.00,3930999000.00,3904298000.00,3845145000.00,3846392000.00,3820281000.00,3792929000.00,3734008000.00,3733572000.00,3665565000.00,3642590000.00,3620291000.00,3604519000.00,3584964000.00,3564485000.00,3536242000.00,3518999000.00,3490695000.00,3472488000.00,3450736000.00,1864971000.00,1848344000.00,1839577000.00,1818821000.00,1809627000.00,1798335000.00,1783395000.00,1759881000.00,1741478000.00,1731503000.00,1724924000.00,1712456000.00,1699207000.00,1693148000.00,1678516000.00,1662764000.00,1585044000.00,1540359000.00,1517012000.00,1508796000.00,1458326000.00,1438086000.00,1407158000.00,1331948000.00,1309493000.00,1285186000.00,1269252000.00,1244075000.00,1224164000.00,1253321000.00,-1239914000.00,-290797000.00,-254225000.00,,,,-176089000.00,,,,,,,,,,,
propertyPlantEquipment,,417080000.00,429815000.00,438808000.00,968012000.00,454403000.00,391564000.00,400902000.00,398876000.00,1048177000.00,408168000.00,412636000.00,381672000.00,388864000.00,383871000.00,403882000.00,559399000.00,603480000.00,596374000.00,601005000.00,614062000.00,607151000.00,583417000.00,631601000.00,621357000.00,603327000.00,619032000.00,634916000.00,644992000.00,0.00,596891000.00,601781000.00,699322000.00,751118000.00,792558000.00,862640000.00,281979000.00,278780000.00,277934000.00,275897000.00,270672000.00,270344000.00,312702000.00,322714000.00,325917000.00,326045000.00,331375000.00,333585000.00,323826000.00,303331000.00,280297000.00,282436000.00,258784000.00,226143000.00,235639000.00,234774000.00,228835000.00,215916000.00,220088000.00,218311000.00,223017000.00,184347000.00,136341000.00,124880000.00,118202000.00,114099000.00,109085000.00,,90323000.00,,,,79528000.00,,,,44489000.00,34591000.00,27479000.00,,,,,
totalCurrentAssets,5648938000.00,5384585000.00,6039143000.00,6027467000.00,5822810000.00,5795787000.00,5697176000.00,5930268000.00,6173543000.00,6248493000.00,5902310000.00,6900892000.00,7530366000.00,7290362000.00,7378257000.00,7466933000.00,7534645000.00,7271825000.00,7240640000.00,7592761000.00,7127322000.00,7043842000.00,6923960000.00,6842040000.00,6682222000.00,6333291000.00,6166308000.00,5985101000.00,6000771000.00,6171895000.00,6285936000.00,5896574000.00,6246085000.00,6227370000.00,5985183000.00,6100785000.00,3434113000.00,3121810000.00,3023901000.00,3248847000.00,3131602000.00,3049684000.00,3161809000.00,3258532000.00,3147293000.00,3046926000.00,3167476000.00,3187915000.00,2990066000.00,3092385000.00,2964656000.00,2984264000.00,2946499000.00,2377945000.00,2348566000.00,2231800000.00,2214535000.00,2245115000.00,2085847000.00,2089611000.00,2105250000.00,1659162000.00,1609214000.00,1569274000.00,1576463000.00,1474503000.00,1213008000.00,1124828000.00,1093875000.00,,,,822261000.00,,,,,,,,,,,
longTermInvestments,,138191000.00,387103000.00,376951000.00,354983000.00,347240000.00,341452000.00,327500000.00,328906000.00,331994000.00,326958000.00,254616000.00,229312000.00,240525000.00,256932000.00,279286000.00,405225000.00,391520000.00,338431000.00,341009000.00,310661000.00,398134000.00,384897000.00,370294000.00,364223000.00,339269000.00,354571000.00,343874000.00,330485000.00,341967000.00,347085000.00,314425000.00,321625000.00,326601000.00,336221000.00,348671000.00,142901000.00,133766000.00,124359000.00,53469000.00,80045000.00,,87321000.00,,,,,,71124000.00,83655000.00,79972000.00,69674000.00,,,,,,,,,,,,,,,,,,,,,,,,,,,,,,,,
netTangibleAssets,,2454765000.00,2594340000.00,2555634000.00,-1025057000.00,-1004588000.00,2531442000.00,2510672000.00,2712470000.00,-756661000.00,2822969000.00,2908204000.00,3292558000.00,3744894000.00,-3028000.00,86627000.00,-1817723000.00,-1858693000.00,-1985520000.00,-2112445000.00,-2148228000.00,-2193482000.00,-2270035000.00,-2304390000.00,-2411851000.00,-2542184000.00,-2687646000.00,-2855795000.00,-2936361000.00,-2772816000.00,-2859879000.00,-3030262000.00,-3072382000.00,-3082244000.00,-3090295000.00,-2980407000.00,158941000.00,214424000.00,120621000.00,53153000.00,126540000.00,,133924000.00,,,,,,134241000.00,232397000.00,204624000.00,91070000.00,,,,,,,,,,,,,,,,,,,,,,,,,,,,,,,,
shortTermInvestments,,,,,,,,,,331994000.00,326958000.00,254616000.00,229312000.00,,,,,391520000.00,338431000.00,341009000.00,310661000000.00,398134000.00,384897000.00,370294000.00,364223000000.00,0.00,0.00,343874000.00,0.00,341967000.00,347085000.00,314425000.00,321625000000.00,0.00,336221000.00,348671000.00,0.00,0.00,0.00,0.00,0.00,0.00,0.00,0.00,0.00,0.00,0.00,0.00,0.00,0.00,0.00,0.00,0.00,0.00,,,,,,,81449000.00,,,3179000.00,3179000.00,,50000.00,,9443000.00,,,,26928000.00,,,,,,,,,,,
netReceivables,4069504000.00,4126854000.00,4099992000.00,4009713000.00,3812187000.00,3922260000.00,3900732000.00,3998279000.00,4065886000.00,4205279000.00,4310875000.00,4450484000.00,4437926000.00,4546560000.00,4716696000.00,4567241000.00,5826769000.00,5870786000.00,5766534000.00,5545622000.00,5595616000.00,5527319000.00,5291360000.00,5351951000.00,5183099000.00,4802206000.00,4751821000.00,4579650000.00,4578565000.00,4691323000.00,4844739000.00,4852435000.00,4922661000.00,5084290000.00,4879553000.00,4896471000.00,2656541000.00,2440855000.00,2347122000.00,2420207000.00,2342300000.00,2341100000.00,2344416000.00,2493716000.00,2395881000.00,2496244000.00,2584715000.00,2568479000.00,2425420000.00,2581068000.00,2433179000.00,2436418000.00,2170188000.00,1902633000.00,1950645000.00,1794257000.00,1732959000.00,1684601000.00,1655497000.00,1647164000.00,1638814000.00,1405388000.00,1335191000.00,1168047000.00,1091682000.00,1051414000.00,1040079000.00,928404000.00,913178000.00,,,,703837000.00,,,,,,,,,,,
longTermDebt,2217255000.00,2147039000.00,2152191000.00,2154734000.00,2156686000.00,2162271000.00,2166310000.00,2157881000.00,2157740000.00,2153812000.00,2056728000.00,2044358000.00,2041136000.00,2047988000.00,2079128000.00,3358176000.00,3285755000.00,3653291000.00,3733642000.00,3759491000.00,3483746000.00,3707293000.00,3814976000.00,3738901000.00,3702109000.00,3753799000.00,3851082000.00,3751342000.00,3758966000.00,0.00,0.00,4366424000.00,0.00,4602483000.00,4691571000.00,4775396000.00,939565000.00,976963000.00,1008891000.00,1113452000.00,1089060000.00,1135226000.00,1123456000.00,1021772000.00,907141000.00,950622000.00,1172279000.00,1217729000.00,1144723000.00,1165363000.00,1130125000.00,1187591000.00,914686000.00,173640000.00,245607000.00,140025000.00,142102000.00,221047000.00,275377000.00,362353000.00,365974000.00,58894000.00,32906000.00,30169000.00,39186000.00,56623000.00,153118000.00,,122790000.00,,,,216183000.00,,,,208314000.00,147622000.00,141156000.00,,,,,
inventory,,-2714945000.00,110574000.00,72588000.00,838402000.00,862767000.00,831389000.00,849588000.00,878470000.00,994171000.00,,1405669000.00,1384120000.00,1412558000.00,1526461000.00,2174260000.00,627550000.00,607511000.00,647189000.00,,644952000.00,715119000.00,765357000.00,676951000.00,696718000.00,718620000.00,688474000.00,707738000.00,730101000.00,852582000.00,771423000.00,386142000.00,639581000.00,537171000.00,0.00,469655000.00,203408000.00,170791000.00,174211000.00,146856000.00,188663000.00,200947000.00,189696000.00,173486000.00,0.00,0.00,0.00,0.00,0.00,0.00,0.00,0.00,0.00,0.00,,180803000.00,116272000.00,121561000.00,107790000.00,161737000.00,138314000.00,,,,,,,,,,,,,,,,,,,,,,,
accountsPayable,,2106313000.00,2043230000.00,1987306000.00,2027314000.00,1998922000.00,1915617000.00,2044125000.00,2090479000.00,2068440000.00,2115110000.00,2264703000.00,2352144000.00,2098617000.00,2184346000.00,2376867000.00,2954719000.00,2609905000.00,2581347000.00,2624561000.00,2726047000.00,2517234000.00,2286166000.00,2426469000.00,2249872000.00,2165463000.00,1937110000.00,1967051000.00,1910915000.00,1889254000.00,1892457000.00,1904968000.00,1853993000.00,1771051000.00,1682113000.00,1741934000.00,1047155000.00,704981000.00,753682000.00,803843000.00,725389000.00,711220000.00,682605000.00,698765000.00,761211000.00,738803000.00,712939000.00,739394000.00,679111000.00,596420000.00,551302000.00,553619000.00,589076000.00,397920000.00,413503000.00,364112000.00,401239000.00,353412000.00,382630000.00,745509000.00,713573000.00,536517000.00,489812000.00,446253000.00,420750000.00,406981000.00,465821000.00,437669000.00,408475000.00,,,,302635000.00,,,,109514000.00,138546000.00,135690000.00,,,,,
totalPermanentEquity,,,,,,,,,,,,,,,,,,,,,0.00,0.00,0.00,0.00,0.00,0.00,0.00,0.00,0.00,0.00,0.00,0.00,0.00,0.00,0.00,0.00,0.00,0.00,0.00,0.00,0.00,0.00,0.00,0.00,0.00,0.00,0.00,0.00,0.00,0.00,0.00,0.00,0.00,0.00,,,,,,,,,,,,,,,,,,,,,,,,,,,,,,
noncontrollingInterestInConsolidatedEntity,,167560000.00,142535000.00,137259000.00,128725000.00,126834000.00,118211000.00,115567000.00,117107000.00,108941000.00,103731000.00,111973000.00,120986000.00,140975000.00,134021000.00,186402000.00,208774000.00,194008000.00,194938000.00,172629000.00,185594000.00,182402000.00,223873000.00,226412000.00,218560000.00,207731000.00,183798000.00,181474000.00,185568000.00,0.00,205911000.00,204314000.00,223195000.00,265143000.00,291278000.00,289092000.00,85963000.00,85961000.00,90248000.00,86693000.00,52651000.00,0.00,56612000.00,0.00,0.00,0.00,0.00,0.00,55426000.00,54916000.00,52472000.00,52779000.00,0.00,0.00,,,,,,,,,,,,,,,,,,,,,,,,,,,,,,
temporaryEquityRedeemableNoncontrollingInterests,,,,,,,,,,,,,,,,,,,,,0.00,0.00,0.00,0.00,0.00,0.00,0.00,0.00,0.00,0.00,0.00,0.00,0.00,0.00,0.00,0.00,0.00,0.00,0.00,0.00,0.00,0.00,0.00,0.00,0.00,0.00,0.00,0.00,0.00,0.00,0.00,0.00,0.00,0.00,,,,,,,,,,,,,,,,,,,,,,,,,,,,,,
accumulatedOtherComprehensiveIncome,,-900815000.00,-921087000.00,-918361000.00,-979675000.00,-958140000.00,-864087000.00,-899172000.00,-900377000.00,-910532000.00,-895736000.00,-876792000.00,-918674000.00,-805613000.00,-881574000.00,-822666000.00,-864197000.00,-718396000.00,-711021000.00,-726145000.00,-703330000.00,-758287000.00,-707000000.00,-704184000.00,-700661000.00,-831659000.00,-871578000.00,-912858000.00,-857582000.00,-645898000.00,-651371000.00,-725155000.00,-635100000.00,-538558000.00,-582893000.00,-475691000.00,-356602000.00,-264951000.00,-284266000.00,-287237000.00,-261299000.00,-270830000.00,-208607000.00,-182621000.00,-179173000.00,-170163000.00,-141371000.00,-168894000.00,-187574000.00,-52534000.00,-61747000.00,-135285000.00,-147521000.00,-156599000.00,-127909000.00,-132601000.00,-146575000.00,-129495000.00,-162410000.00,-167363000.00,-111549000.00,-18157000.00,-25693000.00,-27121000.00,-26211000.00,-20373000.00,-29495000.00,-33694000.00,-36669000.00,,,,-63792000.00,,,,,,,,,,,
additionalPaidInCapital,,,,,,,,,,,,,,,,,,,,,3846392000.00,0.00,0.00,0.00,3733572000.00,0.00,0.00,0.00,3604519000.00,0.00,0.00,0.00,0.00,0.00,0.00,0.00,0.00,0.00,0.00,0.00,0.00,0.00,0.00,0.00,0.00,0.00,0.00,0.00,0.00,0.00,0.00,0.00,0.00,0.00,,,,,,,,,,,,,,,,,,,,,,,,,,,,,,
commonStockTotalEquity,,1385000.00,1387000.00,1390000.00,1389000.00,1396000.00,1407000.00,1413000.00,1432000.00,1449000.00,1468000.00,1486000.00,1570000.00,1602000.00,1589000.00,1582000.00,1575000.00,1577000.00,1573000.00,1570000.00,1570000.00,1607000.00,1602000.00,1591000.00,1575000.00,1560000.00,1555000.00,1551000.00,1539000.00,1535000.00,1529000.00,1525000.00,1513000.00,1507000.00,1500000.00,1497000.00,967000.00,964000.00,962000.00,958000.00,960000.00,976000.00,994000.00,1009000.00,1070000.00,1099000.00,1108000.00,1139000.00,1132000.00,1176000.00,1175000.00,1167000.00,1153000.00,1138000.00,1132000.00,1126000.00,1109000.00,1096000.00,1083000.00,1041000.00,1030000.00,1023000.00,1011000.00,998000.00,991000.00,982000.00,,,,,,,,,,,,,,,,,,
preferredStockTotalEquity,,,,,,,,,,,,,,,,,,,,,0.00,0.00,0.00,0.00,0.00,0.00,0.00,0.00,0.00,0.00,0.00,0.00,0.00,0.00,0.00,0.00,0.00,0.00,0.00,0.00,0.00,0.00,0.00,0.00,0.00,0.00,0.00,0.00,0.00,0.00,0.00,0.00,231000.00,2441000.00,2458000.00,2480000.00,2513000.00,2479000.00,2472000.00,2520000.00,2642000.00,2684000.00,2937000.00,4237000.00,4978000.00,4674000.00,1067624000.00,,969655000.00,,,,661037000.00,,,,76359000.00,,,,,,,
retainedEarningsTotalEquity,,-872832000.00,-662891000.00,-689111000.00,-701654000.00,-731265000.00,-706783000.00,-676902000.00,-504126000.00,-483362000.00,-336852000.00,-254639000.00,174248000.00,540703000.00,451364000.00,537490000.00,599548000.00,1088824000.00,1005086000.00,957230000.00,948148000.00,1014131000.00,953221000.00,1072954000.00,961640000.00,873152000.00,771825000.00,669429000.00,618445000.00,0.00,543797000.00,501969000.00,522336000.00,521280000.00,538472000.00,573678000.00,677181000.00,613155000.00,543916000.00,503724000.00,472155000.00,0.00,460197000.00,0.00,0.00,0.00,0.00,0.00,826946000.00,839520000.00,765686000.00,707971000.00,0.00,0.00,,,,,,,,,,,,,,,,,,,,,,,,,,,,,,
treasuryStock,,,,,,,,,,,,,,,,,,,,,0.00,0.00,0.00,0.00,0.00,0.00,0.00,0.00,0.00,0.00,0.00,0.00,0.00,0.00,0.00,0.00,0.00,0.00,0.00,0.00,0.00,0.00,0.00,0.00,0.00,0.00,0.00,0.00,0.00,0.00,0.00,0.00,0.00,0.00,,,,,,,,,,,,,,,,,,,,,,,,,,,,,,
accumulatedAmortization,,,,,,,,,,,,,,,,,,,,,,,,,,,,,,,,,,,,,,,,,,,,,,,,,,,,,,,,,,,,,,,,,,,,,,,,,,,,,,,,,,,,
nonCurrrentAssetsOther,,232282000.00,221356000.00,256025000.00,293043000.00,296494000.00,297919000.00,278117000.00,307927000.00,311333000.00,728094000.00,299539000.00,287030000.00,548498000.00,503548000.00,2616303000.00,208692000.00,206401000.00,212415000.00,-125245000.00,228682000.00,225512000.00,194364000.00,153515000.00,149846000.00,115518000.00,94421000.00,174455000.00,275707000.00,305129000.00,314138000.00,246301000.00,267136000.00,293772000.00,302084000.00,338511000.00,118770000.00,119208000.00,123021000.00,165011000.00,144923000.00,132654000.00,104074000.00,105569000.00,101036000.00,120251000.00,123178000.00,121192000.00,115876000.00,102989000.00,104720000.00,97800000.00,80330000.00,58610000.00,44353000.00,46614000.00,95969000.00,83959000.00,128511000.00,126045000.00,146219000.00,196355000.00,160928000.00,90468000.00,88850000.00,162904000.00,44693000.00,64260000.00,58451000.00,,,,50397000.00,,,,,,,,,,,
deferredLongTermAssetCharges,,,,,,,,,,,,,,,,,,,163707000.00,167886000.00,159396000.00,181564000.00,219907000.00,216742000.00,171331000.00,194035000.00,174671000.00,136442000.00,171508000.00,110133000.00,126846000.00,125479000.00,,80097000.00,80097000.00,72035000.00,118038000.00,117090000.00,116495000.00,111084000.00,143478000.00,,117183000.00,,,,,,82966000.00,55358000.00,56707000.00,40319000.00,,,,,,,,,,,,,,,,,,,,,,,,,,,,,,,,
nonCurrentAssetsTotal,5584460000.00,5154701000.00,5347370000.00,5378213000.00,5316514000.00,5452518000.00,5498901000.00,5512776000.00,5560468000.00,5714632000.00,6081523000.00,5603660000.00,5468596000.00,5754696000.00,5736798000.00,7762452000.00,6926929000.00,7523374000.00,7496375000.00,7174889000.00,7553855000.00,7683590000.00,7693357000.00,7780952000.00,7714781000.00,7502957000.00,7474743000.00,7523910000.00,7725943000.00,7706383000.00,7703279000.00,7632798000.00,7768153000.00,8008754000.00,8030822000.00,8152524000.00,2689247000.00,2631915000.00,2621356000.00,2588621000.00,2534000000.00,2489690000.00,2523323000.00,2549534000.00,2517275000.00,2816714000.00,2845756000.00,2806700000.00,2799262000.00,2794246000.00,2700702000.00,2635776000.00,2296410000.00,1621895000.00,1590777000.00,1601725000.00,1575346000.00,1490082000.00,1473652000.00,1445714000.00,1490940000.00,1261829000.00,1092719000.00,961881000.00,915358000.00,962686000.00,863188000.00,753802000.00,731899000.00,,,,602663000.00,,,,,,,,,,,
capitalLeaseObligations,,586293000.00,603127000.00,606865000.00,595308000.00,610169000.00,636236000.00,653785000.00,679059000.00,711494000.00,734218000.00,752769000.00,745287000.00,737438000.00,738032000.00,745030000.00,,,,,,,,,,,,,,,,,,,,,,,,,,,,,,,,,,,,,,,,,,,,,,,,,,,,,,,,,,,,,,,,,,,,
longTermDebtTotal,,2147039000.00,2152191000.00,2154734000.00,2156686000.00,2162271000.00,2166310000.00,2157881000.00,2157740000.00,2153812000.00,2056728000.00,2044358000.00,2041136000.00,2047988000.00,2079128000.00,3358176000.00,3285755000.00,3653291000.00,3733642000.00,3759491000.00,3483746000.00,3707293000.00,3814976000.00,3738901000.00,3702109000.00,3753799000.00,3851082000.00,3751342000.00,3758966000.00,3941150000.00,4130087000.00,4366424000.00,4446527000.00,4602483000.00,4691571000.00,4775396000.00,939565000.00,976963000.00,1008891000.00,1113452000.00,1089060000.00,,1123456000.00,,,,,,1144723000.00,1165363000.00,1130125000.00,1187591000.00,,,,,,,,,,,,,,,,,,,,,,,,,,,,,,,,
nonCurrentLiabilitiesOther,,121211000.00,118057000.00,142995000.00,135795000.00,106315000.00,104355000.00,106872000.00,145444000.00,143286000.00,146225000.00,146642000.00,162784000.00,132047000.00,102980000.00,117738000.00,304606000.00,326588000.00,17000000.00,18400000.00,22300000.00,17914000.00,46459000.00,,,,,,,876641000.00,901681000.00,856383000.00,870739000.00,890257000.00,890469000.00,932256000.00,455563000.00,439446000.00,444265000.00,441340000.00,448920000.00,,438139000.00,,,,,,435022000.00,366809000.00,351464000.00,387988000.00,,,,,,,,,,,,,,,,,,,,,,,,,,,,,,,,
nonCurrentLiabilitiesTotal,2217255000.00,3089343000.00,3112386000.00,3155059000.00,3129765000.00,3205564000.00,3262932000.00,3303316000.00,3382662000.00,3466082000.00,2126553000.00,3482782000.00,3494953000.00,3407513000.00,3462282000.00,4908497000.00,4100487000.00,4357495000.00,4451962000.00,3964541000.00,4273080000.00,4577213000.00,4710866000.00,4616113000.00,4603891000.00,4730291000.00,4848759000.00,4783781000.00,4869500000.00,4832901000.00,5064376000.00,5255414000.00,5547303000.00,5728852000.00,5834056000.00,6000880000.00,1395128000.00,1416409000.00,1453156000.00,1554792000.00,1537980000.00,1555947000.00,1561595000.00,1464775000.00,1361678000.00,1346679000.00,1586676000.00,1637683000.00,1579745000.00,1532172000.00,1481589000.00,1575579000.00,1252180000.00,417758000.00,423668000.00,388252000.00,478737000.00,523208000.00,560380000.00,629900000.00,648368000.00,253340000.00,225851000.00,235821000.00,213439000.00,242526000.00,1335902000.00,1238480000.00,1205415000.00,,,,1003463000.00,,,,,,,,,,,
negativeGoodwill,,,,,,,,,,,,,,,,,,,,,,,,,,,,,,,,,,,,,,,,,,,,,,,,,,,,,,,,,,,,,,,,,,,,,,,,,,,,,,,,,,,,
warrants,,,,,,,,,,,,,,,,,,,,,,,,,,,,,,,,,,,,,,,,,,,,,,,,,,,,,,,,,,,,,,,,,,,,,,,,,,,,,,,,,,,,
preferredStockRedeemable,,,,,,,,,,,,,,,,,,,,,,,,,,,,,,,,,,,,,,,,,,,,,,,,,,,,,,,,,,,,,,,,,,,,,,,,,,,,,,,,,,,,
capitalSurpluse,,4227027000.00,4176931000.00,4161716000.00,4156594000.00,4139019000.00,4100905000.00,4085333000.00,4115541000.00,4100482000.00,4054089000.00,4038149000.00,4035414000.00,4008202000.00,3960123000.00,3956596000.00,3953650000.00,3930999000.00,3904298000.00,3845145000.00,3846392000.00,3820281000.00,3792929000.00,3734008000.00,3733572000.00,3665565000.00,3642590000.00,3620291000.00,3604519000.00,3584964000.00,3564485000.00,3536242000.00,3518999000.00,3490695000.00,3472488000.00,3450736000.00,1864971000.00,1848344000.00,1839577000.00,1818821000.00,1809627000.00,,1783395000.00,,,,,,1699207000.00,1693148000.00,1678516000.00,1662764000.00,,,,,,,,,,,,,,,,,,,,,,,,,,,,,,,,
liabilitiesAndStockholdersEquity,11233398000.00,11426443000.00,11529061000.00,11542929000.00,11268040000.00,11375181000.00,11314274000.00,11558585000.00,11851061000.00,14780069000.00,11983833000.00,12616528000.00,13119937000.00,13186028000.00,13249367000.00,15415761000.00,14670365000.00,14989220000.00,14737023000.00,14767650000.00,18959505000.00,18987551000.00,14617332000.00,18953732000.00,18611642000.00,17752591000.00,17369231000.00,13508996000.00,13726745000.00,13878327000.00,13989215000.00,13529403000.00,14014298000.00,14236126000.00,14016005000.00,14253269000.00,6123377000.00,5753742000.00,5645278000.00,5837421000.00,5665623000.00,5539368000.00,7777735000.00,5808025000.00,5664568000.00,5863640000.00,6013232000.00,5994615000.00,5789328000.00,5886631000.00,5665358000.00,5620040000.00,5242909000.00,3999840000.00,3939343000.00,3833525000.00,3789881000.00,3735197000.00,3559499000.00,3535325000.00,3596190000.00,2920991000.00,2701933000.00,2531155000.00,2491821000.00,2437189000.00,2076196000.00,1878630000.00,1825774000.00,,,,1424924000.00,,,,,,,,,,,
cashAndShortTermInvestments,1260206000.00,1257731000.00,1073515000.00,1160350000.00,1172209000.00,1010722000.00,965070000.00,1082393000.00,1229196000.00,1049030000.00,934906000.00,1044748000.00,1708332000.00,1331268000.00,1135061000.00,725436000.00,1080354000.00,793567000.00,826878000.00,838302000.00,886733000.00,801419000.00,867225000.00,813166000.00,802362000.00,812459000.00,725972000.00,697717000.00,692145000.00,627997000.00,669778000.00,658044000.00,683893000.00,605900000.00,612597000.00,734648000.00,574188000.00,510147000.00,502543000.00,681743000.00,600677000.00,507591000.00,627732000.00,591296000.00,593776000.00,398394000.00,465662000.00,507486000.00,456940000.00,381467000.00,403384000.00,421238000.00,612857000.00,293882000.00,206549000.00,252949000.00,290777000.00,275006000.00,241201000.00,199175000.00,252320000.00,173108000.00,217675000.00,330256000.00,417694000.00,343073000.00,116264000.00,137774000.00,127870000.00,,,,54352000.00,,,,,,,,,,,
propertyPlantAndEquipmentGross,,417080000.00,429815000.00,438808000.00,428239000.00,454403000.00,391564000.00,400902000.00,398876000.00,1048177000.00,1066146000.00,1082026000.00,1033815000.00,1034255000.00,1032513000.00,1051251000.00,559400000.00,603480000.00,596374000.00,601005000.00,614100000.00,607151000.00,583417000.00,631601000.00,621400000.00,603327000.00,619032000.00,634916000.00,645000000.00,624545000.00,596891000.00,601781000.00,699300000.00,751118000.00,792558000.00,862640000.00,282000000.00,278780000.00,277934000.00,275897000.00,270700000.00,270344000.00,312702000.00,322714000.00,325917000.00,326045000.00,331375000.00,333585000.00,323826000.00,303331000.00,280297000.00,282436000.00,258784000.00,226143000.00,235639000.00,234774000.00,228835000.00,215916000.00,220088000.00,218311000.00,223017000.00,184347000.00,136341000.00,124880000.00,118202000.00,114099000.00,109085000.00,94422000.00,90323000.00,,,,79528000.00,,,,,,,,,,,
propertyPlantAndEquipmentNet,,962343000.00,987965000.00,995246000.00,967973000.00,1006072000.00,962167000.00,985895000.00,1005976000.00,1048177000.00,1066146000.00,1082026000.00,1033815000.00,1034255000.00,1032513000.00,1051251000.00,559400000.00,603480000.00,596374000.00,601005000.00,614100000.00,607151000.00,583417000.00,631601000.00,621400000.00,603327000.00,619032000.00,634916000.00,645000000.00,624545000.00,596891000.00,601781000.00,699300000.00,751118000.00,792558000.00,862640000.00,282000000.00,278780000.00,277934000.00,275897000.00,270700000.00,270344000.00,312702000.00,322714000.00,325917000.00,326045000.00,331375000.00,333585000.00,323826000.00,303331000.00,280297000.00,282436000.00,258784000.00,226143000.00,235639000.00,234774000.00,228835000.00,215916000.00,220088000.00,218311000.00,223017000.00,184347000.00,136341000.00,124880000.00,118202000.00,114099000.00,109085000.00,94422000.00,90323000.00,,,,79528000.00,,,,,,,,,,,
accumulatedDepreciation,,,,,,,,,,,,,,,,,,,,,,,,,,,,,,,,,,,,,,,,,,,,,,,,,,,,,,,,,,,,,,,,,,,,,,,,,,,,,,,,,,,,
netWorkingCapital,,556967000.00,501878000.00,469749000.00,418639000.00,330848000.00,413698000.00,416805000.00,651828000.00,568462000.00,656529000.00,899296000.00,1439912000.00,1538691000.00,1390716000.00,,,,,,,,,,,,,,,,,,,,,,,,,,,,,,,,,,,,,,,,,,,,,,,,,,,,,,,,,,,,,,,,,,,,,
netInvestedCapital,2217255000.00,4658632000.00,4803560000.00,4763322000.00,4681946000.00,4657908000.00,4740552000.00,4716677000.00,4924048000.00,2708037000.00,2126553000.00,4976840000.00,5354568000.00,5817580000.00,5663002000.00,,,,,,,,,,,,,,,,,,,,,,,,,,,,,,,,,,,,,,,,,,,,,,,,,,,,,,,,,,,,,,,,,,,,,
commonStockSharesOutstanding,139418000.00,138741000.00,140335000.00,140642000.00,141344000.00,142178000.00,142626000.00,144637000.00,146581000.00,148859000.00,149519000.00,153744000.00,160020000.00,161835000.00,160718000.00,160657000.00,157709000.00,159787000.00,158416000.00,159603000.00,161765000.00,163213000.00,159495000.00,161847000.00,161076000.00,158820000.00,158650000.00,157993000.00,157856000.00,156175000.00,155448000.00,153619000.00,155231000.00,151697000.00,152818000.00,141892000.00,99743000.00,98956000.00,98337000.00,97590000.00,99652000.00,100761000.00,101818000.00,105538000.00,109962000.00,110819000.00,114288000.00,114591000.00,114591000.00,118907000.00,118278000.00,119115000.00,119115000.00,115620000.00,115044000.00,114498000.00,114498000.00,111515000.00,108148000.00,106620000.00,106620000.00,104563000.00,103454000.00,103025000.00,103025000.00,92037000.00,77964000.00,79036000.00,39518000.00,36329000.00,70306000.00,32612000.00,32612000.00,31989000.00,31989000.00,31989000.00,,,,,,,,
investments,,-8459000.00,-6035000.00,-8954000.00,-53474000.00,-7150000.00,-3989000.00,1697000.00,-294000.00,-8063000.00,4422000.00,-29836000.00,-2225540000.00,2145481000.00,5405000.00,4016000.00,-135225000.00,8943000.00,6550000.00,9855000.00,94253000.00,-15405000.00,5412000.00,5191000.00,1520000.00,34187000.00,300000.00,300000.00,94000.00,250000.00,200000.00,10987000.00,47329000.00,-13343000.00,8630000.00,-8056000.00,-144000.00,1490000.00,18936000.00,-17555000.00,,,,,,,,,-9985000.00,68811000.00,347000.00,-16595000.00,,,,,,,,,,,,,,,,,,,,,,,,,,,,,,,,
changeToLiabilities,,89493000.00,-7408000.00,9946000.00,78786000.00,29957000.00,-194002000.00,-39601000.00,-114851000.00,70070000.00,-103557000.00,-162904000.00,312055000.00,-131761000.00,76671000.00,-294425000.00,678541000.00,-137000.00,16703000.00,-232524000.00,354951000.00,116865000.00,-70863000.00,55313000.00,304827000.00,350127000.00,-130303000.00,-93295000.00,78413000.00,-98699000.00,-7016000.00,-69702000.00,-62685000.00,175954000.00,-138359000.00,-223400000.00,97566000.00,61249000.00,-150173000.00,61907000.00,,,,,,,,,11677000.00,66588000.00,-61151000.00,-120856000.00,,,,,,,,,,,,,,,,,121983000.00,,,,54350000.00,,,,,2009000.00,647000.00,,,,,
totalCashflowsFromInvestingActivities,,-22901000.00,-38314000.00,-45238000.00,-175034000.00,-27668000.00,-45321000.00,-48571000.00,-19415000.00,-39180000.00,-221224000.00,-141268000.00,-36709000.00,83092000.00,2059179000.00,-68125000.00,-23154000.00,-18263000.00,-45646000.00,-59697000.00,57967000.00,-29254000.00,-60298000.00,-27502000.00,-134584000.00,-10196000.00,-19071000.00,-38860000.00,-50697000.00,-85204000.00,-66701000.00,39987000.00,29317000.00,-26034000.00,-29647000.00,-3319364000.00,-63990000.00,-24994000.00,-33263000.00,-20549000.00,-139490000.00,0.00,0.00,0.00,-73773000.00,0.00,0.00,0.00,-40273000.00,-14409000.00,-16993000.00,-350242000.00,-614527000.00,0.00,,,,18283000.00,32947000.00,56872000.00,,,,17631000.00,,,,,,,,,,,,,,,,,,,,
netBorrowings,,-14234000.00,-8942000.00,-11127000.00,-5181000.00,-6272000.00,-8763000.00,-18662000.00,-6424000.00,99831000.00,27306000.00,-5396000.00,-21265000.00,-120764000.00,-1338511000.00,115776000.00,1304271000.00,1892288000.00,2213763000.00,2290452000.00,8555415000.00,-92893000.00,-1209959000.00,1276451000.00,1314587000.00,1515554000.00,1488327000.00,1634781000.00,1260022000.00,1123468000.00,2404954000.00,-82219000.00,-170694000.00,-77107000.00,-113789000.00,3385039000.00,-47602000.00,-48526000.00,-116437000.00,15934000.00,,,,,,,,,-31657000.00,-34649000.00,-40073000.00,329636000.00,,,,,,,,,,,,,,,,,,,,,,,,,,,,,,,,
totalCashFromFinancingActivities,,-56609000.00,-55984000.00,-91380000.00,-92460000.00,-127224000.00,-79728000.00,-288903000.00,-117644000.00,-174476000.00,-110945000.00,-469468000.00,-222434000.00,-112303000.00,-1372585000.00,79352000.00,-479689000.00,-92226000.00,-74598000.00,213234000.00,-501087000.00,-99516000.00,-7261000.00,-17004000.00,-129731000.00,-320836000.00,90446000.00,-26369000.00,-247196000.00,-213572000.00,-38967000.00,-138244000.00,-220763000.00,-133323000.00,-132224000.00,3206074000.00,-40868000.00,-48021000.00,-111601000.00,-33267000.00,-42094000.00,-180888000.00,-14505000.00,-16886000.00,-52945000.00,-217358000.00,-40009000.00,72698000.00,-129564000.00,-26985000.00,-40138000.00,334147000.00,733069000.00,742000.00,19173000.00,17595000.00,-71857000.00,-49018000.00,-1845000.00,11993000.00,317322000.00,23711000.00,1558000.00,4118000.00,-10662000.00,286169000.00,92435000.00,-29779000.00,23798000.00,,,,84077000.00,,,,33943000.00,15098000.00,77613000.00,,,,,
changeToOperatingActivities,,,,,-103042000.00,79327000.00,79327000.00,45487000.00,52857000.00,-61043000.00,-128202000.00,-177477000.00,138774000.00,-58037000.00,-58037000.00,-231669000.00,275248000.00,-26300000.00,150676000.00,-224818000.00,132052000.00,-42775000.00,-18804000.00,-169492000.00,-143620000.00,-94902000.00,28441000.00,-14728000.00,-116942000.00,-63230000.00,-105496000.00,,,,,,-51522000.00,,,,,,,,,,,,,,,,,,,,,,,,,,,,,,,,,,,,,,,,,,,,,,,
changeInCash,285200.00,184216000.00,-89166000.00,-14091000.00,161487000.00,45652000.00,-126313000.00,-143409000.00,174329000.00,108604000.00,-275266000.00,-596720000.00,393900000.00,158019000.00,378965000.00,-192989000.00,286787000.00,-33311000.00,-11424000.00,-48431000.00,85314000.00,-65806000.00,54059000.00,10804000.00,-10097000.00,86487000.00,28255000.00,5572000.00,64148000.00,-41781000.00,11734000.00,-25849000.00,77993000.00,-6697000.00,-122051000.00,160460000.00,64041000.00,7604000.00,-179200000.00,81066000.00,93086000.00,-120141000.00,36436000.00,-2480000.00,195382000.00,-67268000.00,-41824000.00,50546000.00,75473000.00,-21917000.00,-17854000.00,-191619000.00,318975000.00,87333000.00,-46400000.00,-37828000.00,15771000.00,33805000.00,-1891000.00,48570000.00,21414000.00,-44567000.00,-109402000.00,-87438000.00,71442000.00,226809000.00,-21510000.00,9904000.00,,,,,,,,,,,,,,,,
beginPeriodCashFlow,1257731000.00,1073515000.00,1162681000.00,1176772000.00,1010722000.00,965070000.00,1091383000.00,1234792000.00,1054867000.00,946263000.00,1221529000.00,1818249000.00,1424349000.00,1266330000.00,887365000.00,1080354000.00,793567000.00,826878000.00,838302000.00,886733000.00,801419000.00,867225000.00,813166000.00,802362000.00,812459000.00,725972000.00,697717000.00,692145000.00,627997000.00,669778000.00,658044000.00,683893000.00,605900000.00,612597000.00,734648000.00,574188000.00,510147000.00,502543000.00,681743000.00,600677000.00,507591000.00,627732000.00,591296000.00,593776000.00,398394000.00,465662000.00,507486000.00,456940000.00,381467000.00,403384000.00,421238000.00,612857000.00,293882000.00,206549000.00,252949000.00,290777000.00,275006000.00,241201000.00,243092000.00,194522000.00,173108000.00,217675000.00,327077000.00,414515000.00,343073000.00,116264000.00,137774000.00,127870000.00,,,,,,,,,,,,,,,,
endPeriodCashFlow,285200.00,1257731000.00,1073515000.00,1162681000.00,1172209000.00,1010722000.00,965070000.00,1091383000.00,1229196000.00,1054867000.00,946263000.00,1221529000.00,1818249000.00,1424349000.00,1266330000.00,887365000.00,1080354000.00,793567000.00,826878000.00,838302000.00,886733000.00,801419000.00,867225000.00,813166000.00,802362000.00,812459000.00,725972000.00,697717000.00,692145000.00,627997000.00,669778000.00,658044000.00,683893000.00,605900000.00,612597000.00,734648000.00,574188000.00,510147000.00,502543000.00,681743000.00,600677000.00,507591000.00,627732000.00,591296000.00,593776000.00,398394000.00,465662000.00,507486000.00,456940000.00,381467000.00,403384000.00,421238000.00,612857000.00,293882000.00,206549000.00,252949000.00,290777000.00,275006000.00,241201000.00,243092000.00,194522000.00,173108000.00,217675000.00,327077000.00,414515000.00,343073000.00,116264000.00,137774000.00,127870000.00,,,,,,,,,,,,,,,
totalCashFromOperatingActivities,285200.00,279341000.00,11441000.00,120014000.00,315568000.00,204840000.00,-1627000.00,194855000.00,318082000.00,320334000.00,59150000.00,7104000.00,649352000.00,186231000.00,-299031000.00,-206930000.00,793703000.00,76857000.00,107438000.00,-200382000.00,531886000.00,71844000.00,118395000.00,52428000.00,251297000.00,413937000.00,-46087000.00,77507000.00,362899000.00,260050000.00,113151000.00,78055000.00,278029000.00,153802000.00,49960000.00,282642000.00,174916000.00,79713000.00,-31391000.00,137387000.00,160147000.00,96117000.00,85245000.00,67089000.00,226389000.00,201965000.00,11424000.00,-6426000.00,262136000.00,15911000.00,33310000.00,-179345000.00,114886000.00,130230000.00,-51908000.00,-34573000.00,112958000.00,93597000.00,24341000.00,-12565000.00,63217000.00,88743000.00,38984000.00,-35717000.00,117124000.00,-33391000.00,10062000.00,43668000.00,121266000.00,,,,46587000.00,,,,,,13751000.00,,,,,
issuanceOfCapitalStock,,9481000.00,3874000.00,8620000.00,6077000.00,8555000.00,3668000.00,8366000.00,6339000.00,7816000.00,,,,,,,,,,,,,,,,,,,,,,,,,,,,,,,,,,,,,,,,,,,,,,,,,,,,,,,,,,,,,,,,,,,,,,,,,,
depreciation,,43261000.00,44189000.00,43597000.00,44281000.00,41429000.00,43803000.00,41373000.00,47112000.00,48460000.00,41305000.00,39523000.00,55936000.00,55749000.00,67816000.00,57875000.00,67701000.00,64768000.00,65556000.00,63160000.00,67429000.00,66658000.00,70648000.00,62835000.00,72653000.00,67112000.00,71950000.00,66916000.00,83270000.00,97261000.00,107181000.00,111018000.00,148121000.00,134700000.00,214322000.00,102122000.00,24924000.00,24328000.00,23944000.00,22198000.00,23035000.00,23532000.00,23937000.00,23902000.00,102948452000.00,0.00,0.00,25548000.00,110276157000.00,28091000.00,27311000.00,29843000.00,21154000.00,17241000.00,18164000.00,22340000.00,23330000.00,21653000.00,20039000.00,19095000.00,22674000.00,18738000.00,9773000.00,11567000.00,14146000.00,12008000.00,12002000.00,6970000.00,,,,,,,,,,,,,,,,
otherCashflowsFromInvestingActivities,,32000.00,171000.00,85000.00,-38017000.00,1487000.00,-25508000.00,-17603000.00,4538000.00,-5943000.00,-169283000.00,-80530000.00,2220156000.00,-2025279000.00,2068336000.00,-40547000.00,135370000.00,342000.00,-25955000.00,-45976000.00,-11761000.00,19204000.00,-39519000.00,-3183000.00,-114427000.00,-23732000.00,1071000.00,-15576000.00,-1030000.00,-11242000.00,-331000.00,29843000.00,-7842000.00,-9022000.00,-12423000.00,-3281575000.00,-50572000.00,-10073000.00,-39803000.00,17777000.00,2724000.00,2724000.00,0.00,0.00,4605000.00,2525000.00,2525000.00,1958000.00,420000.00,-68044000.00,-1252000.00,-317628000.00,29794000.00,25799000.00,25799000.00,25799000.00,,,,,90020000.00,,,,,,,,,,,,,,,,,,,,,,,
dividendsPaid,,-25031000.00,-25421000.00,-20796000.00,20935000.00,21155000.00,21198000.00,441013000.00,790672000.00,1596478000.00,846094000.00,409710000.00,248522000.00,109044000.00,2284003000.00,1810509000.00,1304271000.00,1892288000.00,2213763000.00,2290452000.00,1089384000.00,1725820000.00,4437394000.00,1279166000.00,1315786000.00,1515554000.00,2489939000.00,1636848000.00,1261318000.00,1127243000.00,1101934000.00,1225676000.00,950308000.00,891626000.00,909772000.00,5441070000.00,416130000.00,361036000.00,540535000.00,506034000.00,434598000.00,495970000.00,768864000.00,593398000.00,378364000.00,301334000.00,397030000.00,382674000.00,1266669000.00,519975000.00,439307000.00,584911000.00,1950883000.00,1415000.00,25405000.00,20437000.00,10995000.00,6155000.00,,,168000.00,,,,249000.00,,,,1900000.00,,,,5250000.00,,,,,,,,,,,
changeToInventory,,,,,,,,45487000.00,-320391000.00,,,-177477000.00,138774000.00,-58037000.00,274637000.00,-231669000.00,295039000.00,-26300000.00,150676000.00,-224818000.00,133678000.00,-42775000.00,34491000.00,-222787000.00,237466000.00,-94902000.00,-70098000.00,-189502000.00,253005000.00,-140870000.00,-71696000.00,-147367000.00,26202000.00,-936000.00,-134637000.00,-144886000.00,-46489000.00,103858000.00,-100936000.00,-12037000.00,34467000.00,12001000.00,-69966000.00,46059000.00,21646739000.00,0.00,0.00,-61978000.00,89169379000.00,0.00,0.00,-42740000.00,14541000.00,16235000.00,-28630000.00,-45605000.00,47739000.00,25926000.00,,-41533000.00,187224000.00,,,-16257000.00,221751000.00,,,,,,,,,,,,,,,,,,,
changeToAccountReceivables,,,,-215776000.00,236532860000.00,-15991000.00,139562869.00,88131000.00,533006000.00,373248000.00,259059000.00,2069000.00,179028000.00,172702000.00,-359684000.00,-129001000.00,23958000.00,-107564000.00,-146610000.00,-86271000.00,-16179000.00,-205736000.00,26226000.00,-186098000.00,-285857000.00,-50317000.00,-143659000.00,47064000.00,121171000.00,180803000.00,6198000.00,29119000.00,123624000.00,-198766000.00,95594000.00,349148000.00,9270000.00,-90573000.00,65189000.00,1709000.00,-3300000.00,-10688000.00,154532000.00,-48392000.00,-21544000000.00,0.00,0.00,-128612000.00,-89041852000.00,0.00,0.00,-10148000.00,-127562000.00,62012000.00,-151997000.00,-16700000.00,-29665000.00,-17532000.00,,-12617000.00,-150932000.00,,,-49665000.00,-114548000.00,,,,,,,,,,,,,,,,,,,
salePurchaseOfStock,,-50018000.00,-25181000.00,-70010000.00,-55072000.00,-105104000.00,-50486000.00,-262308000.00,-117244000.00,-158176000.00,-122814000.00,-468857000.00,-136474000.00,-280000.00,-11689000.00,-38510000.00,-15525000.00,-109000.00,-30227000.00,-52347000.00,-150124000.00,-2105000.00,-536000.00,-26701000.00,-2746000.00,-4366000.00,-472000.00,-17494000.00,-338000.00,-7422000.00,-789000.00,-17343000.00,-296000.00,-11282000.00,-578000.00,-10957000.00,-347000.00,-398000.00,-458000.00,-33721000.00,-65957000.00,-66666000.00,-80548000.00,-174930000.00,-52591000.00,-31808000.00,-61683000.00,-13669000.00,-100366000.00,-48000.00,-3169000.00,-63461000.00,-4841000.00,-325000.00,-10783000.00,-1222000.00,-9589000.00,-756000.00,-2457000.00,-691000.00,-5008000.00,-279000.00,-4600000.00,-4050000.00,73918000.00,-75539000.00,-1609000.00,-46846000.00,,,,,,,,,,,,,,,,
otherCashflowsFromFinancingActivities,,978512000.00,809136000.00,737234000.00,972265000.00,1289981000.00,870427000.00,865727000.00,1581029000.00,3186509000.00,1669281000.00,816106000.00,440178000.00,223141000.00,4536821000.00,3618361000.00,2555612000.00,3784289000.00,4430290000.00,4549688000.00,2115877000.00,3435064000.00,8859379000.00,2515575000.00,2619815000.00,3000069000.00,4972070000.00,3225478000.00,2447819000.00,2214912000.00,2210359000.00,2402763000.00,1835736000.00,1729978000.00,1794528000.00,10763743000.00,822841000.00,717987000.00,1075922000.00,993148000.00,864266000.00,991964000.00,1534219000.00,1178479000.00,756436000.00,601830000.00,794718000.00,765791000.00,2592462000.00,1042296000.00,818102000.00,1288135000.00,3904496000.00,6870000.00,65233000.00,40669000.00,22965000.00,16448000.00,-85407000.00,-227000.00,312573000.00,16318000.00,1176000.00,2192000.00,-71931000.00,-121243000.00,69685000.00,-3664000.00,,,,,,,,,,,,,,,,
changeToNetincome,,23486000.00,16675000.00,44429000.00,25460000.00,-30842000.00,35138000.00,22635000.00,-28131000.00,137127000.00,36811000.00,147521000.00,263215000.00,63672000.00,-55015000.00,58326000.00,529669000.00,7299000.00,18925000.00,7449000.00,63963000.00,-3118000.00,207526000.00,8482000.00,-30544000.00,32868000.00,11644000.00,5772000.00,-91386000.00,59521000.00,45690000.00,14098000.00,-45323000.00,47130000.00,1566000.00,48291000.00,8514000.00,11680000.00,11933000.00,-24701000.00,,,,,12173000.00,,,,-16460000.00,-6655000.00,50273000.00,-136347000.00,,,,,12534000.00,,,,14091000.00,,,,,,,,,,,,,,,,7853000.00,4523000.00,,,,,,
capitalExpenditures,0,14474000,32450000,36369000,66523000,22005000,15824000,32665000,23659000,25338000,56363000,30902000,31325000,37110000,14562000,31594000,23299000,27548000,26241000,23576000,24525000,33053000,26191000,29510000,21677000,20651000,20442000,23584000,49761000,74212000,66570000,843000,10170000,3669000,25854000,29733000,13274000,16411000,12396000,20771000,15050000,12435000,11707000,12925000,15069000,15600000,13921000,18284000,30708000,15176000,16088000,16019000,33312000,7711000,12947000,14520000,26037000,4222000,13555000,19110000,21653000,23927000,12899000,10908000,10262000,14299000,8549000,10093000,32300000,0,0,0,31175000,0,0,0,9602000,15545000,7788000,,,,,
changeReceivables,,,,,,,,,,,,,,,,,,,,,-16179000.00,-205736000.00,26226000.00,-186098000.00,-285857000.00,-50317000.00,-143659000.00,47064000.00,121171000.00,180803000.00,6198000.00,29119000.00,123624000.00,-198766000.00,95594000.00,349148000.00,9270000.00,-90573000.00,65189000.00,1709000.00,,,,,,,,,99201000.00,-166175000.00,-11930000.00,-10148000.00,,,,,,,,,,,,,,,,,,,,,,,,,,,,,,,,
cashFlowsOtherOperating,,244400000.00,-126498000.00,-74721000.00,88392000.00,52387000.00,64921000.00,109171000.00,307645000.00,317975000.00,39313000.00,-50058000.00,242137000.00,104449000.00,-311537000.00,-81800000.00,598749000.00,-100461000.00,-87265000.00,-103553000.00,-43605000.00,22033000.00,-7387000.00,-12517000.00,86434000.00,-121927000.00,28441000.00,-14728000.00,158544000.00,-63230000.00,-105496000.00,-6075000.00,87815000.00,-4969000.00,-106030000.00,86811000.00,-29993000.00,3937000.00,-24780000.00,19733000.00,,,,,,,,,54241000.00,20131000.00,-30853000.00,-3920000.00,,,,,,,,,,,,,,,,,,,,,,,,,,,,,,,,
exchangeRateChanges,,,,,,,,,,,,,,,,,,,,,,,3223000.00,2882000.00,2921000.00,3582000.00,2967000.00,-6706000.00,-858000.00,-3055000.00,4251000.00,-5647000.00,-8590000.00,-1142000.00,-10140000.00,-8892000.00,-6017000.00,906000.00,-2945000.00,-2505000.00,,,,,,,,,-16826000.00,3566000.00,5967000.00,3821000.00,,,,,,,,,,,,,,,,,,,,,,,,,,,,,,,,
cashAndCashEquivalentsChanges,,199831000.00,-82857000.00,-16604000.00,169634000.00,49948000.00,-126676000.00,-142619000.00,181023000.00,106678000.00,-273019000.00,-603632000.00,390209000.00,157020000.00,387563000.00,-195703000.00,290860000.00,-33632000.00,-12806000.00,-46845000.00,88766000.00,-63031000.00,54059000.00,10804000.00,-10097000.00,86487000.00,28255000.00,5572000.00,64148000.00,-41781000.00,11734000.00,-25849000.00,77993000.00,-6697000.00,-122051000.00,160460000.00,64041000.00,7604000.00,-179200000.00,81066000.00,,,,,,,,,75473000.00,-21917000.00,-17854000.00,-191619000.00,,,,,,,,,,,,,,,,,,,,,,,,,,,,,,,,
changeInWorkingCapital,,30390000.00,-166610000.00,-56686000.00,140209000.00,82392000.00,-120653000.00,32075000.00,203604000.00,123216000.00,-56737000.00,-197085000.00,556401000.00,-29138000.00,-243756000.00,-361425000.00,644316000.00,-100598000.00,-70562000.00,-336077000.00,295167000.00,-66838000.00,-86528000.00,-143302000.00,105404000.00,177883000.00,-245521000.00,-60959000.00,358128000.00,18874000.00,-106314000.00,-46658000.00,148754000.00,-27781000.00,-148795000.00,156920000.00,76843000.00,-25387000.00,-109764000.00,83349000.00,44269000.00,8676000.00,8546000.00,-6742000.00,102028000.00,108484000.00,-56137000.00,-90258000.00,165119000.00,-98883000.00,-92604000.00,-216515000.00,-12369000.00,54775000.00,-131458000.00,-111885000.00,50385000.00,18184000.00,-45263000.00,-68900000.00,54107000.00,29979000.00,-11690000.00,-76352000.00,56455000.00,-81101000.00,-33196000.00,18211000.00,,,,,,,,,,,,,,,,
stockBasedCompensation,,16285000.00,12702000.00,11893000.00,11060000.00,5692000.00,11905000.00,9814000.00,8529000.00,11591000.00,9259000.00,15363000.00,17192000.00,10500000.00,5282000.00,21255000.00,16363000.00,15656000.00,16162000.00,15631000.00,18754000.00,17145000.00,20656000.00,16540000.00,25100000.00,20621000.00,16716000.00,21337000.00,17206000.00,14167000.00,20533000.00,21500000.00,14062000.00,20226000.00,15547000.00,36017000.00,8452000.00,4799000.00,10246000.00,10941000.00,5207000.00,9240000.00,11330000.00,6834000.00,6861000.00,2047000.00,9009000.00,8634000.00,3726000.00,9157000.00,4024000.00,8030000.00,9469000.00,8672000.00,7652000.00,8813000.00,6757000.00,6929000.00,,5457000.00,24147000.00,,,5111000.00,24966000.00,,,,,,,,,,,,,,,,,,,
otherNonCashItems,,310724000.00,36677000.00,24447000.00,-22813985000.00,-81082000.00,14805000.00,2254000.00,57017000.00,-44333000.00,39885000.00,15610000.00,-10886186000.00,9021000.00,1117000.00,4127000.00,98528306000.00,444000.00,1966000.00,2425000.00,-36700791000.00,-1130000.00,10093000.00,-1800000.00,49800356000.00,-19000.00,-4931000.00,-3077000.00,9549000.00,-482000.00,-1780000.00,2892000.00,52974615000.00,-8726000.00,-2446000.00,11057000.00,-27154938000.00,-182000.00,1837000.00,1185000.00,7219409000.00,794000.00,357000.00,837000.00,-82303084000.00,21579000.00,8896000.00,-702000.00,-139471282000.00,31803000.00,64175000.00,-59302000.00,5604000.00,-15300000.00,-4755000.00,377000.00,-18576000.00,-4290000.00,6167000.00,824000.00,-46691000.00,1572000.00,5072000.00,201000.00,-23502000.00,11515000.00,10058000.00,-7033000.00,,,,,,,,,,,,,,,,
freeCashFlow,285200.00,264867000.00,-21009000.00,83645000.00,249045000.00,182835000.00,-17451000.00,162190000.00,294423000.00,294996000.00,2787000.00,-23798000.00,618027000.00,149121000.00,-313593000.00,-238524000.00,770404000.00,49309000.00,81197000.00,-223958000.00,507361000.00,38791000.00,92204000.00,22918000.00,229620000.00,393286000.00,-66529000.00,53923000.00,313138000.00,185838000.00,46581000.00,77212000.00,267859000.00,150133000.00,24106000.00,252909000.00,161642000.00,63302000.00,-43787000.00,116616000.00,145097000.00,83682000.00,73538000.00,54164000.00,211320000.00,186365000.00,-2497000.00,-24710000.00,231428000.00,735000.00,17222000.00,-195364000.00,81574000.00,122519000.00,-64855000.00,-49093000.00,86921000.00,89375000.00,10786000.00,-31675000.00,41564000.00,64816000.00,26085000.00,-46625000.00,106862000.00,-47690000.00,1513000.00,33575000.00,,,,,,,,,,,,,,,,
researchDevelopment,,,,,,,,,,,,,,,,,,,,0.00,0.00,0.00,0.00,0.00,0.00,0.00,0.00,0.00,0.00,0.00,0.00,0.00,0.00,0.00,0.00,0.00,0.00,0.00,0.00,0.00,0.00,0.00,0.00,0.00,0.00,0.00,0.00,0.00,0.00,0.00,0.00,0.00,0.00,0.00,0.00,0.00,0.00,0.00,0.00,0.00,0.00,0.00,0.00,0.00,0.00,0.00,0.00,0.00,0.00,0.00,0.00,0.00,0.00,0.00,0.00,0.00,,,,,,,,
effectOfAccountingCharges,,,,,,,,,,,,,,,,,,,,,0.00,0.00,0.00,,0.00,0.00,0.00,0.00,0.00,0.00,0.00,,0.00,0.00,0.00,0.00,0.00,0.00,0.00,0.00,0.00,0.00,0.00,0.00,0.00,0.00,0.00,0.00,0.00,0.00,0.00,0.00,0.00,0.00,0.00,0.00,0.00,0.00,0.00,0.00,0.00,0.00,0.00,0.00,0.00,0.00,0.00,0.00,0.00,0.00,0.00,0.00,0.00,0.00,0.00,0.00,,,,,,,,
incomeBeforeTax,56813000.00,-133692000.00,167363000.00,122916000.00,154365000.00,159907000.00,90637000.00,145773000.00,150152000.00,15937000.00,128340000.00,114375000.00,19332000.00,87064000.00,75387000.00,50820000.00,-472059000.00,141991000.00,114462000.00,31486000.00,124046000.00,108273000.00,-132155000.00,77320000.00,109934000.00,148279000.00,80353000.00,90616000.00,-1438000.00,49297000.00,78781000.00,-1085000.00,42664000.00,-8711000.00,-55157000.00,-100773000.00,94292000.00,82769000.00,57701000.00,80026000.00,113962000.00,101394000.00,68737000.00,51681000.00,-208122000.00,91178000.00,66425000.00,68002000.00,124805000.00,97890000.00,78899000.00,82586000.00,100706000.00,91300000.00,82892000.00,66219000.00,74114000.00,70890000.00,61437000.00,57865000.00,62542000.00,59878000.00,55409000.00,44686000.00,41252000.00,35546000.00,32068000.00,38633000.00,28228000.00,22591000.00,21011000.00,21003000.00,31354000.00,22701000.00,18515000.00,18676000.00,,15578000.00,10201000.00,,7895000.00,5976000.00,5384000.00,1814000.00
minorityInterest,-14721000.00,-13402000.00,-7868000.00,-8818000.00,-7385000.00,-10021000.00,-6956000.00,271000.00,-10140000.00,108941000.00,-5919000.00,-6894000.00,-28122000.00,4783000.00,-5243000.00,-4047000.00,-26169000.00,-21650000.00,-15674000.00,-13567000.00,-21350000.00,-14232000.00,-11978000.00,-13099000.00,-15296000.00,-34747000.00,-13444000.00,-18599000.00,-129043000.00,16950000.00,24766000.00,19964000.00,23156000.00,16945000.00,20338000.00,23173000.00,609000.00,-148000.00,2304000.00,145000.00,1659000.00,460000.00,965000.00,869000.00,37000.00,442000.00,662000.00,493000.00,1033000.00,97000.00,1945000.00,5215000.00,1414000.00,3793000.00,3165000.00,4085000.00,3364000.00,3040000.00,4932000.00,2846000.00,2651000.00,4862000.00,4798000.00,1279000.00,7346000.00,3824000.00,3648000.00,1586000.00,5421000.00,3022000.00,3530000.00,1951000.00,2155000.00,2329000.00,2504000.00,1465000.00,,,,,,,,
sellingGeneralAdministrative,40933000.00,42883000.00,34147000.00,35612000.00,40944000.00,32766000.00,37098000.00,36501000.00,44365000.00,36340000.00,36007000.00,38360000.00,49402000.00,54482000.00,41037000.00,43614000.00,37256000.00,37534000.00,37426000.00,35907000.00,35741000.00,35159000.00,30217000.00,34670000.00,36882000.00,33944000.00,29844000.00,32639000.00,28131000.00,28863000.00,29455000.00,28639000.00,25422000.00,24418000.00,29797000.00,34338000.00,15547000.00,22904000.00,26449000.00,23845000.00,23953000.00,24010000.00,27253000.00,22102000.00,80903000000.00,20682000.00,19857000.00,22611000.00,90298000000.00,23560000.00,23608000.00,23262000.00,110000.00,28327000.00,27898000.00,21865000.00,87000.00,20071000.00,23930000.00,17246000.00,70000.00,357152000.00,314444000.00,284902000.00,1017067000.00,270401000.00,248146000.00,219828000.00,212292000.00,209340000.00,204838000.00,176983000.00,155185000.00,149559000.00,146695000.00,130090000.00,96716000.00,89629000.00,75841000.00,99463000.00,82518000.00,83081000.00,81354000.00,63846000.00
sellingAndMarketingExpenses,,,,,73002000.00,,,73002000.00,,,,,,,,,,,,,,,,,,,,,,,,,,,,,,,,,,,,,80885247000.00,,,,90278132000.00,,,,32263000.00,,,,25559000.00,,,,,,,,738376000.00,,,,,,,,,,,,,,,,,,,
grossProfit,252305000.00,250078000.00,228094000.00,214988000.00,217268000.00,220550000.00,209952000.00,200204000.00,217258000.00,201534000.00,195259000.00,184370000.00,189868000.00,185079000.00,168813000.00,165800000.00,238226000.00,209244000.00,195362000.00,170613000.00,188046000.00,185179000.00,141272000.00,136152000.00,170127000.00,175176000.00,168444000.00,169973000.00,147179000.00,171343000.00,183444000.00,140858000.00,170628000.00,126518000.00,103312000.00,164223000.00,129031000.00,108540000.00,87407000.00,78198000.00,140213000.00,131814000.00,99843000.00,78118000.00,144158000.00,111238000.00,76117000.00,90346000.00,140393000.00,121239000.00,99735000.00,105335000.00,124334000.00,115065000.00,107895000.00,-360891000.00,95246000.00,87117000.00,89634000.00,81207000.00,-824812000.00,416021000.00,369395000.00,326592000.00,316795000.00,312091000.00,283871000.00,248419000.00,907882000.00,907883000.00,858930000.00,746797000.00,598835000.00,598835000.00,598835000.00,598835000.00,,,,,,,,
reconciledDepreciation,,43261000.00,44189000.00,43597000.00,44281000.00,41429000.00,43803000.00,41373000.00,47112000.00,48460000.00,41305000.00,39523000.00,55936000.00,55749000.00,67816000.00,57875000.00,67701000.00,64768000.00,65556000.00,63160000.00,67429000.00,66658000.00,70648000.00,62835000.00,72653000.00,67112000.00,71950000.00,66916000.00,83270000.00,97261000.00,107181000.00,111018000.00,148121000.00,134700000.00,214322000.00,102122000.00,24924000.00,24328000.00,23944000.00,22198000.00,23035000.00,23532000.00,23937000.00,23902000.00,,,,25548000.00,,,,29843000.00,21154000.00,17241000.00,18164000.00,22340000.00,23330000.00,21653000.00,20039000.00,19095000.00,22674000.00,18738000.00,9773000.00,11567000.00,14146000.00,12008000.00,12002000.00,6970000.00,,,,,,,,,,,,,,,,
ebit,80381000.00,-105423000.00,197430000.00,151746000.00,184032000.00,183009000.00,111481000.00,133154000.00,142988000.00,129486000.00,128581000.00,118541000.00,102804000.00,86540000.00,75895000.00,78247000.00,151269000.00,140391000.00,188165000.00,87647000.00,112981000.00,98977000.00,136600000.00,70650000.00,94906000.00,142714000.00,89629000.00,92749000.00,59912000.00,65230000.00,86570000.00,29506000.00,34472000.00,5304000.00,-117217000.00,54266000.00,98961000.00,68238000.00,44255000.00,68255000.00,101169000.00,113113000.00,56655000.00,38330000.00,110833000.00,76752000.00,47898000.00,51149000.00,167503000.00,83421000.00,87457000.00,49942000.00,92208000.00,75691000.00,65284000.00,43150000.00,28943000.00,72991000.00,72855000.00,74485000.00,73700000.00,63426000.00,59772000.00,44532000.00,42304000.00,45682000.00,37944000.00,18722000.00,0.00,0.00,0.00,0.00,0.00,0.00,0.00,0.00,,,,,,,,
ebitda,236072000.00,-85709000.00,213708000.00,197075000.00,206241000.00,199587000.00,188102000.00,174527000.00,190100000.00,177946000.00,169886000.00,158064000.00,158740000.00,142289000.00,143711000.00,136122000.00,218970000.00,205159000.00,253721000.00,150807000.00,180410000.00,165635000.00,207248000.00,133485000.00,167559000.00,209826000.00,161579000.00,159665000.00,143182000.00,162491000.00,193751000.00,140524000.00,182593000.00,140004000.00,97105000.00,156388000.00,123885000.00,92566000.00,68199000.00,90453000.00,124204000.00,136645000.00,80592000.00,62232000.00,136914000.00,102837000.00,73158000.00,76697000.00,192564000.00,111512000.00,114768000.00,79785000.00,113362000.00,92932000.00,83448000.00,65490000.00,52273000.00,94644000.00,92894000.00,93580000.00,96374000.00,82164000.00,69545000.00,56099000.00,56450000.00,57690000.00,49946000.00,25692000.00,-2410201000.00,907883000.00,858930000.00,746797000.00,-1698205000.00,598835000.00,598835000.00,598835000.00,,,,,,,,
depreciationAndAmortization,155691000.00,19714000.00,16278000.00,45329000.00,22209000.00,16578000.00,76621000.00,41373000.00,47112000.00,48460000.00,41305000.00,39523000.00,55936000.00,55749000.00,67816000.00,57875000.00,67701000.00,64768000.00,65556000.00,63160000.00,67429000.00,66658000.00,70648000.00,62835000.00,72653000.00,67112000.00,71950000.00,66916000.00,83270000.00,97261000.00,107181000.00,111018000.00,148121000.00,134700000.00,214322000.00,102122000.00,24924000.00,24328000.00,23944000.00,22198000.00,23035000.00,23532000.00,23937000.00,23902000.00,26081000.00,26085000.00,25260000.00,25548000.00,25061000.00,28091000.00,27311000.00,29843000.00,21154000.00,17241000.00,18164000.00,22340000.00,23330000.00,21653000.00,20039000.00,19095000.00,22674000.00,18738000.00,9773000.00,11567000.00,14146000.00,12008000.00,12002000.00,6970000.00,,,,,,,,,,,,,,,,
nonOperatingIncomeNetOther,,10599000.00,12305000.00,7870000.00,3635000.00,4314000.00,3329000.00,2874000.00,5791000.00,4482000.00,3477000.00,3853000.00,-15496000.00,3119000.00,13505000.00,9928000.00,13960000.00,28563000.00,25963000.00,12504000.00,25512000.00,12863000.00,13038000.00,29720000.00,31915000.00,66458000.00,21738000.00,21471000.00,139799000.00,1498000.00,746000.00,-38011000.00,7470000.00,10128000.00,-1038000.00,2579000.00,1892000.00,1034000.00,-195000.00,17000.00,,,156000.00,,,,,,1209000.00,-1585000.00,1456000.00,2288000.00,,,,,,,,,,,,,,,,,,,,,,,,,,,,,,,,
operatingIncome,80381000.00,-105423000.00,197430000.00,151746000.00,184032000.00,183009000.00,111481000.00,168282000.00,170224000.00,160493000.00,157663000.00,141173000.00,65334000.00,118870000.00,110068000.00,87189000.00,-419723000.00,192869000.00,168024000.00,83915000.00,177017000.00,160734000.00,-44085000.00,131202000.00,161860000.00,207690000.00,140913000.00,143393000.00,69073000.00,110315000.00,140758000.00,96444000.00,95240000.00,41381000.00,6544000.00,15346000.00,102520000.00,91532000.00,68394000.00,90436000.00,122724000.00,111898000.00,80436000.00,61931000.00,-199086000.00,102837000.00,73158000.00,76697000.00,133669000.00,109927000.00,87457000.00,90170000.00,99178000.00,92679000.00,83448000.00,65490000.00,75364000.00,73199000.00,70607000.00,69697000.00,71134000.00,64182000.00,58959000.00,44532000.00,42304000.00,45682000.00,37944000.00,30008000.00,-2410201000.00,907883000.00,858930000.00,746797000.00,-1698205000.00,598835000.00,598835000.00,598835000.00,11731000.00,,,,,,,
otherOperatingExpenses,3631013000.00,3456354000.00,3296225000.00,3202979000.00,3249789000.00,3053911000.00,3040804000.00,3103013000.00,3180874000.00,3243163000.00,3106321000.00,3167145000.00,3428484000.00,3059082000.00,3117961000.00,3113424000.00,4914638000.00,4808494000.00,4882086000.00,4902789000.00,5153545000.00,4997900000.00,4679855000.00,4809350000.00,4723143000.00,4420235000.00,4288598000.00,4221015000.00,4204048000.00,4266302000.00,4227307000.00,4185432000.00,4578431000.00,4447478000.00,4432682000.00,4056150000.00,1205751000.00,1119066000.00,1119254000.00,1097125000.00,1127859000.00,1959686000.00,1179249000.00,1189002000.00,1956506000.00,1992301000.00,1937793000.00,1154152000.00,1952701000.00,1936798000.00,1848964000.00,1131704000.00,1729480000.00,1542504000.00,975318000.00,1859162000.00,1625640000.00,1458790000.00,1433054000.00,1384431000.00,1557774000.00,1257021000.00,1105162000.00,1035718000.00,1072052000.00,1054974000.00,1045765000.00,908541000.00,3318083000.00,0.00,0.00,0.00,2297040000.00,0.00,0.00,0.00,,,,,,,,
interestExpense,41402000.00,38868000.00,42372000.00,36700000.00,33302000.00,27416000.00,24173000.00,25383000.00,25863000.00,149038000.00,32800000.00,30651000.00,47501000.00,34925000.00,37111000.00,40377000.00,56376000.00,55764000.00,57828000.00,56026000.00,55564000.00,55213000.00,100577000.00,56165000.00,54325000.00,61547000.00,61801000.00,53637000.00,73405000.00,62516000.00,62723000.00,59518000.00,60046000.00,60220000.00,60663000.00,118698000.00,10120000.00,9797000.00,10498000.00,10427000.00,10242000.00,11719000.00,11855000.00,10551000.00,10576000.00,12702000.00,11204000.00,10614000.00,40421014000.00,10452000.00,10014000.00,9872000.00,3370000.00,1126000.00,2385000.00,975000.00,11000.00,2617000.00,2019000.00,3598000.00,1000.00,0.00,2061000.00,1433000.00,3321000.00,0.00,2228000.00,0.00,258000.00,2528000.00,4067000.00,3723000.00,1639000.00,1366000.00,2286000.00,1763000.00,3072000.00,2328000.00,2922000.00,3122000.00,3716000.00,2415000.00,3605000.00,1345000.00
taxProvision,9182000.00,-20000000.00,41105000.00,25765000.00,32967000.00,44517000.00,36011000.00,22556000.00,46200000.00,-17938000.00,35148000.00,25601000.00,15427000.00,-7184000.00,21604000.00,15906000.00,-24076000.00,36603000.00,12218000.00,,,,,,,,,,,,,,,,,,,,,,,,,,,,,,,,,,,,,,,,,,,,,,,,,,,,,,,,,,,,,,,,,
interestIncome,15759000.00,8802000.00,42372000.00,36700000.00,33302000.00,27416000.00,24173000.00,25383000.00,25863000.00,149038000.00,32800000.00,30651000.00,47501000.00,34925000.00,37111000.00,40377000.00,56376000.00,55764000.00,41407000.00,,,,,,,,,,,,,,,,,,,,,,,,,,,,,,,,,,,,,,,,,,,,,,,,,,,,,,,,,,,,,,,,,
netInterestIncome,-25643000.00,-30066000.00,-42372000.00,-36700000.00,-33302000.00,-27416000.00,-24173000.00,-25383000.00,-25863000.00,-149038000.00,-32800000.00,-30651000.00,-47501000.00,-34925000.00,-37111000.00,-40377000.00,-56376000.00,-55764000.00,-57828000.00,,,,,,,,,,,,,,,,,,,,,,,,,,,,,,,,,,,,,,,,,,,,,,,,,,,,,,,,,,,,,,,,,
extraordinaryItems,,-9180000.00,-41554000.00,438000.00,-9794000.00,-5015000.00,-7477000.00,-56213000.00,1164000.00,-16443000.00,-48988000.00,-57232000.00,-230122000.00,-1771000.00,-130749000.00,18180000.00,-544215000.00,27694000.00,35247000.00,28165000.00,0.00,0.00,0.00,,0.00,0.00,0.00,0.00,0.00,0.00,0.00,,0.00,0.00,0.00,0.00,0.00,0.00,0.00,0.00,0.00,0.00,0.00,0.00,0.00,0.00,0.00,0.00,0.00,0.00,0.00,0.00,0.00,0.00,0.00,0.00,0.00,0.00,0.00,0.00,0.00,0.00,0.00,0.00,0.00,0.00,0.00,0.00,0.00,0.00,0.00,0.00,0.00,0.00,0.00,0.00,,,,,,,,
nonRecurring,,9115000.00,3973000.00,37459000.00,18574000.00,12264000.00,73292000.00,3371000.00,14085000.00,12971000.00,8746000.00,13038000.00,244183000.00,20300000.00,-31213000.00,-44925000.00,-16276000.00,,-15875000.00,-63295000.00,672712000.00,1513602000.00,-168178000.00,168178000.00,-3300000.00,22026000.00,-19997000.00,-15412000.00,-356069000.00,50678000.00,50711000.00,41038000.00,-716997000.00,88495000.00,91599000.00,138463000.00,-27310000.00,0.00,0.00,0.00,0.00,0.00,0.00,0.00,0.00,0.00,0.00,0.00,0.00,0.00,0.00,0.00,0.00,0.00,0.00,0.00,0.00,0.00,0.00,0.00,0.00,0.00,0.00,0.00,0.00,0.00,0.00,0.00,0.00,0.00,0.00,0.00,0.00,0.00,0.00,0.00,,,,,,,,
otherItems,,,,,,,,,,,,,,,,,,,,,0.00,0.00,0.00,,0.00,0.00,0.00,0.00,0.00,0.00,0.00,,0.00,0.00,0.00,0.00,0.00,0.00,0.00,0.00,0.00,0.00,0.00,0.00,0.00,0.00,0.00,0.00,0.00,0.00,0.00,0.00,0.00,0.00,0.00,0.00,0.00,0.00,0.00,0.00,0.00,0.00,0.00,0.00,0.00,0.00,0.00,0.00,0.00,0.00,0.00,0.00,0.00,0.00,0.00,0.00,,,,,,,,
incomeTaxExpense,9182000.00,-20000000.00,41105000.00,25765000.00,32967000.00,44517000.00,36011000.00,22556000.00,46200000.00,-17938000.00,35148000.00,25601000.00,15427000.00,-7184000.00,21604000.00,15906000.00,-24076000.00,36603000.00,20943000.00,-33600000.00,18719000.00,33131000.00,-24400000.00,-47093000.00,6150000.00,12205000.00,-35487000.00,24838000.00,-14325000.00,-35097000.00,12187000.00,-682000.00,16187000.00,-8464000.00,-75761000.00,-20443000.00,29657000.00,13677000.00,15205000.00,23485000.00,35735000.00,30179000.00,13961000.00,12703000.00,16746000.00,21323000.00,16769000.00,19578000.00,36389000.00,23959000.00,19239000.00,20503000.00,31518000.00,22665000.00,21048000.00,16465000.00,20124000.00,20987000.00,18431000.00,17360000.00,20124000.00,21424000.00,19580000.00,15193000.00,11860000.00,11360000.00,10870000.00,13113000.00,-14422000.00,-14422000.00,-11887000.00,-12955000.00,-13453000.00,-13454000.00,-13454000.00,-13454000.00,,5152000.00,,,2615000.00,1974000.00,1475000.00,761000.00
totalRevenue,3842385000.00,3663549000.00,3490172000.00,3382355000.00,3426113000.00,3241695000.00,3213658000.00,3266716000.00,3353767000.00,3408357000.00,3265573000.00,3313155000.00,3568950000.00,3189679000.00,3245737000.00,3235610000.00,5115608000.00,4980204000.00,5040022000.00,5037495000.00,5305850000.00,5147920000.00,4790910000.00,4910832000.00,4856388000.00,4561467000.00,4427198000.00,4358349000.00,4323096000.00,4408782000.00,4381296000.00,4297651000.00,4723637000.00,4549578000.00,4506197000.00,4186035000.00,1319235000.00,1204702000.00,1180212000.00,1151478000.00,1244119000.00,2067490000.00,1251839000.00,1245018000.00,2082911000.00,2095138000.00,2010951000.00,1230849000.00,2118045000.00,2046725000.00,1936421000.00,1213777000.00,1828658000.00,1635183000.00,1051864000.00,1480784000.00,1655890000.00,1531989000.00,1498758000.00,1454128000.00,1628908000.00,1321203000.00,1164121000.00,1080250000.00,1114356000.00,1100656000.00,1083709000.00,938549000.00,907882000.00,907883000.00,858930000.00,746797000.00,598835000.00,598835000.00,598835000.00,598835000.00,395859000.00,405031000.00,398075000.00,399724000.00,373123000.00,351835000.00,365942000.00,355893000.00
totalOperatingExpenses,40933000.00,42883000.00,34147000.00,35612000.00,40944000.00,32766000.00,37098000.00,36501000.00,44365000.00,36340000.00,36007000.00,38360000.00,49402000.00,54482000.00,41037000.00,43614000.00,37256000.00,37534000.00,37426000.00,35907000.00,35741000.00,35159000.00,30217000.00,34670000.00,36882000.00,33944000.00,29844000.00,32639000.00,28131000.00,28863000.00,29455000.00,28639000.00,25422000.00,24418000.00,29797000.00,34338000.00,15547000.00,22904000.00,26449000.00,23845000.00,23953000.00,24010000.00,27253000.00,22102000.00,17753000.00,8401000.00,2959000.00,13649000.00,-24951000.00,11312000.00,12278000.00,23262000.00,25156000.00,22386000.00,31349000.00,17487000.00,64996000.00,13918000.00,23930000.00,11510000.00,-895946000.00,351839000.00,310436000.00,282060000.00,274491000.00,266409000.00,245927000.00,218411000.00,-3318083000.00,886000000.00,834000000.00,0.00,-2297040000.00,0.00,0.00,0.00,,,,,,,,
costOfRevenue,3590080000.00,3413471000.00,3262078000.00,3167367000.00,3208845000.00,3021145000.00,3003706000.00,3066512000.00,3136509000.00,3206823000.00,3070314000.00,3128785000.00,3379082000.00,3004600000.00,3076924000.00,3069810000.00,4877382000.00,4770960000.00,4844660000.00,4866882000.00,5117804000.00,4962741000.00,4649638000.00,4774680000.00,4686261000.00,4386291000.00,4258754000.00,4188376000.00,4175917000.00,4237439000.00,4197852000.00,4156793000.00,4553009000.00,4423060000.00,4402885000.00,4021812000.00,1190204000.00,1096162000.00,1092805000.00,1073280000.00,1103906000.00,1935676000.00,1151996000.00,1166900000.00,1938753000.00,1983900000.00,1934834000.00,1140503000.00,1977652000.00,1925486000.00,1836686000.00,1108442000.00,1704324000.00,1520118000.00,943969000.00,1841675000.00,1560644000.00,1444872000.00,1409124000.00,1372921000.00,2453720000.00,905182000.00,794726000.00,753658000.00,797561000.00,788565000.00,799838000.00,690130000.00,650274000.00,668027000.00,1158683000.00,0.00,472896000.00,451435000.00,412234000.00,381298000.00,284664000.00,297496000.00,309111000.00,300551000.00,278994000.00,260363000.00,275599000.00,288888000.00
totalOtherIncomeExpenseNet,-128916000.00,-310821000.00,-30067000.00,-28830000.00,-29667000.00,-23102000.00,-20844000.00,7453000.00,3122000.00,-219000.00,1888000.00,-984000.00,-73633000.00,-8608000.00,-15278000.00,-30989000.00,-616653000.00,26045000.00,14354000.00,-47194000.00,27305000.00,13466000.00,-142633000.00,32003000.00,31014000.00,68594000.00,3554000.00,6919000.00,-47081000.00,-30667000.00,-12485000.00,-53786000.00,-42496000.00,-50591000.00,-68009000.00,-111960000.00,-9072000.00,6930000.00,7241000.00,36100000.00,7944000.00,5309000.00,8002000.00,6216000.00,-323951000.00,1043000.00,4471000.00,1919000.00,-30466000.00,-1585000.00,1456000.00,2288000.00,6970000.00,-253000.00,1829000.00,1704000.00,1307000.00,208000.00,-7151000.00,948000.00,7463000.00,6069000.00,3195000.00,2842000.00,4200000.00,3992000.00,2219000.00,12703000.00,0.00,0.00,0.00,0.00,0.00,0.00,0.00,0.00,,,,,,,,
discontinuedOperations,,-7607000.00,-41775000.00,-388000.00,-9794000.00,-5015000.00,-6113000.00,-56213000.00,1164000.00,-16443000.00,-47914000.00,-55752000.00,-227896000.00,-126000.00,-130749000.00,18180000.00,9737000.00,9737000.00,9737000.00,,0.00,0.00,0.00,,0.00,0.00,0.00,0.00,0.00,0.00,0.00,,0.00,0.00,0.00,0.00,0.00,0.00,0.00,0.00,0.00,0.00,0.00,0.00,0.00,0.00,0.00,0.00,0.00,0.00,0.00,0.00,0.00,0.00,0.00,0.00,0.00,0.00,0.00,0.00,0.00,0.00,0.00,0.00,0.00,0.00,0.00,0.00,0.00,0.00,0.00,0.00,0.00,0.00,0.00,0.00,,,,,,,,
netIncomeFromContinuingOps,47631000.00,-113692000.00,126258000.00,97151000.00,121398000.00,115390000.00,54626000.00,123217000.00,103952000.00,33875000.00,93192000.00,88774000.00,3905000.00,94248000.00,53783000.00,34914000.00,-496135000.00,178594000.00,135405000.00,-2114000.00,142765000.00,141404000.00,-156555000.00,30227000.00,116084000.00,160484000.00,44866000.00,115454000.00,-62947000.00,84394000.00,66594000.00,-403000.00,-11260000.00,-247000.00,20604000.00,-80330000.00,64635000.00,69092000.00,42496000.00,56541000.00,0.00,0.00,54776000.00,0.00,0.00,0.00,0.00,0.00,88416000.00,73931000.00,59660000.00,62083000.00,0.00,0.00,0.00,0.00,0.00,0.00,0.00,0.00,0.00,0.00,0.00,0.00,0.00,0.00,0.00,0.00,0.00,0.00,0.00,0.00,0.00,0.00,0.00,0.00,,,,,,,,
netIncomeApplicableToCommonShares,,-134701000.00,76615000.00,87945000.00,105618000.00,101888000.00,41557000.00,61548000.00,96167000.00,11531000.00,39359000.00,26128000.00,-230187000.00,89339000.00,-86126000.00,40604000.00,-474152000.00,83738000.00,77845000.00,51519000.00,83977000.00,60910000.00,-119733000.00,111314000.00,88488000.00,101327000.00,102396000.00,47179000.00,7204000.00,67444000.00,41828000.00,-20367000.00,-34416000.00,-17192000.00,266000.00,-103503000.00,64026000.00,69240000.00,40192000.00,56396000.00,76568000.00,70755000.00,53811000.00,38109000.00,-69413000.00,69413000.00,48994000.00,47931000.00,87383000.00,73834000.00,57715000.00,56866000.00,67751000.00,64808000.00,58644000.00,45634000.00,54056000.00,49969000.00,42171000.00,40369000.00,42381000.00,38418000.00,35790000.00,29437000.00,29327000.00,24119000.00,21111000.00,25491000.00,15537000.00,13307000.00,11887000.00,12955000.00,18977000.00,13242000.00,10407000.00,11188000.00,,10426000.00,10874000.00,,5280000.00,4002000.00,3909000.00,1053000.00
preferredStockAndOtherAdjustments,,,,,,,,,,,,,,,,,,,,,,,,,,,,,,,,,,,,,,,,,,,,,,,,,2000.00,,,,,,,,,,,,,,,,,,,,,,,,,,,,,,,,,,,
