,2023-09-30,2023-06-30,2023-03-31,2022-12-31,2022-09-30,2022-06-30,2022-03-31,2021-12-31,2021-09-30,2021-06-30,2021-03-31,2020-12-31,2020-09-30,2020-06-30,2020-03-31,2019-12-31,2019-09-30,2019-06-30,2019-03-31,2018-12-31,2018-09-30,2018-06-30,2018-03-31,2017-12-31,2017-09-30,2017-06-30,2017-03-31,2016-12-31,2016-09-30,2016-06-30,2016-03-31,2015-12-31,2015-09-30,2015-06-30,2015-03-31,2014-12-31,2014-09-30,2014-06-30,2014-03-31,2013-12-31,2013-09-30,2013-06-30,2013-03-31,2012-12-31,2012-09-30,2012-06-30,2012-03-31,2011-12-31,2011-09-30,2011-06-30,2011-03-31,2010-12-31
date,2023-09-30,2023-06-30,2023-03-31,2022-12-31,2022-09-30,2022-06-30,2022-03-31,2021-12-31,2021-09-30,2021-06-30,2021-03-31,2020-12-31,2020-09-30,2020-06-30,2020-03-31,2019-12-31,2019-09-30,2019-06-30,2019-03-31,2018-12-31,2018-09-30,2018-06-30,2018-03-31,2017-12-31,2017-09-30,2017-06-30,2017-03-31,2016-12-31,2016-09-30,2016-06-30,2016-03-31,2015-12-31,2015-09-30,2015-06-30,2015-03-31,2014-12-31,2014-09-30,2014-06-30,2014-03-31,2013-12-31,2013-09-30,2013-06-30,2013-03-31,2012-12-31,2012-09-30,2012-06-30,2012-03-31,2011-12-31,2011-09-30,2011-06-30,2011-03-31,2010-12-31
filing_date,2023-11-06,2023-08-07,2023-05-05,2023-02-17,2022-11-04,2022-08-04,2022-05-06,2022-02-18,2021-11-02,2021-08-02,2021-05-07,2021-02-19,2020-11-04,2020-08-04,2020-05-08,2020-02-21,2019-11-06,2019-08-05,2019-05-03,2019-02-27,2018-11-07,2018-08-07,2018-05-04,2018-02-16,2017-11-07,2017-08-07,2017-05-05,2017-02-17,2016-11-07,2016-08-05,2016-05-06,2016-02-19,2015-11-06,2015-08-07,2015-05-08,2015-02-20,2014-11-07,2014-08-07,2014-05-09,2014-02-21,2013-11-12,2013-08-09,2013-05-08,2013-03-15,2012-09-30,2012-06-30,2012-03-31,2011-12-31,2011-09-30,2011-06-30,2011-03-31,
currency_symbol,USD,USD,USD,USD,USD,USD,USD,USD,USD,USD,USD,USD,USD,USD,USD,USD,USD,USD,USD,USD,USD,USD,USD,USD,USD,USD,USD,USD,USD,USD,USD,USD,USD,USD,USD,USD,USD,USD,USD,USD,USD,USD,USD,USD,USD,USD,USD,USD,USD,USD,USD,USD
totalAssets,136221000000.00,135367000000.00,134544000000.00,138805000000.00,141325000000.00,143186000000.00,143211000000.00,146529000000.00,148858000000.00,147972000000.00,150501000000.00,150565000000.00,149621000000.00,149530000000.00,91199000000.00,89115000000.00,59441000000.00,57142000000.00,56769000000.00,59352000000.00,66164000000.00,61641000000.00,69342000000.00,70786000000.00,68840000000.00,66994000000.00,65664000000.00,66099000000.00,66626000000.00,67211000000.00,53720000000.00,53050000000.00,54832000000.00,53855000000.00,26699000000.00,27547000000.00,28454000000.00,29045000000.00,28657000000.00,29198000000.00,28252000000.00,27910000000.00,27169000000.00,27008000000.00,22729979000.00,17709554000.00,18961563000.00,19657166000.00,,,,21134705000.00
intangibleAssets,58603000000.00,62862000000.00,64848000000.00,67439000000.00,68725000000.00,71823000000.00,73986000000.00,75951000000.00,77456000000.00,79340000000.00,81293000000.00,82876000000.00,74643000000.00,76463000000.00,18203000000.00,18649000000.00,19036000000.00,20459000000.00,20846000000.00,21233000000.00,26625000000.00,26903000000.00,27230000000.00,27559000000.00,28167000000.00,28366000000.00,28629000000.00,28897000000.00,29113000000.00,29450000000.00,19512000000.00,19709000000.00,19822000000.00,19937000000.00,1478000000.00,1513000000.00,1540000000.00,1695000000.00,1802000000.00,1890000000.00,1993000000.00,2101000000.00,2153000000.00,2323000000.00,2431057000.00,2540297000.00,2744549000.00,2910167000.00,,,,9888360000.00
earningAssets,,,,,,,,,,,,,,,,,,,,,,,,,,,,,,,,,,,,,,,,,,,,,,,,,,,,
otherCurrentAssets,4541000000.00,4540000000.00,4460000000.00,4401000000.00,4570000000.00,4506000000.00,4721000000.00,4993000000.00,4333000000.00,4099000000.00,3932000000.00,3562000000.00,3169000000.00,2803000000.00,2410000000.00,2354000000.00,2060000000.00,2307000000.00,1803000000.00,1895000000.00,2114000000.00,2729000000.00,3391000000.00,4741000000.00,2700000000.00,3316000000.00,3195000000.00,3562000000.00,1711000000.00,1985000000.00,1480000000.00,1458000000.00,2248000000.00,2608000000.00,2106000000.00,2299000000.00,4824000000.00,2689000000.00,2535000000.00,2000000000.00,1977000000.00,2068000000.00,2108000000.00,1989000000.00,2288746000.00,2061643000.00,2145500000.00,2011506000.00,,,,2125854000.00
totalLiab,124092000000.00,122469000000.00,121241000000.00,121518000000.00,125298000000.00,128498000000.00,126897000000.00,131093000000.00,135281000000.00,135378000000.00,136768000000.00,137468000000.00,134332000000.00,134798000000.00,98614000000.00,97287000000.00,67667000000.00,65708000000.00,64595000000.00,67798000000.00,69085000000.00,65016000000.00,65789000000.00,65689000000.00,62153000000.00,60985000000.00,60666000000.00,61463000000.00,60157000000.00,61571000000.00,49077000000.00,49105000000.00,49969000000.00,48351000000.00,25322000000.00,25805000000.00,23809000000.00,23827000000.00,23960000000.00,24706000000.00,24675000000.00,24352000000.00,24212000000.00,23645000000.00,7061143000.00,6204479000.00,6910794000.00,7433453000.00,,,,5431706000.00
totalStockholderEquity,12094000000.00,12866000000.00,13274000000.00,17254000000.00,15994000000.00,14653000000.00,16283000000.00,15408000000.00,13550000000.00,12569000000.00,13710000000.00,13076000000.00,15270000000.00,14708000000.00,-7415000000.00,-8172000000.00,-8226000000.00,-8566000000.00,-7826000000.00,-8446000000.00,-2921000000.00,-3375000000.00,3553000000.00,5097000000.00,6687000000.00,6009000000.00,4998000000.00,4636000000.00,6469000000.00,5640000000.00,4643000000.00,3945000000.00,4863000000.00,5504000000.00,1377000000.00,1742000000.00,4645000000.00,5218000000.00,4697000000.00,4492000000.00,3577000000.00,3558000000.00,2957000000.00,3363000000.00,15668836000.00,11505075000.00,12050769000.00,12223713000.00,,,,15702999000.00
deferredLongTermLiab,,2124000000.00,2110000000.00,2190000000.00,1972000000.00,2255000000.00,2831000000.00,3009000000.00,3602000000.00,3661000000.00,3768000000.00,3646000000.00,4485000000.00,4785000000.00,959000000.00,1130000000.00,1058000000.00,1148000000.00,1116000000.00,1067000000.00,1490000000.00,1670000000.00,2304000000.00,2490000000.00,6147000000.00,6391000000.00,6797000000.00,6890000000.00,6124000000.00,7180000000.00,5412000000.00,5276000000.00,5996000000.00,6059000000.00,0.00,0.00,0.00,0.00,0.00,0.00,0.00,0.00,0.00,,,,,,,,,
otherCurrentLiab,29658000000.00,27036000000.00,24789000000.00,22468000000.00,21533000000.00,20288000000.00,22569000000.00,19817000000.00,21861000000.00,20783000000.00,20604000000.00,17883000000.00,19404000000.00,19275000000.00,12709000000.00,10380000000.00,12217000000.00,11300000000.00,11826000000.00,10385000000.00,11366000000.00,10694000000.00,10677000000.00,8752000000.00,9212000000.00,8839000000.00,8419000000.00,7972000000.00,9077000000.00,8755000000.00,8239000000.00,6866000000.00,8045000000.00,7251000000.00,6460000000.00,6073000000.00,6312000000.00,6046000000.00,6196000000.00,5515000000.00,6441000000.00,6373000000.00,6330000000.00,5178000000.00,4943985000.00,4502603000.00,5038830000.00,5479648000.00,,,,3404464000.00
commonStock,18000000.00,18000000.00,18000000.00,18000000.00,18000000.00,18000000.00,18000000.00,18000000.00,18000000.00,18000000.00,18000000.00,18000000.00,18000000.00,18000000.00,18000000.00,18000000.00,18000000.00,18000000.00,18000000.00,18000000.00,18000000.00,18000000.00,18000000.00,18000000.00,18000000.00,18000000.00,18000000.00,18000000.00,18000000.00,18000000.00,18000000.00,17000000.00,17000000.00,17000000.00,16000000.00,16000000.00,16000000.00,16000000.00,16000000.00,16000000.00,16000000.00,16000000.00,16000000.00,3713000000.00,,,,,,,,
capitalStock,18000000.00,18000000.00,18000000.00,18000000.00,18000000.00,18000000.00,18000000.00,18000000.00,18000000.00,18000000.00,,,,,,,,,,,,,,,,,,,,,,,,,,,,,,,,,,,,,,,,,,
retainedEarnings,933000000.00,1789000000.00,2393000000.00,4784000000.00,4953000000.00,3516000000.00,5103000000.00,3127000000.00,1600000000.00,740000000.00,2292000000.00,1055000000.00,3335000000.00,3130000000.00,5973000000.00,4717000000.00,3673000000.00,3384000000.00,4234000000.00,3368000000.00,6789000000.00,5495000000.00,4977000000.00,5459000000.00,6547000000.00,5951000000.00,5063000000.00,4378000000.00,4011000000.00,3349000000.00,2673000000.00,2248000000.00,1654000000.00,1256000000.00,739000000.00,535000000.00,2131000000.00,2299000000.00,1874000000.00,1567000000.00,1081000000.00,758000000.00,330000000.00,,,,,,,,,
otherLiab,,,,,31794000000.00,32767000000.00,30681000000.00,30982000000.00,32684000000.00,32443000000.00,30618000000.00,30401000000.00,27836000000.00,28053000000.00,18815000000.00,18476000000.00,16721000000.00,16741000000.00,14964000000.00,15557000000.00,16511000000.00,16576000000.00,15521000000.00,15605000000.00,8999000000.00,8518000000.00,8499000000.00,8352000000.00,7646000000.00,7791000000.00,3513000000.00,3695000000.00,3801000000.00,3918000000.00,3589000000.00,3210000000.00,2705000000.00,3040000000.00,3358000000.00,2965000000.00,3425000000.00,3221000000.00,2845000000.00,1879000000.00,1693251000.00,1364758000.00,1395835000.00,1499775000.00,,,,1670458000.00
goodWill,32091000000.00,32224000000.00,32220000000.00,32156000000.00,31726000000.00,32028000000.00,32298000000.00,32379000000.00,32296000000.00,32398000000.00,32349000000.00,33124000000.00,42801000000.00,42669000000.00,15561000000.00,15604000000.00,15537000000.00,15642000000.00,15606000000.00,15663000000.00,15718000000.00,15692000000.00,15880000000.00,15785000000.00,15748000000.00,15652000000.00,15490000000.00,15416000000.00,15657000000.00,15507000000.00,13274000000.00,13168000000.00,13243000000.00,13209000000.00,5534000000.00,5862000000.00,6002000000.00,6244000000.00,6271000000.00,6277000000.00,6199000000.00,6120000000.00,6060000000.00,6130000000.00,6092202000.00,5973558000.00,6164149000.00,6099652000.00,,,,6197182000.00
otherAssets,,,,,5382000000.00,5033000000.00,5083000000.00,4081000000.00,4679000000.00,4738000000.00,4718000000.00,5144000000.00,4182000000.00,3853000000.00,2505000000.00,1913000000.00,1276000000.00,1185000000.00,1162000000.00,1208000000.00,943000000.00,909000000.00,46070000000.00,46760000000.00,47213000000.00,47375000000.00,47505000000.00,47308000000.00,47698000000.00,47802000000.00,34501000000.00,34171000000.00,34374000000.00,34461000000.00,8860000000.00,8974000000.00,8467000000.00,8864000000.00,8995000000.00,9052000000.00,9465000000.00,10035000000.00,10046000000.00,9407000000.00,9660342000.00,9624573000.00,10041933000.00,10158811000.00,,,,10558649000.00
cash,13287000000.00,8759000000.00,6711000000.00,9201000000.00,11832000000.00,8521000000.00,6098000000.00,9746000000.00,12182000000.00,8546000000.00,9755000000.00,8449000000.00,7890000000.00,6017000000.00,41142000000.00,39924000000.00,10648000000.00,5172000000.00,4897000000.00,7289000000.00,8015000000.00,3547000000.00,9007000000.00,9303000000.00,8446000000.00,6088000000.00,4740000000.00,5100000000.00,6218000000.00,6327000000.00,7556000000.00,8399000000.00,9223000000.00,7400000000.00,7906000000.00,8348000000.00,7719000000.00,9086000000.00,8140000000.00,9595000000.00,8975000000.00,8743000000.00,6979000000.00,5901000000.00,2760988000.00,74537000.00,40999000.00,27482000.00,,,,9644000.00
cashAndEquivalents,,,,,,,,,,,,,,,,,,,,,,,,,,,,,,,,,,,,,,,,,,,,,,,,,,,,
totalCurrentLiabilities,34773000000.00,32239000000.00,27590000000.00,29538000000.00,32712000000.00,34473000000.00,32521000000.00,35194000000.00,28533000000.00,28684000000.00,31951000000.00,28661000000.00,24181000000.00,24646000000.00,16471000000.00,15585000000.00,17493000000.00,16941000000.00,13904000000.00,17239000000.00,15387000000.00,17224000000.00,17058000000.00,16641000000.00,13033000000.00,12259000000.00,8844000000.00,9781000000.00,9103000000.00,9272000000.00,10662000000.00,10894000000.00,8813000000.00,11258000000.00,11050000000.00,11400000000.00,6635000000.00,6317000000.00,6216000000.00,6879000000.00,6875000000.00,6805000000.00,6766000000.00,6776000000.00,5367892000.00,4839721000.00,5514959000.00,5896678000.00,,,,3761248000.00
currentDeferredRevenue,,,,,1972000000.00,2255000000.00,,,,,,,,,,,,,,,,,,,,,,,,,,,,,,,,,,,,,,,,,,,,,,
netDebt,47459000000.00,52256000000.00,55382000000.00,54070000000.00,57774000000.00,64411000000.00,67376000000.00,66938000000.00,68539000000.00,73592000000.00,75775000000.00,77607000000.00,79169000000.00,81415000000.00,25904000000.00,26804000000.00,27754000000.00,32088000000.00,32247000000.00,33021000000.00,32493000000.00,33562000000.00,28280000000.00,28065000000.00,29349000000.00,31149000000.00,32211000000.00,31742000000.00,31092000000.00,31518000000.00,24357000000.00,23272000000.00,22904000000.00,23723000000.00,7367000000.00,6663000000.00,7073000000.00,5655000000.00,6266000000.00,5128000000.00,5834000000.00,6015000000.00,8058000000.00,9771000000.00,-2760988000.00,-74537000.00,-40999000.00,-27482000.00,,,,
shortTermDebt,5115000000.00,5203000000.00,2801000000.00,4136000000.00,9207000000.00,11930000000.00,9952000000.00,12495000000.00,6672000000.00,7901000000.00,11347000000.00,8502000000.00,4777000000.00,5371000000.00,3762000000.00,3753000000.00,5276000000.00,5641000000.00,2078000000.00,5308000000.00,4021000000.00,6530000000.00,6381000000.00,6415000000.00,3821000000.00,3420000000.00,425000000.00,402000000.00,26000000.00,517000000.00,2423000000.00,2431000000.00,768000000.00,4007000000.00,4590000000.00,4446000000.00,323000000.00,271000000.00,20000000.00,431000000.00,434000000.00,432000000.00,436000000.00,1042000000.00,,,,,,,,
shortLongTermDebt,5115000000.00,5203000000.00,2801000000.00,4136000000.00,9207000000.00,11930000000.00,9952000000.00,12495000000.00,6672000000.00,7901000000.00,11347000000.00,8502000000.00,4777000000.00,5371000000.00,3762000000.00,3753000000.00,5276000000.00,5641000000.00,2078000000.00,1609000000.00,1026000000.00,3026000000.00,6024000000.00,6015000000.00,3021000000.00,37543000000.00,425000000.00,25000000.00,26000000.00,517000000.00,2423000000.00,2025000000.00,,,,4014000000.00,,,,,,,,,,,,,,,,
shortLongTermDebtTotal,60746000000.00,61015000000.00,62093000000.00,63271000000.00,69606000000.00,72932000000.00,73474000000.00,76684000000.00,80721000000.00,82138000000.00,85530000000.00,86056000000.00,87059000000.00,87432000000.00,67046000000.00,66728000000.00,38402000000.00,37260000000.00,37144000000.00,40310000000.00,40508000000.00,37109000000.00,37287000000.00,37368000000.00,37795000000.00,37237000000.00,36951000000.00,36842000000.00,37310000000.00,37845000000.00,31913000000.00,31671000000.00,32127000000.00,31123000000.00,15273000000.00,15011000000.00,14792000000.00,14741000000.00,14406000000.00,14723000000.00,14809000000.00,14758000000.00,15037000000.00,15672000000.00,,,,,,,,
otherStockholderEquity,13496000000.00,13311000000.00,13095000000.00,14651000000.00,14466000000.00,14315000000.00,14146000000.00,15162000000.00,15088000000.00,14914000000.00,14695000000.00,15120000000.00,15176000000.00,14995000000.00,-9709000000.00,-9311000000.00,-9389000000.00,-9477000000.00,-9562000000.00,-9352000000.00,-7169000000.00,-6249000000.00,1188000000.00,2347000000.00,2735000000.00,2588000000.00,2459000000.00,2826000000.00,4780000000.00,4663000000.00,4375000000.00,4241000000.00,5691000000.00,6605000000.00,3089000000.00,3222000000.00,3411000000.00,3323000000.00,3233000000.00,3351000000.00,3461000000.00,3953000000.00,3848000000.00,,15833754000.00,11830568000.00,11856589000.00,12248879000.00,,,,
propertyPlantEquipment,,4943000000.00,4931000000.00,4935000000.00,4893000000.00,4958000000.00,5075000000.00,5110000000.00,5130000000.00,5161000000.00,5193000000.00,5248000000.00,4986000000.00,4908000000.00,2961000000.00,2962000000.00,2894000000.00,2879000000.00,2860000000.00,2883000000.00,2950000000.00,2787000000.00,2828000000.00,2803000000.00,2697000000.00,2657000000.00,2612000000.00,2604000000.00,2638000000.00,2618000000.00,2597000000.00,2565000000.00,2546000000.00,2517000000.00,2431000000.00,2485000000.00,2432000000.00,2387000000.00,2333000000.00,2298000000.00,2244000000.00,2213000000.00,2200000000.00,2247000000.00,2138898000.00,2092021000.00,2168582000.00,2144200000.00,,,,2357563000.00
totalCurrentAssets,33224000000.00,28852000000.00,26488000000.00,28463000000.00,30364000000.00,29100000000.00,26509000000.00,27928000000.00,28957000000.00,25999000000.00,26569000000.00,24173000000.00,23009000000.00,21256000000.00,51758000000.00,49519000000.00,20166000000.00,15100000000.00,14413000000.00,16945000000.00,18465000000.00,13845000000.00,20444000000.00,21223000000.00,18930000000.00,16962000000.00,15547000000.00,16187000000.00,16290000000.00,16791000000.00,16622000000.00,16314000000.00,17912000000.00,16877000000.00,15408000000.00,16088000000.00,17555000000.00,17794000000.00,17329000000.00,17848000000.00,16543000000.00,15662000000.00,14923000000.00,15354000000.00,10930739000.00,5992960000.00,6751048000.00,7354155000.00,,,,
longTermInvestments,275000000.00,288000000.00,257000000.00,241000000.00,235000000.00,244000000.00,260000000.00,277000000.00,272000000.00,266000000.00,305000000.00,293000000.00,246000000.00,225000000.00,78000000.00,93000000.00,131000000.00,1473000000.00,1477000000.00,1420000000.00,1463000000.00,1505000000.00,2057000000.00,2090000000.00,1971000000.00,2052000000.00,2123000000.00,1783000000.00,1378000000.00,1400000000.00,387000000.00,145000000.00,74000000.00,134000000.00,93000000.00,92000000.00,124000000.00,130000000.00,119000000.00,118000000.00,123000000.00,121000000.00,118000000.00,,,,,,,,,
netTangibleAssets,,-82220000000.00,-83794000000.00,-82341000000.00,-84457000000.00,-89198000000.00,-92922000000.00,-96202000000.00,-99169000000.00,-99932000000.00,-99932000000.00,-102924000000.00,-102174000000.00,-104424000000.00,-41179000000.00,-42425000000.00,-42799000000.00,-44667000000.00,-44278000000.00,-45342000000.00,-45264000000.00,-45970000000.00,-39557000000.00,-38247000000.00,-37228000000.00,-38009000000.00,-39121000000.00,-39677000000.00,-38301000000.00,-39317000000.00,-28143000000.00,-28932000000.00,-28202000000.00,-27642000000.00,-5635000000.00,-5633000000.00,-2897000000.00,-2721000000.00,-3376000000.00,-3675000000.00,-4615000000.00,-4663000000.00,-5256000000.00,,,,,,,,,
shortTermInvestments,3000000.00,7000000.00,11000000.00,28000000.00,47000000.00,1440000000.00,1474000000.00,84000000.00,67000000.00,54000000.00,22000000.00,30000000.00,60000000.00,23000000.00,,0.00,0.00,244000000.00,331000000.00,772000000.00,770000000.00,196000000.00,467000000.00,486000000.00,1108000000.00,1117000000.00,1508000000.00,1323000000.00,1732000000.00,1675000000.00,1044000000.00,8000000.00,26000000.00,879000000.00,18000000.00,26000000.00,9000000.00,1160000000.00,960000000.00,300000000.00,621000000.00,11000000.00,500000000.00,2075000000.00,1824617000.00,,1992000.00,626099000.00,,,,1873621000.00
netReceivables,11412000000.00,11491000000.00,11473000000.00,11254000000.00,10743000000.00,11237000000.00,10733000000.00,9977000000.00,9281000000.00,9914000000.00,9588000000.00,8822000000.00,8416000000.00,8354000000.00,6362000000.00,5428000000.00,5529000000.00,5482000000.00,5680000000.00,5384000000.00,5780000000.00,5793000000.00,5841000000.00,5088000000.00,4891000000.00,4859000000.00,4677000000.00,4758000000.00,4999000000.00,5048000000.00,4753000000.00,4730000000.00,4574000000.00,4367000000.00,4356000000.00,4291000000.00,3995000000.00,3811000000.00,4590000000.00,4803000000.00,3798000000.00,3755000000.00,4299000000.00,4298000000.00,3097510000.00,2994005000.00,3646763000.00,3817486000.00,,,,
longTermDebt,55631000000.00,55812000000.00,59292000000.00,59135000000.00,60399000000.00,61002000000.00,63522000000.00,64189000000.00,74049000000.00,74237000000.00,74183000000.00,77554000000.00,82282000000.00,82061000000.00,63284000000.00,62975000000.00,33126000000.00,31597000000.00,35043000000.00,35002000000.00,37187000000.00,31216000000.00,30906000000.00,30953000000.00,33974000000.00,33817000000.00,36526000000.00,36440000000.00,37284000000.00,37328000000.00,29490000000.00,29240000000.00,31359000000.00,27116000000.00,10683000000.00,10565000000.00,14469000000.00,14470000000.00,14386000000.00,14292000000.00,14375000000.00,14326000000.00,14601000000.00,14630000000.00,,,,37000000.00,,,,
inventory,3981000000.00,4055000000.00,3833000000.00,3579000000.00,3172000000.00,3396000000.00,3483000000.00,3128000000.00,3094000000.00,3386000000.00,3272000000.00,3310000000.00,3474000000.00,4059000000.00,1844000000.00,1813000000.00,1929000000.00,1895000000.00,1702000000.00,1605000000.00,1786000000.00,1580000000.00,1738000000.00,1605000000.00,1785000000.00,1582000000.00,1427000000.00,1444000000.00,1630000000.00,1756000000.00,1789000000.00,1719000000.00,1841000000.00,1623000000.00,1022000000.00,1124000000.00,1008000000.00,1048000000.00,1104000000.00,1150000000.00,1172000000.00,1085000000.00,1037000000.00,1091000000.00,958878000.00,862775000.00,915794000.00,871582000.00,,,,836270000.00
accountsPayable,,27036000000.00,24789000000.00,2934000000.00,23505000000.00,22543000000.00,22569000000.00,2882000000.00,21861000000.00,20200000000.00,20604000000.00,2276000000.00,19404000000.00,19275000000.00,12709000000.00,1452000000.00,12217000000.00,11300000000.00,11826000000.00,1546000000.00,11366000000.00,10694000000.00,10677000000.00,1474000000.00,9212000000.00,8839000000.00,8419000000.00,1407000000.00,9077000000.00,8755000000.00,8239000000.00,1597000000.00,8045000000.00,7251000000.00,6460000000.00,881000000.00,6312000000.00,6046000000.00,6196000000.00,933000000.00,6441000000.00,6373000000.00,6330000000.00,556000000.00,423907000.00,337118000.00,476129000.00,417030000.00,,,,356784000.00
totalPermanentEquity,,,,,,,,,,,,,,,,,,,,,0.00,0.00,0.00,0.00,0.00,0.00,0.00,0.00,0.00,0.00,0.00,0.00,0.00,0.00,0.00,0.00,0.00,0.00,0.00,0.00,0.00,0.00,0.00,,,,,,,,,
noncontrollingInterestInConsolidatedEntity,,32000000.00,29000000.00,33000000.00,33000000.00,35000000.00,31000000.00,28000000.00,27000000.00,25000000.00,23000000.00,21000000.00,19000000.00,24000000.00,,,,,,,0.00,0.00,0.00,0.00,0.00,0.00,0.00,0.00,0.00,0.00,0.00,0.00,0.00,0.00,0.00,0.00,0.00,0.00,0.00,0.00,0.00,0.00,0.00,,,,,,,,,
temporaryEquityRedeemableNoncontrollingInterests,,,,,,,,,,,,,,,,,,,,,0.00,0.00,0.00,0.00,0.00,0.00,0.00,0.00,0.00,0.00,0.00,0.00,0.00,0.00,0.00,0.00,0.00,0.00,0.00,0.00,0.00,0.00,0.00,,,,,,,,,
accumulatedOtherComprehensiveIncome,-2353000000.00,-2252000000.00,-2232000000.00,-2199000000.00,-3443000000.00,-3196000000.00,-2984000000.00,-2899000000.00,-3156000000.00,-3103000000.00,-3295000000.00,-3117000000.00,-3259000000.00,-3435000000.00,-3697000000.00,-3596000000.00,-2528000000.00,-2491000000.00,-2516000000.00,-2480000000.00,-2559000000.00,-2639000000.00,-2630000000.00,-2727000000.00,-2613000000.00,-2548000000.00,-2542000000.00,-2586000000.00,-2340000000.00,-2390000000.00,-2423000000.00,-2561000000.00,-2499000000.00,-2374000000.00,-2467000000.00,-2031000000.00,-913000000.00,-420000000.00,-426000000.00,-442000000.00,-981000000.00,-1169000000.00,-1237000000.00,-350000000.00,-164918000.00,-325493000.00,194180000.00,-25166000.00,,,,
additionalPaidInCapital,,,,,,,,,,,,,,,,,,,,,0.00,0.00,0.00,0.00,0.00,0.00,0.00,0.00,0.00,0.00,0.00,0.00,0.00,0.00,0.00,0.00,0.00,0.00,0.00,0.00,0.00,0.00,0.00,,,,,,,,,
commonStockTotalEquity,,18000000.00,18000000.00,18000000.00,18000000.00,18000000.00,18000000.00,18000000.00,18000000.00,18000000.00,18000000.00,18000000.00,18000000.00,18000000.00,18000000.00,18000000.00,18000000.00,18000000.00,18000000.00,18000000.00,18000000.00,18000000.00,18000000.00,18000000.00,18000000.00,18000000.00,18000000.00,18000000.00,18000000.00,18000000.00,18000000.00,17000000.00,17000000.00,17000000.00,16000000.00,16000000.00,16000000.00,16000000.00,16000000.00,16000000.00,16000000.00,16000000.00,16000000.00,3713000000.00,,,,,,,,
preferredStockTotalEquity,,,,,,,,,,,,,,,,,,,,,0.00,0.00,0.00,0.00,0.00,0.00,0.00,0.00,0.00,0.00,0.00,0.00,0.00,0.00,0.00,0.00,0.00,0.00,0.00,0.00,0.00,0.00,0.00,,,,,,,,,
retainedEarningsTotalEquity,,1789000000.00,2393000000.00,4784000000.00,4953000000.00,3516000000.00,5103000000.00,3127000000.00,1600000000.00,740000000.00,2292000000.00,1055000000.00,3335000000.00,3130000000.00,5973000000.00,4717000000.00,3673000000.00,3384000000.00,4234000000.00,3368000000.00,6789000000.00,5495000000.00,4977000000.00,5459000000.00,6547000000.00,5951000000.00,5063000000.00,4378000000.00,4011000000.00,3349000000.00,2673000000.00,2248000000.00,1654000000.00,1256000000.00,739000000.00,535000000.00,2131000000.00,2299000000.00,1874000000.00,1567000000.00,1081000000.00,758000000.00,330000000.00,,,,,,,,,
treasuryStock,,-6528000000.00,-6524000000.00,-4594000000.00,-4590000000.00,-4591000000.00,-4585000000.00,-3143000000.00,-3020000000.00,-3022000000.00,-3017000000.00,-2264000000.00,-1972000000.00,-1958000000.00,-25110000000.00,-24504000000.00,-24501000000.00,-24505000000.00,-24502000000.00,-24108000000.00,-21849000000.00,-20845000000.00,-13331000000.00,-11923000000.00,-11419000000.00,-11427000000.00,-11430000000.00,-10852000000.00,-8760000000.00,-8383000000.00,-8918000000.00,-8839000000.00,-7314000000.00,-5816000000.00,-1314000000.00,-972000000.00,-672000000.00,-673000000.00,-672000000.00,-320000000.00,-119000000.00,-121000000.00,-97000000.00,,,,,,,,,
accumulatedAmortization,,,,,,,,,,,,,,,,,,,,,,,,,,,,,,,,,,,,,,,,,,,,,,,,,,,,
nonCurrrentAssetsOther,5050000000.00,4074000000.00,3690000000.00,3381000000.00,3410000000.00,2778000000.00,2252000000.00,1875000000.00,1145000000.00,1147000000.00,1024000000.00,1205000000.00,-549000000.00,-776000000.00,1679000000.00,1158000000.00,619000000.00,441000000.00,451000000.00,141000000.00,-547000000.00,-761000000.00,-1401000000.00,-1164000000.00,-4820000000.00,-5086000000.00,-5534000000.00,-5678000000.00,-4574000000.00,-5735000000.00,-4084000000.00,-4127000000.00,135000000.00,-46000000.00,699000000.00,611000000.00,277000000.00,-309000000.00,-272000000.00,767000000.00,-269000000.00,251000000.00,318000000.00,835000000.00,,,,,,,,
deferredLongTermAssetCharges,,,,,,,,,,,,,,,,,,,,,,,,,,,,,,,,,,,,,,,,,,,,,,,,,,,,
nonCurrentAssetsTotal,102997000000.00,106515000000.00,108056000000.00,110342000000.00,110961000000.00,114086000000.00,116702000000.00,118601000000.00,119901000000.00,121973000000.00,123932000000.00,126392000000.00,126612000000.00,128274000000.00,39441000000.00,39596000000.00,39275000000.00,42042000000.00,42356000000.00,42407000000.00,47699000000.00,47796000000.00,48898000000.00,49563000000.00,49910000000.00,50032000000.00,50117000000.00,49912000000.00,50336000000.00,50420000000.00,37098000000.00,36736000000.00,36920000000.00,36978000000.00,11291000000.00,11459000000.00,10899000000.00,11251000000.00,11328000000.00,11350000000.00,11709000000.00,12248000000.00,12246000000.00,11654000000.00,11799240000.00,11716594000.00,12210515000.00,12303011000.00,,,,
capitalLeaseObligations,,,,,,,,,,,,,,,,,,,,,,,,,,,,,,,,,,,,,,,,,,,,,,,,,,,,
longTermDebtTotal,,55812000000.00,59292000000.00,59135000000.00,60399000000.00,61002000000.00,63522000000.00,64189000000.00,74049000000.00,74237000000.00,74183000000.00,77554000000.00,82282000000.00,82061000000.00,63284000000.00,62975000000.00,33126000000.00,31619000000.00,35066000000.00,35002000000.00,36487000000.00,30579000000.00,30906000000.00,30953000000.00,33974000000.00,33817000000.00,36526000000.00,36440000000.00,37284000000.00,37328000000.00,29490000000.00,29240000000.00,31359000000.00,27116000000.00,10683000000.00,10565000000.00,14469000000.00,14470000000.00,14386000000.00,14292000000.00,14375000000.00,14326000000.00,14601000000.00,,,,,,,,,
nonCurrentLiabilitiesOther,31644000000.00,32294000000.00,32249000000.00,30655000000.00,30215000000.00,30768000000.00,28023000000.00,28701000000.00,29097000000.00,28796000000.00,26866000000.00,27607000000.00,23384000000.00,23306000000.00,17900000000.00,17597000000.00,15990000000.00,16000000000.00,14509000000.00,14490000000.00,15721000000.00,15543000000.00,15521000000.00,15605000000.00,8999000000.00,8518000000.00,8499000000.00,8352000000.00,7646000000.00,7791000000.00,3513000000.00,3695000000.00,3801000000.00,3918000000.00,3589000000.00,3840000000.00,2705000000.00,3040000000.00,3358000000.00,3535000000.00,3425000000.00,3221000000.00,2845000000.00,,,,,,,,,
nonCurrentLiabilitiesTotal,89319000000.00,90230000000.00,93651000000.00,91980000000.00,92586000000.00,94025000000.00,94376000000.00,95899000000.00,106748000000.00,106694000000.00,104817000000.00,108807000000.00,110151000000.00,110152000000.00,82143000000.00,81702000000.00,50174000000.00,48767000000.00,50691000000.00,50559000000.00,53698000000.00,47792000000.00,48731000000.00,49048000000.00,49120000000.00,48726000000.00,51822000000.00,51682000000.00,51054000000.00,52299000000.00,38415000000.00,38211000000.00,41156000000.00,37093000000.00,14272000000.00,14405000000.00,17174000000.00,17510000000.00,17744000000.00,17827000000.00,17800000000.00,17547000000.00,17446000000.00,16869000000.00,1693251000.00,1364758000.00,1395835000.00,1536775000.00,,,,
negativeGoodwill,,,,,,,,,,,,,,,,,,,,,,,,,,,,,,,,,,,,,,,,,,,,,,,,,,,,
warrants,,,,,,,,,,,,,,,,,,,,,,,,,,,,,,,,,,,,,,,,,,,,,,,,,,,,
preferredStockRedeemable,,,,,,,,,,,,,,,,,,,,,,,,,,,,,,,,,,,,,,,,,,,,,,,,,,,,
capitalSurpluse,,19839000000.00,19619000000.00,19245000000.00,19056000000.00,18906000000.00,18731000000.00,18305000000.00,18108000000.00,17936000000.00,17712000000.00,17384000000.00,17148000000.00,16953000000.00,15401000000.00,15193000000.00,15112000000.00,15028000000.00,14940000000.00,14756000000.00,14680000000.00,14596000000.00,14519000000.00,14270000000.00,14154000000.00,14015000000.00,13889000000.00,13678000000.00,13540000000.00,13046000000.00,13293000000.00,13080000000.00,13005000000.00,12421000000.00,4403000000.00,4194000000.00,4083000000.00,3996000000.00,3905000000.00,3671000000.00,3580000000.00,4074000000.00,3945000000.00,,,,,,,,,
liabilitiesAndStockholdersEquity,136221000000.00,135367000000.00,134544000000.00,138805000000.00,141325000000.00,143186000000.00,143211000000.00,146529000000.00,148858000000.00,147972000000.00,150501000000.00,150565000000.00,149621000000.00,149530000000.00,91199000000.00,89115000000.00,59441000000.00,57142000000.00,56769000000.00,59352000000.00,66164000000.00,61641000000.00,69342000000.00,70786000000.00,68840000000.00,66994000000.00,65664000000.00,66099000000.00,66626000000.00,67211000000.00,53720000000.00,53050000000.00,54832000000.00,53855000000.00,26699000000.00,27547000000.00,28454000000.00,29045000000.00,28657000000.00,29198000000.00,28252000000.00,27910000000.00,27169000000.00,27008000000.00,22729979000.00,17709554000.00,18961563000.00,19657166000.00,,,,
cashAndShortTermInvestments,13290000000.00,8766000000.00,6722000000.00,9229000000.00,11879000000.00,9961000000.00,7572000000.00,9830000000.00,12249000000.00,8600000000.00,9777000000.00,8479000000.00,7950000000.00,6040000000.00,41142000000.00,39924000000.00,10648000000.00,5416000000.00,5228000000.00,8061000000.00,8785000000.00,3743000000.00,9474000000.00,9789000000.00,9554000000.00,7205000000.00,6248000000.00,6423000000.00,7950000000.00,8002000000.00,8600000000.00,8407000000.00,9249000000.00,8279000000.00,7924000000.00,8374000000.00,7728000000.00,10246000000.00,9100000000.00,9895000000.00,9596000000.00,8754000000.00,7479000000.00,7976000000.00,4585605000.00,74537000.00,42991000.00,653581000.00,,,,
propertyPlantAndEquipmentGross,,,,,,,,,,5161000000.00,5193000000.00,5248000000.00,4986000000.00,4908000000.00,2961000000.00,2962000000.00,2894000000.00,2879000000.00,2860000000.00,2883000000.00,2950000000.00,2787000000.00,2828000000.00,2803000000.00,2697000000.00,2657000000.00,2612000000.00,2604000000.00,2638000000.00,2618000000.00,2597000000.00,2565000000.00,2546000000.00,2517000000.00,2431000000.00,2485000000.00,2432000000.00,2387000000.00,2333000000.00,2298000000.00,2244000000.00,2213000000.00,2200000000.00,2247000000.00,2138898000.00,2092021000.00,2168582000.00,2144200000.00,,,,
propertyPlantAndEquipmentNet,4934000000.00,4943000000.00,4931000000.00,4935000000.00,4893000000.00,4958000000.00,5075000000.00,5110000000.00,5130000000.00,5161000000.00,5193000000.00,5248000000.00,4986000000.00,4908000000.00,2961000000.00,2962000000.00,2894000000.00,2879000000.00,2860000000.00,2883000000.00,2950000000.00,2787000000.00,2828000000.00,2803000000.00,2697000000.00,2657000000.00,2612000000.00,2604000000.00,2638000000.00,2618000000.00,2597000000.00,2565000000.00,2546000000.00,2517000000.00,2431000000.00,2485000000.00,2432000000.00,2387000000.00,2333000000.00,2298000000.00,2244000000.00,2213000000.00,2200000000.00,2247000000.00,2138898000.00,2092021000.00,2168582000.00,2144200000.00,,,,
accumulatedDepreciation,,,,,,,,,,,,,,,,,,,,,,,,,,,,,,,,,,,,,,,,,,,,,,,,,,,,
netWorkingCapital,-1549000000.00,-3387000000.00,-1102000000.00,-1075000000.00,-2348000000.00,-5373000000.00,-6012000000.00,-7266000000.00,424000000.00,-2685000000.00,-5382000000.00,-4488000000.00,-1172000000.00,-3390000000.00,35287000000.00,,,,,,,,,,,,,,,,,,,,,,,,,,,,,,,,,,,,,
netInvestedCapital,72840000000.00,73881000000.00,75367000000.00,80525000000.00,85600000000.00,87585000000.00,89757000000.00,92092000000.00,94271000000.00,94707000000.00,99240000000.00,99132000000.00,102329000000.00,102140000000.00,59631000000.00,,,,,,,,,,,,,,,,,,,,,,,,,,,,,,,,,,,,,
commonStockSharesOutstanding,1771000000.00,1771000000.00,1776000000.00,1781000000.00,1776000000.00,1776000000.00,1778000000.00,1780000000.00,1777000000.00,1776000000.00,1775000000.00,1781000000.00,1774000000.00,1647000000.00,1484000000.00,1487000000.00,1483000000.00,1484000000.00,1483000000.00,1501000000.00,1515000000.00,1572000000.00,1596000000.00,1606000000.00,1603000000.00,1600000000.00,1603000000.00,1623000000.00,1640000000.00,1632000000.00,1625000000.00,1640000000.00,1664000000.00,1633000000.00,1608000000.00,1597000000.00,1610000000.00,1608000000.00,1609000000.00,1608000000.00,1605000000.00,1609000000.00,1605000000.00,1605000000.00,1580000000.00,1625000000.00,1625000000.00,1580000000.00,1580000000.00,1580000000.00,1625000000.00,
investments,-369000000.00,-162000000.00,-350000000.00,15000000.00,1293000000.00,-172000000.00,-1583000000.00,-576000000.00,-486000000.00,-242000000.00,-203000000.00,-231000000.00,-860000000.00,1204000000.00,1000000.00,-619000000.00,1532000000.00,-12000000.00,80000000.00,-160000000.00,-681000000.00,801000000.00,-328000000.00,383000000.00,17000000.00,381000000.00,-526000000.00,-105000000.00,-64000000.00,-1740000000.00,-1309000000.00,-152000000.00,853000000.00,-1644000000.00,8000000.00,17000000.00,1151000000.00,-200000000.00,-660000000.00,321000000.00,-607000000.00,486000000.00,1575000000.00,,,,,,,,,
changeToLiabilities,,453000000.00,-278000000.00,1633000000.00,1072000000.00,-738000000.00,180000000.00,-488000000.00,1080000000.00,72000000.00,427000000.00,-664000000.00,935000000.00,-395000000.00,1065000000.00,-539000000.00,705000000.00,-1381000000.00,94000000.00,-691000000.00,869000000.00,-179000000.00,191000000.00,-19000000.00,974000000.00,-264000000.00,-266000000.00,-212000000.00,-1064000000.00,47000000.00,42000000.00,175000000.00,919000000.00,221000000.00,188000000.00,-193000000.00,216000000.00,395000000.00,-612000000.00,-653000000.00,409000000.00,24000000.00,-206000000.00,,,,,,,,,
totalCashflowsFromInvestingActivities,,-341000000.00,-499000000.00,-448000000.00,1286000000.00,130000000.00,-1591000000.00,-1145000000.00,-615000000.00,-242000000.00,-342000000.00,-627000000.00,-1149000000.00,-35652000000.00,-129000000.00,-615000000.00,1378000000.00,-140000000.00,-27000000.00,-283000000.00,-963000000.00,687000000.00,-447000000.00,201000000.00,-109000000.00,318000000.00,-684000000.00,-119000000.00,-199000000.00,-4298000000.00,-1458000000.00,-297000000.00,745000000.00,-12511000000.00,-873000000.00,2514000000.00,-2284000000.00,-359000000.00,-797000000.00,123000000.00,-964000000.00,233000000.00,1487000000.00,,,,,553899000.00,,,,
netBorrowings,,-1002000000.00,-1351000000.00,-6851000000.00,-2701000000.00,-2000000.00,-2879000000.00,-3752000000.00,-1201000000.00,-3461000000.00,-3461000000.00,-1269000000.00,-651000000.00,-783000000.00,-763000000.00,28241000000.00,1150000000.00,-368000000.00,-3200000000.00,-321000000.00,3412000000.00,138000000.00,-40000000.00,-408000000.00,395000000.00,-7000000.00,17000000.00,212000000.00,-495000000.00,5808000000.00,-6000000.00,-375000000.00,765000000.00,15966000000.00,85000000.00,116000000.00,5000000.00,301000000.00,-410000000.00,-18000000.00,-54000000.00,67000000.00,-843000000.00,,,,,,,,,
totalCashFromFinancingActivities,-2661000000.00,-3920000000.00,-6192000000.00,-9634000000.00,-5518000000.00,-2679000000.00,-6972000000.00,-6338000000.00,-3643000000.00,-5884000000.00,-3174000000.00,-3695000000.00,-2814000000.00,-2570000000.00,-2422000000.00,26602000000.00,-441000000.00,-2070000000.00,-5383000000.00,-3825000000.00,916000000.00,-8978000000.00,-2509000000.00,-1928000000.00,-810000000.00,-980000000.00,-1794000000.00,-2502000000.00,-1371000000.00,1164000000.00,-1219000000.00,-2431000000.00,-1056000000.00,10169000000.00,-930000000.00,-882000000.00,-719000000.00,-415000000.00,-1277000000.00,-747000000.00,-613000000.00,-500000000.00,-1582000000.00,2388713000.00,2244414000.00,-1326116000.00,-1376011000.00,-1561087000.00,-2251235000.00,-1774248000.00,-1196451000.00,65209000.00
changeToOperatingActivities,,,,,-74000000.00,299000000.00,-285000000.00,265000000.00,-181000000.00,49000000.00,-330000000.00,-56000000.00,-50000000.00,259000000.00,-19000000.00,-86000000.00,280000000.00,15000000.00,-112000000.00,-73000000.00,120000000.00,-279000000.00,-267000000.00,-118000000.00,106000000.00,-75000000.00,-53000000.00,-393000000.00,20000000.00,17000000.00,-159000000.00,511000000.00,,,,-220000000.00,,,,,,,,,,,,,,,,
changeInCash,4528000000.00,2048000000.00,-2490000000.00,-2631000000.00,3311000000.00,2423000000.00,-3648000000.00,-2436000000.00,3636000000.00,-1209000000.00,1306000000.00,559000000.00,1873000000.00,-35125000000.00,1218000000.00,29276000000.00,5476000000.00,275000000.00,-2392000000.00,-726000000.00,4468000000.00,-5460000000.00,-296000000.00,857000000.00,2358000000.00,1348000000.00,-360000000.00,-1118000000.00,-109000000.00,-1229000000.00,-843000000.00,-824000000.00,1823000000.00,-506000000.00,-442000000.00,629000000.00,-1367000000.00,946000000.00,-1455000000.00,620000000.00,232000000.00,1764000000.00,1078000000.00,3140012000.00,2686451000.00,33538000.00,13517000.00,-2500000.00,-7720000.00,27429000.00,629000.00,
beginPeriodCashFlow,8759000000.00,6711000000.00,9201000000.00,11832000000.00,8521000000.00,6098000000.00,9746000000.00,12182000000.00,8546000000.00,9755000000.00,8449000000.00,7890000000.00,6017000000.00,41142000000.00,39924000000.00,10648000000.00,5172000000.00,4897000000.00,7289000000.00,8015000000.00,3547000000.00,9007000000.00,9303000000.00,8446000000.00,6088000000.00,4740000000.00,5100000000.00,6218000000.00,6327000000.00,7556000000.00,8399000000.00,9223000000.00,7400000000.00,7906000000.00,8348000000.00,7719000000.00,9086000000.00,8140000000.00,9595000000.00,8975000000.00,8743000000.00,6979000000.00,5901000000.00,2760988000.00,74537000.00,40999000.00,27482000.00,29982000.00,37702000.00,10273000.00,9644000.00,
endPeriodCashFlow,13287000000.00,8759000000.00,6711000000.00,9201000000.00,11832000000.00,8521000000.00,6098000000.00,9746000000.00,12182000000.00,8546000000.00,9755000000.00,8449000000.00,7890000000.00,6017000000.00,41142000000.00,39924000000.00,10648000000.00,5172000000.00,4897000000.00,7289000000.00,8015000000.00,3547000000.00,9007000000.00,9303000000.00,8446000000.00,6088000000.00,4740000000.00,5100000000.00,6218000000.00,6327000000.00,7556000000.00,8399000000.00,9223000000.00,7400000000.00,7906000000.00,8348000000.00,7719000000.00,9086000000.00,8140000000.00,9595000000.00,8975000000.00,8743000000.00,6979000000.00,5901000000.00,2760988000.00,74537000.00,40999000.00,27482000.00,29982000.00,37702000.00,10273000.00,9644000.00
totalCashFromOperatingActivities,7574000000.00,6319000000.00,4193000000.00,7428000000.00,7602000000.00,5005000000.00,4908000000.00,5075000000.00,7935000000.00,4890000000.00,4877000000.00,4854000000.00,5830000000.00,3089000000.00,3815000000.00,3275000000.00,4555000000.00,2477000000.00,3017000000.00,3392000000.00,4524000000.00,2866000000.00,2645000000.00,2584000000.00,3271000000.00,2003000000.00,2102000000.00,1541000000.00,1454000000.00,1918000000.00,2128000000.00,1963000000.00,2155000000.00,1832000000.00,1585000000.00,-578000000.00,1786000000.00,1717000000.00,624000000.00,1245000000.00,1798000000.00,2037000000.00,1187000000.00,941527000.00,2248186000.00,1561337000.00,1593950000.00,1048764000.00,1769416000.00,2147060000.00,1281720000.00,4976162000.00
issuanceOfCapitalStock,,,,,,,,,,,,,,,,,,,,,,,,,,,,,,,,,,,,,,,,,,,,,,,,,,,,
depreciation,2235000000.00,2260000000.00,2127000000.00,2157000000.00,2205000000.00,2052000000.00,2053000000.00,1979000000.00,2127000000.00,2200000000.00,2215000000.00,2065000000.00,2292000000.00,1555000000.00,559000000.00,509000000.00,503000000.00,502000000.00,503000000.00,442000000.00,435000000.00,443000000.00,445000000.00,369000000.00,379000000.00,379000000.00,374000000.00,328000000.00,304000000.00,289000000.00,268000000.00,261000000.00,227000000.00,190000000.00,158000000.00,193000000.00,192000000.00,202000000.00,199000000.00,200000000.00,234000000.00,236000000.00,227000000.00,308860000.00,226805000.00,295094000.00,319241000.00,324876000.00,315233000.00,317610000.00,314475000.00,
otherCashflowsFromInvestingActivities,,-1000000.00,26000000.00,-250000000.00,170000000.00,445000000.00,154000000.00,-382000000.00,88000000.00,86000000.00,49000000.00,-117000000.00,-72000000.00,-36679000000.00,-5000000.00,167000000.00,167000000.00,167000000.00,80000000.00,-368000000.00,0.00,0.00,0.00,0.00,0.00,0.00,-63000000.00,100000000.00,-22000000.00,-2427000000.00,-28000000.00,118000000.00,19000000.00,-10752000000.00,-736000000.00,2650000000.00,-3255000000.00,-17000000.00,0.00,-47000000.00,-224000000.00,-134000000.00,0.00,,600000.00,482000.00,241000.00,241000.00,,,,378000.00
dividendsPaid,-2627000000.00,-2625000000.00,-2661000000.00,-2506000000.00,2504000000.00,2507000000.00,2526000000.00,2314000000.00,2315000000.00,2310000000.00,2322000000.00,2101000000.00,2100000000.00,1752000000.00,1763000000.00,1595000000.00,1591000000.00,1592000000.00,1588000000.00,1451000000.00,1461000000.00,1531000000.00,1137000000.00,1030000000.00,1026000000.00,1024000000.00,1027000000.00,933000000.00,933000000.00,927000000.00,924000000.00,840000000.00,850000000.00,818000000.00,786000000.00,674000000.00,673000000.00,673000000.00,641000000.00,641000000.00,640000000.00,638000000.00,636000000.00,,,,,,,,,
changeToInventory,-55000000.00,-273000000.00,-185000000.00,-170000000.00,-17000000.00,-114000000.00,-385000000.00,-112000000.00,219000000.00,-62000000.00,-187000000.00,153000000.00,111000000.00,-197000000.00,-107000000.00,170000000.00,-113000000.00,-160000000.00,-128000000.00,141000000.00,-176000000.00,-120000000.00,-71000000.00,212000000.00,-120000000.00,-70000000.00,71000000.00,-66000000.00,28000000.00,-19000000.00,19000000.00,12000000.00,-286000000.00,-85000000.00,-75000000.00,-223000000.00,-77000000.00,47000000.00,50000000.00,30000000.00,-36000000.00,-61000000.00,11000000.00,-103742000.00,-43709000.00,-47974000.00,-7575000.00,-75565000.00,-16537000.00,-30894000.00,35394000.00,
changeToAccountReceivables,2000000.00,-80000000.00,-195000000.00,-416000000.00,357000000.00,-611000000.00,-785000000.00,-749000000.00,590000000.00,-296000000.00,-866000000.00,-355000000.00,-31000000.00,482000000.00,-1025000000.00,133000000.00,-111000000.00,220000000.00,-316000000.00,215000000.00,-1000000.00,-124000000.00,-681000000.00,-228000000.00,4000000.00,-133000000.00,-34000000.00,58000000.00,65000000.00,-275000000.00,81000000.00,-5595000000.00,-9202000000.00,-5703000000.00,-544000000.00,-4915000000.00,-10957000000.00,-11553000000.00,167000000.00,-10520000000.00,-9698000000.00,-8222000000.00,57000000.00,-490068000.00,-38463000.00,530798000.00,220733000.00,-630780000.00,-63272000.00,240243000.00,-43930000.00,
salePurchaseOfStock,-4000000.00,-10000000.00,-1955000000.00,-4000000.00,-4000000.00,-9000000.00,-1470000000.00,-131000000.00,-6000000.00,-10000000.00,-787000000.00,-296000000.00,-20000000.00,-19000000.00,-643000000.00,-2000000.00,-4000000.00,-3000000.00,-620000000.00,-2058000000.00,-1009000000.00,-7516000000.00,-1431000000.00,-505000000.00,-5000000.00,-5000000.00,-895000000.00,-1824000000.00,3000000.00,-3803000000.00,-409000000.00,-1225000000.00,-998000000.00,-5002000000.00,-342000000.00,-300000000.00,1000000.00,-24000000.00,-329000000.00,-201000000.00,2000000.00,-24000000.00,-97000000.00,,,,,,,,,
otherCashflowsFromFinancingActivities,-28000000.00,-331000000.00,-290000000.00,-273000000.00,-309000000.00,-161000000.00,1903000000.00,-216000000.00,-146000000.00,-3564000000.00,-65000000.00,-129000000.00,-75000000.00,-799000000.00,-16000000.00,-220000000.00,-74000000.00,-279000000.00,21000000.00,-8000000.00,-62000000.00,-71000000.00,37000000.00,-25000000.00,-239000000.00,-8000000.00,26000000.00,-35000000.00,16000000.00,5894000000.00,114000000.00,-366000000.00,792000000.00,15989000000.00,198000000.00,92000000.00,-47000000.00,282000000.00,-307000000.00,95000000.00,25000000.00,162000000.00,-849000000.00,2388713000.00,2244414000.00,-1326116000.00,-1376011000.00,-1561087000.00,-2251235000.00,-1774248000.00,-1196451000.00,97291000.00
changeToNetincome,,1318000000.00,2500000000.00,2428000000.00,-4000000.00,730000000.00,-508000000.00,135000000.00,920000000.00,2914000000.00,63000000.00,3673000000.00,260000000.00,2124000000.00,332000000.00,287000000.00,1407000000.00,2540000000.00,520000000.00,4760000000.00,530000000.00,1142000000.00,245000000.00,1052000000.00,297000000.00,251000000.00,299000000.00,313000000.00,503000000.00,249000000.00,523000000.00,173000000.00,159000000.00,224000000.00,495000000.00,681000000.00,1002000000.00,35000000.00,59000000.00,43000000.00,37000000.00,65000000.00,101000000.00,,,,,,,,,
capitalExpenditures,219000000,178000000,175000000,213000000,177000000,143000000,162000000,187000000,217000000,195000000,188000000,279000000,217000000,177000000,125000000,163000000,154000000,128000000,107000000,123000000,282000000,114000000,119000000,182000000,126000000,126000000,95000000,114000000,113000000,131000000,121000000,145000000,127000000,115000000,145000000,153000000,180000000,142000000,137000000,151000000,133000000,119000000,88000000,94540000,17661000,93917000,162204000,104410000,63169000,91088000,96848000,448141000
changeReceivables,,-80000000.00,-195000000.00,-416000000.00,357000000.00,-611000000.00,-785000000.00,-749000000.00,590000000.00,-296000000.00,-866000000.00,-355000000.00,-31000000.00,482000000.00,-1025000000.00,133000000.00,-111000000.00,220000000.00,-316000000.00,215000000.00,-1000000.00,-124000000.00,-681000000.00,-228000000.00,4000000.00,-133000000.00,-34000000.00,58000000.00,65000000.00,-275000000.00,81000000.00,-234000000.00,-254000000.00,-44000000.00,-544000000.00,-267000000.00,-25000000.00,-47000000.00,167000000.00,27000000.00,69000000.00,528000000.00,57000000.00,,,,,,,,,
cashFlowsOtherOperating,,614000000.00,-17000000.00,-676000000.00,37000000.00,2758000000.00,-140000000.00,265000000.00,-181000000.00,49000000.00,-330000000.00,-56000000.00,-50000000.00,259000000.00,-19000000.00,-86000000.00,280000000.00,15000000.00,-112000000.00,351000000.00,120000000.00,-279000000.00,-267000000.00,1146000000.00,106000000.00,-75000000.00,-53000000.00,-271000000.00,-2944000000.00,1627000000.00,1195000000.00,1576000000.00,1390000000.00,1326000000.00,1363000000.00,-770000000.00,478000000.00,1085000000.00,761000000.00,1598000000.00,1085000000.00,1245000000.00,997000000.00,,,,,,,,,
exchangeRateChanges,,,,,,-33000000.00,7000000.00,-28000000.00,-41000000.00,27000000.00,-55000000.00,27000000.00,6000000.00,8000000.00,-46000000.00,14000000.00,-16000000.00,8000000.00,1000000.00,-10000000.00,-9000000.00,-35000000.00,15000000.00,,6000000.00,7000000.00,16000000.00,-38000000.00,7000000.00,-13000000.00,-294000000.00,-59000000.00,-21000000.00,4000000.00,-224000000.00,-425000000.00,-150000000.00,3000000.00,-5000000.00,-1000000.00,11000000.00,-6000000.00,-14000000.00,,,,,,,,,
cashAndCashEquivalentsChanges,,2058000000.00,-2498000000.00,-2654000000.00,3396000000.00,2423000000.00,-3648000000.00,-2436000000.00,3636000000.00,-1209000000.00,1306000000.00,559000000.00,1873000000.00,-35125000000.00,1218000000.00,29276000000.00,5476000000.00,275000000.00,-2392000000.00,-726000000.00,4468000000.00,-5460000000.00,-296000000.00,857000000.00,2358000000.00,1348000000.00,-360000000.00,-1118000000.00,-109000000.00,-1229000000.00,-843000000.00,-824000000.00,1823000000.00,-506000000.00,-442000000.00,629000000.00,-1367000000.00,946000000.00,-1455000000.00,620000000.00,232000000.00,1764000000.00,1078000000.00,,,,,,,,,
changeInWorkingCapital,2643000000.00,552000000.00,-825000000.00,843000000.00,1338000000.00,-1164000000.00,-1275000000.00,-1084000000.00,1708000000.00,-990000000.00,-956000000.00,-922000000.00,965000000.00,149000000.00,-86000000.00,-322000000.00,761000000.00,-1306000000.00,-462000000.00,-408000000.00,812000000.00,-702000000.00,-828000000.00,-131000000.00,964000000.00,-542000000.00,-282000000.00,-491000000.00,-951000000.00,-230000000.00,-17000000.00,12000000.00,530000000.00,52000000.00,-90000000.00,-642000000.00,102000000.00,366000000.00,-614000000.00,-174000000.00,343000000.00,598000000.00,-109000000.00,-1234810000.00,-82172000.00,482824000.00,213158000.00,585158000.00,-79809000.00,209349000.00,-8536000.00,
stockBasedCompensation,130000000.00,179000000.00,313000000.00,132000000.00,126000000.00,107000000.00,306000000.00,129000000.00,135000000.00,159000000.00,269000000.00,136000000.00,162000000.00,236000000.00,219000000.00,79000000.00,75000000.00,87000000.00,189000000.00,70000000.00,75000000.00,85000000.00,191000000.00,77000000.00,71000000.00,76000000.00,141000000.00,75000000.00,69000000.00,71000000.00,138000000.00,53000000.00,55000000.00,55000000.00,119000000.00,43000000.00,44000000.00,48000000.00,106000000.00,37000000.00,42000000.00,46000000.00,87000000.00,31459000.00,29452000.00,35084000.00,91005000.00,40449000.00,23948000.00,24158000.00,74421000.00,
otherNonCashItems,1648000000.00,1669000000.00,2604000000.00,2340000000.00,602000000.00,3682000000.00,-475000000.00,751000000.00,819000000.00,2843000000.00,-178000000.00,5364000000.00,339000000.00,2145000000.00,113000000.00,538000000.00,302000000.00,2453000000.00,331000000.00,-380000000.00,455000000.00,1057000000.00,54000000.00,621000000.00,226000000.00,175000000.00,158000000.00,238000000.00,434000000.00,178000000.00,87000000.00,120000000.00,104000000.00,169000000.00,376000000.00,638000000.00,942000000.00,3000000.00,-47000000.00,54000000.00,215000000.00,89000000.00,14000000.00,296376000.00,488597000.00,-518241000.00,87268000.00,-1059282000.00,1497709000.00,55912000.00,178161000.00,
freeCashFlow,7355000000.00,6141000000.00,4018000000.00,7215000000.00,7425000000.00,4862000000.00,4746000000.00,4888000000.00,7718000000.00,4695000000.00,4689000000.00,4575000000.00,5613000000.00,2912000000.00,3690000000.00,3112000000.00,4401000000.00,2349000000.00,2910000000.00,3269000000.00,4242000000.00,2752000000.00,2526000000.00,2402000000.00,3145000000.00,1877000000.00,2007000000.00,1427000000.00,1341000000.00,1787000000.00,2007000000.00,1818000000.00,2028000000.00,1717000000.00,1440000000.00,-731000000.00,1606000000.00,1575000000.00,487000000.00,1094000000.00,1665000000.00,1918000000.00,1099000000.00,846987000.00,2265847000.00,1467420000.00,1431746000.00,944354000.00,1706247000.00,2055972000.00,1184872000.00,
researchDevelopment,1723000000.00,1733000000.00,2292000000.00,1790000000.00,1614000000.00,1609000000.00,1497000000.00,1827000000.00,1673000000.00,1802000000.00,1782000000.00,1890000000.00,1706000000.00,1582000000.00,1379000000.00,1542000000.00,2285000000.00,1291000000.00,1289000000.00,6495000000.00,1268000000.00,1322000000.00,1244000000.00,1402000000.00,1222000000.00,1223000000.00,1135000000.00,1190000000.00,1106000000.00,1124000000.00,946000000.00,1075000000.00,1418000000.00,981000000.00,811000000.00,879000000.00,812000000.00,834000000.00,772000000.00,798000000.00,714000000.00,709000000.00,634000000.00,681221000.00,813000000.00,642000000.00,641968000.00,775129000.00,665521000.00,589759000.00,587097000.00,2807798000.00
effectOfAccountingCharges,,,,,,,,,,,,,,,,,,,,0.00,0.00,0.00,0.00,0.00,0.00,0.00,0.00,0.00,0.00,0.00,0.00,0.00,0.00,0.00,0.00,0.00,0.00,0.00,0.00,0.00,0.00,0.00,0.00,0.00,0.00,0.00,0.00,0.00,0.00,0.00,0.00,0.00
incomeBeforeTax,1953000000.00,2610000000.00,475000000.00,2965000000.00,4400000000.00,1183000000.00,4929000000.00,4271000000.00,3688000000.00,1163000000.00,3867000000.00,-1507000000.00,2500000000.00,-693000000.00,3098000000.00,3074000000.00,2001000000.00,807000000.00,2544000000.00,-2373000000.00,2761000000.00,2012000000.00,2797000000.00,1193000000.00,2095000000.00,2353000000.00,2086000000.00,1998000000.00,2014000000.00,2096000000.00,1776000000.00,1924000000.00,1647000000.00,1678000000.00,1396000000.00,-1037000000.00,687000000.00,1433000000.00,1286000000.00,1439000000.00,1286000000.00,1368000000.00,1239000000.00,1712917000.00,1604000000.00,1402000000.00,1005792000.00,1357900000.00,71573000.00,1380732000.00,858322000.00,4835497000.00
minorityInterest,-3000000.00,-3000000.00,-2000000.00,1000000.00,3000000.00,4000000.00,-3000000.00,-1000000.00,-1000000.00,25000000.00,2000000.00,2000000.00,5000000.00,-1000000.00,24000000.00,24000000.00,24000000.00,,,0.00,0.00,0.00,0.00,0.00,0.00,0.00,0.00,0.00,0.00,0.00,0.00,0.00,0.00,0.00,0.00,0.00,0.00,0.00,0.00,0.00,0.00,0.00,0.00,0.00,0.00,0.00,0.00,0.00,0.00,0.00,0.00,0.00
sellingGeneralAdministrative,3372000000.00,3268000000.00,3039000000.00,3417000000.00,3304000000.00,5412000000.00,3127000000.00,3260000000.00,3083000000.00,3164000000.00,2842000000.00,3231000000.00,2846000000.00,3527000000.00,1695000000.00,1951000000.00,1657000000.00,1654000000.00,1680000000.00,1929000000.00,1919000000.00,1760000000.00,1791000000.00,1951000000.00,1452000000.00,1504000000.00,1368000000.00,1653000000.00,1381000000.00,1466000000.00,1355000000.00,1737000000.00,1474000000.00,1703000000.00,1473000000.00,3341000000.00,1595000000.00,1448000000.00,1340000000.00,1448000000.00,1261000000.00,1406000000.00,1237000000.00,1410357000.00,1085000000.00,1246000000.00,1246924000.00,1812161000.00,1706387000.00,1630763000.00,1177918000.00,6173759000.00
sellingAndMarketingExpenses,,,,,,,,,,,,,,,,,,,,,,,,,,,,,,,,,,,,,,,,,,,,,,,,,,,,
grossProfit,7442000000.00,9625000000.00,8239000000.00,10951000000.00,9790000000.00,10413000000.00,9486000000.00,10566000000.00,9952000000.00,9436000000.00,8797000000.00,9174000000.00,7852000000.00,6714000000.00,6677000000.00,6698000000.00,6559000000.00,6436000000.00,6134000000.00,6283000000.00,6401000000.00,6344000000.00,6007000000.00,5459000000.00,5379000000.00,5416000000.00,4922000000.00,5241000000.00,4928000000.00,5047000000.00,4589000000.00,4925000000.00,4777000000.00,4559000000.00,4098000000.00,4333000000.00,3925000000.00,3813000000.00,3463000000.00,3829000000.00,3566000000.00,3638000000.00,3176000000.00,3940468000.00,3494000000.00,3420000000.00,3016781000.00,3688000000.00,3260000000.00,3167107000.00,2689451000.00,12535103000.00
reconciledDepreciation,2235000000.00,2260000000.00,2127000000.00,2157000000.00,2205000000.00,2052000000.00,2053000000.00,1979000000.00,2127000000.00,2200000000.00,2215000000.00,2065000000.00,2292000000.00,1555000000.00,559000000.00,509000000.00,503000000.00,502000000.00,503000000.00,442000000.00,435000000.00,443000000.00,445000000.00,369000000.00,379000000.00,379000000.00,374000000.00,328000000.00,304000000.00,289000000.00,268000000.00,261000000.00,227000000.00,190000000.00,158000000.00,193000000.00,192000000.00,202000000.00,199000000.00,200000000.00,234000000.00,236000000.00,227000000.00,308860000.00,226805000.00,295094000.00,319241000.00,324876000.00,315233000.00,317610000.00,314475000.00,
ebit,2281000000.00,4513000000.00,2768000000.00,5502000000.00,4603000000.00,3295000000.00,4717000000.00,5074000000.00,4306000000.00,4441000000.00,4103000000.00,3753000000.00,3255000000.00,752000000.00,3603000000.00,3956000000.00,2617000000.00,3400000000.00,3010000000.00,-2441000000.00,3159000000.00,2762000000.00,2903000000.00,1794000000.00,2705000000.00,2674000000.00,2419000000.00,2358000000.00,2361000000.00,2387000000.00,2278000000.00,2113000000.00,1885000000.00,1852000000.00,1687000000.00,-415000000.00,1210000000.00,1515000000.00,1351000000.00,1535000000.00,1371000000.00,1453000000.00,1305000000.00,1820890000.00,1596000000.00,1422000000.00,977889000.00,1378839000.00,53613000.00,1363844000.00,824436000.00,0.00
ebitda,2442000000.00,6773000000.00,4895000000.00,7659000000.00,6808000000.00,5347000000.00,6770000000.00,7053000000.00,6433000000.00,6641000000.00,6318000000.00,5818000000.00,5547000000.00,2307000000.00,4162000000.00,4465000000.00,3120000000.00,3902000000.00,3513000000.00,-1999000000.00,3594000000.00,3205000000.00,3348000000.00,2163000000.00,3084000000.00,3053000000.00,2793000000.00,2686000000.00,2665000000.00,2676000000.00,2546000000.00,2374000000.00,2112000000.00,2042000000.00,1845000000.00,-222000000.00,1402000000.00,1717000000.00,1550000000.00,1735000000.00,1605000000.00,1689000000.00,1532000000.00,2129750000.00,1822805000.00,1717094000.00,1297130000.00,1703715000.00,368846000.00,1681454000.00,1138911000.00,
depreciationAndAmortization,161000000.00,2260000000.00,2127000000.00,2157000000.00,2205000000.00,2052000000.00,2053000000.00,1979000000.00,2127000000.00,2200000000.00,2215000000.00,2065000000.00,2292000000.00,1555000000.00,559000000.00,509000000.00,503000000.00,502000000.00,503000000.00,442000000.00,435000000.00,443000000.00,445000000.00,369000000.00,379000000.00,379000000.00,374000000.00,328000000.00,304000000.00,289000000.00,268000000.00,261000000.00,227000000.00,190000000.00,158000000.00,193000000.00,192000000.00,202000000.00,199000000.00,200000000.00,234000000.00,236000000.00,227000000.00,308860000.00,226805000.00,295094000.00,319241000.00,324876000.00,315233000.00,317610000.00,314475000.00,
nonOperatingIncomeNetOther,,-1449000000.00,-1839000000.00,-2061000000.00,294000000.00,-1580000000.00,751000000.00,-232000000.00,-33000000.00,-2672000000.00,386000000.00,-4642000000.00,-135000000.00,-831000000.00,-77000000.00,-427000000.00,-196000000.00,-2284000000.00,-141000000.00,387000000.00,-96000000.00,-478000000.00,145000000.00,-349000000.00,-358000000.00,-68000000.00,-86000000.00,-70000000.00,-97000000.00,-66000000.00,-302000000.00,10000000.00,-41000000.00,-10000000.00,-165000000.00,-493000000.00,-145000000.00,-13000000.00,,-28000000.00,-16000000.00,-10000000.00,,,,,,,,,,
operatingIncome,2281000000.00,4513000000.00,2768000000.00,5502000000.00,4603000000.00,3295000000.00,4717000000.00,5074000000.00,4306000000.00,4441000000.00,4103000000.00,3753000000.00,3255000000.00,752000000.00,3603000000.00,3956000000.00,2617000000.00,3400000000.00,3010000000.00,-2441000000.00,3159000000.00,2762000000.00,2903000000.00,1794000000.00,2705000000.00,2674000000.00,2419000000.00,2358000000.00,2361000000.00,2387000000.00,2278000000.00,2113000000.00,1885000000.00,1852000000.00,1687000000.00,-415000000.00,1210000000.00,1515000000.00,1351000000.00,1535000000.00,1371000000.00,1453000000.00,1305000000.00,1820890000.00,1596000000.00,1422000000.00,977889000.00,1378839000.00,53613000.00,1363844000.00,824436000.00,5176983000.00
otherOperatingExpenses,11580000000.00,9072000000.00,9307000000.00,9376000000.00,10169000000.00,11019000000.00,8676000000.00,9407000000.00,9646000000.00,9421000000.00,8837000000.00,9805000000.00,9602000000.00,8820000000.00,5016000000.00,4609000000.00,5862000000.00,4764000000.00,4663000000.00,10446000000.00,5022000000.00,5516000000.00,4962000000.00,5633000000.00,4290000000.00,4255000000.00,4119000000.00,4398000000.00,3991000000.00,3995000000.00,3670000000.00,4287000000.00,4059000000.00,3600000000.00,3226000000.00,5839000000.00,3501000000.00,3395000000.00,3212000000.00,3528000000.00,3067000000.00,3169000000.00,3024000000.00,3356905000.00,2912000000.00,2961000000.00,3045059000.00,3085224000.00,4355068000.00,2738101000.00,2972326000.00,0.00
interestExpense,398000000.00,552000000.00,553000000.00,566000000.00,497000000.00,532000000.00,548000000.00,571000000.00,585000000.00,606000000.00,622000000.00,618000000.00,620000000.00,614000000.00,428000000.00,455000000.00,420000000.00,309000000.00,325000000.00,319000000.00,302000000.00,272000000.00,251000000.00,252000000.00,252000000.00,253000000.00,247000000.00,290000000.00,250000000.00,225000000.00,200000000.00,199000000.00,197000000.00,164000000.00,126000000.00,129000000.00,128000000.00,69000000.00,65000000.00,68000000.00,69000000.00,75000000.00,66000000.00,104000000.00,10000000.00,0.00,0.00,0.00,0.00,0.00,0.00,0.00
taxProvision,172000000.00,583000000.00,234000000.00,493000000.00,448000000.00,255000000.00,436000000.00,226000000.00,508000000.00,394000000.00,312000000.00,-1545000000.00,187000000.00,46000000.00,88000000.00,273000000.00,117000000.00,66000000.00,88000000.00,,,,,,,,,,,,,,,,,,,,,,,,,,,,,,,,,
interestIncome,157000000.00,98000000.00,99000000.00,90000000.00,63000000.00,24000000.00,9000000.00,9000000.00,11000000.00,9000000.00,10000000.00,11000000.00,10000000.00,18000000.00,135000000.00,104000000.00,60000000.00,49000000.00,331000000.00,,,,,,,,,,,,,,,,,,,,,,,,,,,,,,,,,
netInterestIncome,-398000000.00,-454000000.00,-454000000.00,-476000000.00,-497000000.00,-532000000.00,-539000000.00,-571000000.00,-585000000.00,-606000000.00,-622000000.00,-618000000.00,-620000000.00,-614000000.00,-428000000.00,-455000000.00,-420000000.00,-309000000.00,-325000000.00,,,,,,,,,,,,,,,,,,,,,,,,,,,,,,,,,
extraordinaryItems,,,,,,,,,,,,,,,,,,,,-86000000.00,0.00,0.00,0.00,0.00,0.00,0.00,0.00,0.00,0.00,0.00,0.00,0.00,0.00,0.00,0.00,0.00,0.00,0.00,0.00,0.00,0.00,0.00,0.00,0.00,0.00,0.00,0.00,0.00,0.00,0.00,0.00,0.00
nonRecurring,,280000000.00,150000000.00,243000000.00,40000000.00,269000000.00,145000000.00,405000000.00,390000000.00,97000000.00,70000000.00,300000000.00,45000000.00,853000000.00,,139000000.00,,91000000.00,155000000.00,300000000.00,55000000.00,-69000000.00,69000000.00,312000000.00,312000000.00,15000000.00,15000000.00,40000000.00,80000000.00,70000000.00,10000000.00,150000000.00,0.00,23000000.00,127000000.00,28000000.00,308000000.00,16000000.00,0.00,48000000.00,220000000.00,70000000.00,0.00,0.00,0.00,0.00,0.00,0.00,0.00,0.00,0.00,0.00
otherItems,,,,,,,,,,,,,,,,,,,,0.00,0.00,0.00,0.00,0.00,0.00,0.00,0.00,0.00,0.00,0.00,0.00,0.00,0.00,0.00,0.00,0.00,0.00,0.00,0.00,0.00,0.00,0.00,0.00,0.00,0.00,0.00,0.00,0.00,0.00,0.00,0.00,0.00
incomeTaxExpense,172000000.00,583000000.00,234000000.00,493000000.00,448000000.00,255000000.00,436000000.00,226000000.00,508000000.00,394000000.00,312000000.00,-1545000000.00,187000000.00,46000000.00,88000000.00,273000000.00,117000000.00,66000000.00,88000000.00,-547000000.00,14000000.00,29000000.00,14000000.00,1141000000.00,464000000.00,438000000.00,375000000.00,607000000.00,416000000.00,486000000.00,422000000.00,407000000.00,408000000.00,312000000.00,374000000.00,-227000000.00,181000000.00,335000000.00,306000000.00,311000000.00,322000000.00,300000000.00,271000000.00,173275000.00,19000000.00,135000000.00,122514000.00,200337000.00,59238000.00,-159299000.00,135123000.00,657631000.00
totalRevenue,13927000000.00,13865000000.00,12225000000.00,15121000000.00,14812000000.00,14583000000.00,13538000000.00,14886000000.00,14342000000.00,13959000000.00,13010000000.00,13858000000.00,12902000000.00,10425000000.00,8619000000.00,8704000000.00,8479000000.00,8255000000.00,7828000000.00,8305000000.00,8236000000.00,8278000000.00,7934000000.00,7739000000.00,6995000000.00,6944000000.00,6538000000.00,6796000000.00,6432000000.00,6452000000.00,5958000000.00,6400000000.00,5944000000.00,5475000000.00,5040000000.00,5452000000.00,5019000000.00,4926000000.00,4563000000.00,5111000000.00,4658000000.00,4692000000.00,4329000000.00,5205795000.00,4508000000.00,4493000000.00,4172948000.00,4864063000.00,4408681000.00,4274445000.00,3896762000.00,15637731000.00
totalOperatingExpenses,5095000000.00,4832000000.00,5321000000.00,5206000000.00,5147000000.00,6849000000.00,4624000000.00,5087000000.00,5256000000.00,4898000000.00,4624000000.00,5121000000.00,4552000000.00,5109000000.00,3074000000.00,2603000000.00,3942000000.00,2945000000.00,2969000000.00,8424000000.00,3187000000.00,3582000000.00,3035000000.00,3353000000.00,2674000000.00,2727000000.00,2503000000.00,2843000000.00,2487000000.00,2590000000.00,2301000000.00,2812000000.00,2892000000.00,2684000000.00,2284000000.00,4720000000.00,2407000000.00,2282000000.00,2112000000.00,2246000000.00,1975000000.00,2115000000.00,1871000000.00,2091578000.00,1898000000.00,1888000000.00,1888892000.00,1909161000.00,3206387000.00,1630763000.00,1765015000.00,0.00
costOfRevenue,6485000000.00,4240000000.00,3986000000.00,4170000000.00,5022000000.00,4170000000.00,4052000000.00,4320000000.00,4390000000.00,4523000000.00,4213000000.00,4684000000.00,5050000000.00,3711000000.00,1942000000.00,2006000000.00,1920000000.00,1819000000.00,1694000000.00,2022000000.00,1835000000.00,1934000000.00,1927000000.00,2280000000.00,1616000000.00,1528000000.00,1616000000.00,1555000000.00,1504000000.00,1405000000.00,1369000000.00,1475000000.00,1167000000.00,916000000.00,942000000.00,1119000000.00,1094000000.00,1113000000.00,1100000000.00,1282000000.00,1092000000.00,1054000000.00,1153000000.00,1265327000.00,1014000000.00,1073000000.00,1156167000.00,1176063000.00,1148681000.00,1107338000.00,1207311000.00,3102628000.00
totalOtherIncomeExpenseNet,4000000.00,-1729000000.00,-1989000000.00,-2304000000.00,254000000.00,-1849000000.00,606000000.00,-637000000.00,-423000000.00,-2769000000.00,316000000.00,-4942000000.00,-180000000.00,-1684000000.00,-77000000.00,-566000000.00,-196000000.00,-2375000000.00,-296000000.00,87000000.00,-151000000.00,-478000000.00,76000000.00,-661000000.00,-358000000.00,-83000000.00,-86000000.00,-110000000.00,-177000000.00,-136000000.00,-312000000.00,10000000.00,-41000000.00,-33000000.00,-292000000.00,-521000000.00,-703000000.00,-29000000.00,-65000000.00,-76000000.00,-236000000.00,-80000000.00,-66000000.00,-51973000.00,7000000.00,-132000000.00,-122097000.00,-420939000.00,17960000.00,-155612000.00,-66114000.00,0.00
discontinuedOperations,,,,,,,,,,,,,,,,,,,,0.00,0.00,0.00,0.00,0.00,0.00,0.00,0.00,0.00,0.00,0.00,0.00,0.00,0.00,0.00,0.00,0.00,0.00,0.00,0.00,0.00,0.00,0.00,0.00,0.00,0.00,0.00,0.00,0.00,0.00,0.00,0.00,0.00
netIncomeFromContinuingOps,1781000000.00,2027000000.00,241000000.00,2472000000.00,3952000000.00,928000000.00,4493000000.00,4045000000.00,3180000000.00,769000000.00,3555000000.00,38000000.00,2313000000.00,-739000000.00,3010000000.00,2801000000.00,1884000000.00,741000000.00,2456000000.00,-1826000000.00,2747000000.00,1983000000.00,2783000000.00,52000000.00,1631000000.00,1915000000.00,1711000000.00,1391000000.00,1598000000.00,1610000000.00,1354000000.00,1517000000.00,1239000000.00,1366000000.00,1022000000.00,-810000000.00,506000000.00,1098000000.00,980000000.00,1128000000.00,964000000.00,1068000000.00,968000000.00,0.00,0.00,0.00,0.00,0.00,0.00,0.00,0.00,0.00
netIncomeApplicableToCommonShares,,2024000000.00,239000000.00,2473000000.00,3949000000.00,924000000.00,4490000000.00,4044000000.00,3179000000.00,766000000.00,3553000000.00,36000000.00,2308000000.00,-738000000.00,3010000000.00,2801000000.00,1884000000.00,741000000.00,2456000000.00,-1826000000.00,2747000000.00,1983000000.00,2783000000.00,52000000.00,1631000000.00,1915000000.00,1711000000.00,1391000000.00,1598000000.00,1610000000.00,1354000000.00,1517000000.00,1239000000.00,1366000000.00,1022000000.00,-810000000.00,506000000.00,1098000000.00,980000000.00,1128000000.00,964000000.00,1068000000.00,968000000.00,1539642000.00,1585504000.00,1266576000.00,883278000.00,1157563000.00,12335000.00,1540031000.00,723199000.00,4177866000.00
preferredStockAndOtherAdjustments,,,,,,,,,,,,,,,,,,,,,,,,,,,,,,,,,,,,,,,,,,,,,,,,,,,,
