,2023-09-30,2023-06-30,2023-03-31,2022-12-31,2022-09-30,2022-06-30,2022-03-31,2021-12-31,2021-09-30,2021-06-30,2021-03-31,2020-12-31,2020-09-30,2020-06-30,2020-03-31,2019-12-31,2019-09-30,2019-06-30,2019-03-31,2018-12-31,2018-09-30,2018-06-30,2018-03-31,2017-12-31,2017-09-30,2017-06-30,2017-03-31,2016-12-31,2016-09-30,2016-06-30,2016-03-31,2015-12-31,2015-09-30,2015-06-30,2015-03-31,2014-12-31,2014-09-30,2014-06-30,2014-03-31,2013-12-31,2013-09-30,2013-06-30,2013-03-31,2012-12-31,2012-09-30,2012-06-30,2012-03-31,2011-12-31,2011-09-30,2011-06-30,2011-03-31,2010-12-31,2010-09-30,2010-06-30,2010-03-31,2009-12-31,2009-09-30,2009-06-30,2009-03-31,2008-12-31,2008-09-30,2008-06-30,2008-03-31,2007-12-31,2007-09-30,2007-06-30,2007-03-31,2006-12-31,2006-09-30,2006-06-30,2006-03-31,2005-12-31,2005-09-30,2005-06-30,2005-03-31,2004-12-31,2004-09-30,2004-06-30,2004-03-31,2003-12-31,2003-09-30,2003-06-30,2003-03-31,2002-12-31,2002-09-30,2002-06-30,2002-03-31,2001-12-31,2001-09-30,2001-06-30,2001-03-31,2000-12-31,2000-09-30,2000-06-30,2000-03-31,1999-12-31,1999-09-30,1999-06-30,1999-03-31,1998-12-31,1998-09-30,1998-06-30,1998-03-31,1997-12-31,1997-09-30,1997-06-30,1997-03-31,1996-12-31,1996-09-30,1996-06-30,1996-03-31,1995-12-31,1995-09-30,1995-06-30,1995-03-31
date,2023-09-30,2023-06-30,2023-03-31,2022-12-31,2022-09-30,2022-06-30,2022-03-31,2021-12-31,2021-09-30,2021-06-30,2021-03-31,2020-12-31,2020-09-30,2020-06-30,2020-03-31,2019-12-31,2019-09-30,2019-06-30,2019-03-31,2018-12-31,2018-09-30,2018-06-30,2018-03-31,2017-12-31,2017-09-30,2017-06-30,2017-03-31,2016-12-31,2016-09-30,2016-06-30,2016-03-31,2015-12-31,2015-09-30,2015-06-30,2015-03-31,2014-12-31,2014-09-30,2014-06-30,2014-03-31,2013-12-31,2013-09-30,2013-06-30,2013-03-31,2012-12-31,2012-09-30,2012-06-30,2012-03-31,2011-12-31,2011-09-30,2011-06-30,2011-03-31,2010-12-31,2010-09-30,2010-06-30,2010-03-31,2009-12-31,2009-09-30,2009-06-30,2009-03-31,2008-12-31,2008-09-30,2008-06-30,2008-03-31,2007-12-31,2007-09-30,2007-06-30,2007-03-31,2006-12-31,2006-09-30,2006-06-30,2006-03-31,2005-12-31,2005-09-30,2005-06-30,2005-03-31,2004-12-31,2004-09-30,2004-06-30,2004-03-31,2003-12-31,2003-09-30,2003-06-30,2003-03-31,2002-12-31,2002-09-30,2002-06-30,2002-03-31,2001-12-31,2001-09-30,2001-06-30,2001-03-31,2000-12-31,2000-09-30,2000-06-30,2000-03-31,1999-12-31,1999-09-30,1999-06-30,1999-03-31,1998-12-31,1998-09-30,1998-06-30,1998-03-31,1997-12-31,1997-09-30,1997-06-30,1997-03-31,1996-12-31,1996-09-30,1996-06-30,1996-03-31,1995-12-31,1995-09-30,1995-06-30,1995-03-31
filing_date,2023-10-23,2023-07-31,2023-04-24,2023-03-01,2022-10-24,2022-07-25,2022-04-25,2022-02-24,2021-10-26,2021-07-27,2021-04-27,2021-02-23,2020-09-30,2020-06-30,2020-03-31,2019-12-31,2019-11-04,2019-07-25,2019-04-25,2019-02-14,2018-10-25,2018-07-26,2018-04-26,2018-03-01,2017-10-27,2017-08-04,2017-05-03,2017-02-24,2016-11-02,2016-08-04,2016-05-06,2016-02-29,2015-11-09,2015-08-06,2015-05-07,2015-03-02,2014-11-05,2014-08-08,2014-05-09,2014-02-24,2013-11-01,2013-08-02,2013-05-03,2013-02-22,2012-11-07,2012-08-08,2012-05-08,2012-02-29,2011-11-07,2011-08-04,2011-05-04,2011-02-25,2010-11-03,2010-08-04,2010-05-04,2010-02-26,2009-11-05,2009-08-05,2009-05-06,2009-03-02,2008-11-05,2008-08-01,2008-05-06,2008-02-29,2007-11-07,2007-08-06,2007-05-07,2007-02-28,2006-11-08,2006-08-09,2006-05-09,2006-03-15,2005-11-08,2005-08-08,2005-05-10,2005-03-08,2004-11-08,2004-08-06,2004-05-07,2004-03-15,2003-11-13,2003-08-14,2003-05-13,2002-12-31,2002-11-14,2002-08-14,2002-04-01,,2001-11-14,2001-08-14,2001-05-11,2001-03-30,2000-11-14,2000-08-14,2000-05-11,1999-12-31,1999-11-15,1999-08-13,1999-05-14,1998-12-31,1998-11-16,1998-08-14,1998-05-15,1997-12-31,1997-11-12,1997-08-13,1997-05-14,1997-03-31,1996-11-14,1996-08-14,1996-04-01,,1995-11-14,1995-08-14,1995-06-29
currency_symbol,USD,USD,USD,USD,USD,USD,USD,USD,USD,USD,USD,USD,USD,USD,USD,USD,USD,USD,USD,USD,USD,USD,USD,USD,USD,USD,USD,USD,USD,USD,USD,USD,USD,USD,USD,USD,USD,USD,USD,USD,USD,USD,USD,USD,USD,USD,USD,USD,USD,USD,USD,USD,USD,USD,USD,USD,USD,USD,USD,USD,USD,USD,USD,USD,USD,USD,USD,USD,USD,USD,USD,USD,USD,USD,USD,USD,USD,USD,USD,USD,USD,USD,USD,USD,USD,USD,USD,USD,USD,USD,USD,USD,USD,USD,USD,USD,USD,USD,USD,USD,USD,USD,USD,USD,USD,USD,USD,USD,USD,USD,USD,USD,USD,USD,USD
totalAssets,1789923000.00,1819220000.00,1826100000.00,1858463000.00,1887771000.00,1931846000.00,1446362000.00,1441265000.00,1416412000.00,1363541000.00,1335610000.00,1353457000.00,1676747000.00,2715702000.00,3152955000.00,1940331000.00,3219620000.00,3180198000.00,3237966000.00,2826692000.00,2698898000.00,2618950000.00,2719009000.00,2692264000.00,2595004000.00,2548130000.00,2624484000.00,2615736000.00,2551390000.00,2541447000.00,2548767000.00,2658875000.00,2335674000.00,2354707000.00,2404660000.00,2456844000.00,2287928000.00,2369487000.00,1861230000.00,1827176000.00,1917481000.00,1875212000.00,1861826000.00,1812929000.00,1769476000.00,1771067000.00,1816405000.00,1735149000.00,1667045000.00,1555593000.00,1548758000.00,1502072000.00,1403145000.00,1341001000.00,1373729000.00,1321456000.00,1261023000.00,1257455000.00,1232144000.00,1233270000.00,1169583000.00,1190983000.00,1151002000.00,1113176000.00,1077507000.00,1023931000.00,1017257000.00,979606000.00,940489000.00,907250000.00,882630000.00,858515000.00,786330000.00,747211000.00,704337000.00,700288000.00,639907000.00,606882000.00,584186000.00,555292000.00,522346000.00,494626000.00,491753000.00,483648000.00,446539000.00,401729000.00,397196000.00,397196000.00,393656000.00,389881000.00,385764000.00,380379000.00,361656000.00,335530000.00,326147000.00,318408000.00,297646000.00,291546000.00,276367000.00,272174000.00,273289000.00,266510000.00,248062000.00,239382000.00,201354000.00,196677000.00,195340000.00,198103000.00,187200000.00,180200000.00,158700000.00,158600000.00,155700000.00,157400000.00,157500000.00
intangibleAssets,110677000.00,113269000.00,115863000.00,118528000.00,121259000.00,110258000.00,4288000.00,5095000.00,5681000.00,5844000.00,7480000.00,9097000.00,9503000.00,176104000.00,183269000.00,14234000.00,198216000.00,207066000.00,216559000.00,335271000.00,230874000.00,224513000.00,231340000.00,235551000.00,245025000.00,235041000.00,240680000.00,247672000.00,255195000.00,261111000.00,268235000.00,275912000.00,279187000.00,285120000.00,290509000.00,297471000.00,314080000.00,325692000.00,2944000.00,3535000.00,4207000.00,4328000.00,5185000.00,6026000.00,6665000.00,7045000.00,5998000.00,6066000.00,4137000.00,3083000.00,3541000.00,3832000.00,4445000.00,4919000.00,4919000.00,5200000.00,6630000.00,6255000.00,6706000.00,7496000.00,5547000.00,5547000.00,5188000.00,4814000.00,4826000.00,121563000.00,,115436000.00,111364000.00,105867000.00,101085000.00,101085000.00,97241000.00,93917000.00,80647000.00,74874000.00,68606000.00,62714000.00,57959000.00,55485000.00,52069000.00,29630000.00,27885000.00,25985000.00,24337000.00,22537000.00,22096000.00,22096000.00,,,,,,,,,,,,,,,,,,,,,,,,,,,
earningAssets,,,,,,,,,,,,,,,,,,,,,,,,,,,,,,,,,,,,,,,,,,,,,,,,,,,,,,,,,,,,,,,,,,,,,,,,,,,,,,,,,,,,,,,,,,,,,,,,,,,,,,,,,,,,,,,,,,,
otherCurrentAssets,23911000.00,,,22075000.00,23518000.00,16592000.00,21780000.00,16201000.00,24771000.00,26715000.00,35592000.00,34838000.00,67671000.00,87413000.00,75627000.00,65499000.00,74210000.00,68329000.00,60513000.00,65300000.00,80977000.00,82165000.00,81267000.00,78362000.00,98967000.00,97898000.00,84273000.00,84351000.00,72046000.00,68409000.00,93656000.00,63138000.00,68067000.00,66875000.00,58588000.00,65916000.00,75736000.00,71159000.00,59351000.00,71276000.00,68796000.00,75702000.00,59224000.00,88491000.00,,,,,,,,,,,,,,,,,,,,,,40880000.00,,,,,,,,470611000.00,,425567000.00,405784000.00,386091000.00,365681000.00,343013000.00,319478000.00,313775000.00,318870000.00,317287000.00,281155000.00,264979000.00,258932000.00,13382000.00,,,,,,,,,,,,,,,,,,,,,,,,,,,
totalLiab,1089245000.00,1108640000.00,1122197000.00,1163061000.00,1184051000.00,1211333000.00,715454000.00,723099000.00,694882000.00,630026000.00,596222000.00,642132000.00,950862000.00,1194503000.00,1706341000.00,1102550000.00,1351965000.00,1330640000.00,1424458000.00,1065984000.00,935392000.00,874137000.00,962817000.00,964260000.00,1021048000.00,1006057000.00,1124291000.00,1134138000.00,1094294000.00,1081799000.00,1130845000.00,1292257000.00,992312000.00,1037618000.00,1129863000.00,1233323000.00,1086682000.00,1180699000.00,682215000.00,687213000.00,677075000.00,659684000.00,672946000.00,676803000.00,677043000.00,691211000.00,763312000.00,758595000.00,728674000.00,554460000.00,531265000.00,522655000.00,435206000.00,392689000.00,448801000.00,434196000.00,399363000.00,421095000.00,431757000.00,471726000.00,429752000.00,476013000.00,459845000.00,439796000.00,406856000.00,369457000.00,383203000.00,372591000.00,354408000.00,339716000.00,420371000.00,424044000.00,366923000.00,337555000.00,311034000.00,325110000.00,278949000.00,256316000.00,245846000.00,235106000.00,212585000.00,195079000.00,202011000.00,203103000.00,174176000.00,135858000.00,177229000.00,177229000.00,175630000.00,169357000.00,170965000.00,171841000.00,159270000.00,140988000.00,136233000.00,134690000.00,119806000.00,116917000.00,107701000.00,103303000.00,103353000.00,99214000.00,125906000.00,122927000.00,89209000.00,88988000.00,85000000.00,90768000.00,87500000.00,84100000.00,67600000.00,67600000.00,66300000.00,71100000.00,72500000.00
totalStockholderEquity,700678000.00,710580000.00,703903000.00,695402000.00,703720000.00,720513000.00,730908000.00,718166000.00,721530000.00,733515000.00,739388000.00,711325000.00,725885000.00,1521199000.00,1446614000.00,837781000.00,1867655000.00,1849558000.00,1813508000.00,1760708000.00,1763506000.00,1744813000.00,1756192000.00,1728004000.00,1573956000.00,1542073000.00,1500193000.00,1481598000.00,1457096000.00,1459648000.00,1417922000.00,1366618000.00,1343362000.00,1317089000.00,1274797000.00,1223521000.00,1201246000.00,1188788000.00,1179015000.00,1139963000.00,1240406000.00,1215528000.00,1188880000.00,1136126000.00,1092433000.00,1079856000.00,1053093000.00,976554000.00,938371000.00,1001133000.00,1017493000.00,979417000.00,967939000.00,948312000.00,924928000.00,887260000.00,861660000.00,836360000.00,800387000.00,761544000.00,739831000.00,714970000.00,691157000.00,673380000.00,670651000.00,654474000.00,634054000.00,607015000.00,586081000.00,567534000.00,462259000.00,434471000.00,419407000.00,409656000.00,393303000.00,375178000.00,360958000.00,350566000.00,338340000.00,320186000.00,309761000.00,299547000.00,289742000.00,280545000.00,272363000.00,265871000.00,219967000.00,219967000.00,218026000.00,220524000.00,214799000.00,208538000.00,202386000.00,194542000.00,189914000.00,183718000.00,177840000.00,174629000.00,168666000.00,168871000.00,169936000.00,167296000.00,122156000.00,116455000.00,112145000.00,107689000.00,110340000.00,107335000.00,99700000.00,96100000.00,91100000.00,,89400000.00,86300000.00,85000000.00
deferredLongTermLiab,,,,,,,,,,,,,,234380000.00,217768000.00,,297110000.00,288291000.00,279224000.00,267500000.00,248102000.00,257620000.00,241137000.00,222592000.00,259146000.00,260032000.00,268074000.00,276116000.00,271566000.00,295844000.00,306671000.00,307481000.00,162764000.00,198138000.00,237177000.00,268551000.00,183880000.00,211820000.00,199821000.00,226958000.00,244037000.00,254510000.00,261334000.00,263721000.00,245026000.00,268733000.00,284515000.00,286962000.00,273562000.00,258676000.00,250459000.00,227513000.00,186317000.00,141456000.00,,,,,,,,,,,,,,,,,,,,,,,,,,,,,,,,,,,,,,,,,,,,,,,,,,,,,,,,,,,,,
otherCurrentLiab,146294000.00,260851000.00,146303000.00,157077000.00,156289000.00,157305000.00,158837000.00,151552000.00,182328000.00,166296000.00,176313000.00,146282000.00,180879000.00,192502000.00,352590000.00,140423000.00,182044000.00,169499000.00,175028000.00,261292000.00,192482000.00,180833000.00,191057000.00,291269000.00,303838000.00,196064000.00,223778000.00,340481000.00,62901000.00,57645000.00,61642000.00,14031000.00,11280000.00,17500000.00,23780000.00,39041000.00,27200000.00,28400000.00,28400000.00,42854000.00,28400000.00,39853000.00,42639000.00,13278000.00,395906000.00,334376000.00,443791000.00,462103000.00,425692000.00,403604000.00,452737000.00,440652000.00,360158000.00,142434000.00,358771000.00,163670000.00,173011000.00,165397000.00,157347000.00,182983000.00,121118000.00,102269000.00,92712000.00,83162000.00,92130000.00,101533000.00,98016000.00,94498000.00,95575000.00,90740000.00,74089000.00,75896000.00,94505000.00,647000.00,647000.00,647000.00,15757000.00,662000.00,,655000.00,,,,434000.00,,399000.00,,399000.00,,,,399000.00,,,,,,,,,,,,,,,,58629000.00,,,30100000.00,,,1900000.00,
commonStock,18311000.00,18310000.00,18298000.00,18050000.00,18021000.00,18019000.00,17984000.00,17779000.00,17763000.00,17760000.00,17715000.00,17550000.00,727129000.00,45376000.00,45376000.00,837800000.00,45376000.00,45376000.00,45376000.00,45376000.00,45376000.00,45376000.00,45376000.00,45376000.00,45376000.00,45376000.00,45376000.00,45376000.00,45376000.00,45376000.00,45376000.00,45376000.00,45376000.00,45376000.00,45376000.00,45376000.00,45376000.00,45376000.00,45376000.00,45376000.00,45376000.00,45376000.00,45376000.00,45376000.00,45376000.00,45376000.00,45376000.00,45376000.00,45376000.00,45376000.00,45376000.00,45376000.00,45376000.00,45376000.00,45378000.00,30252000.00,30252000.00,30252000.00,30252000.00,30252000.00,30252000.00,30252000.00,30252000.00,30252000.00,30252000.00,30252000.00,30252000.00,30252000.00,30252000.00,30252000.00,28527000.00,28527000.00,28527000.00,28527000.00,28527000.00,28527000.00,28527000.00,19018000.00,19018000.00,19018000.00,19018000.00,12679000.00,12679000.00,12679000.00,12679000.00,12679000.00,11816000.00,11816000.00,11816000.00,11816000.00,11816000.00,11816000.00,11816000.00,11816000.00,11816000.00,11816000.00,11816000.00,11816000.00,11816000.00,11816000.00,11816000.00,11816000.00,10766000.00,10766000.00,10766000.00,10766000.00,10766000.00,10766000.00,,,6000000.00,,,,
capitalStock,18311000.00,18310000.00,18298000.00,18050000.00,18021000.00,18019000.00,17984000.00,17779000.00,17763000.00,17760000.00,,,,,,,,,,,,,,,,,,,,,,,,,,,,,,,,,,,,,,,,,,,,,,,,,,,,,,,,,,,,,,,,,,,,,,,,,,,,,,,,,,,,,,,,,,,,,,,,,,,,,,,,,
retainedEarnings,82477000.00,90548000.00,87905000.00,79073000.00,88524000.00,107611000.00,116494000.00,98546000.00,85421000.00,64320000.00,34732000.00,1881000.00,1912494000.00,1805869000.00,1740193000.00,2029613000.00,2139353000.00,2101915000.00,2061651000.00,2005344000.00,1945961000.00,1904309000.00,1867895000.00,1819524000.00,1644089000.00,1620699000.00,1586319000.00,1534983000.00,1515318000.00,1487672000.00,1450991000.00,1403120000.00,1383208000.00,1360685000.00,1321808000.00,1274233000.00,1253807000.00,1246029000.00,1239041000.00,1202219000.00,1181149000.00,1161308000.00,1136743000.00,1087032000.00,1051687000.00,1023888000.00,988785000.00,918699000.00,889248000.00,862186000.00,852428000.00,809084000.00,779349000.00,754146000.00,730688000.00,694689000.00,670601000.00,646888000.00,620061000.00,585827000.00,565660000.00,545434000.00,523005000.00,499109000.00,484486000.00,469380000.00,450535000.00,424991000.00,406762000.00,390135000.00,370235000.00,349377000.00,335469000.00,327324000.00,311852000.00,294077000.00,280956000.00,280464000.00,265741000.00,252924000.00,243314000.00,241002000.00,232676000.00,223928000.00,216260000.00,209538000.00,197321000.00,197321000.00,195719000.00,197680000.00,193111000.00,185782000.00,179832000.00,173124000.00,166591000.00,159313000.00,153472000.00,147364000.00,141190000.00,134511000.00,129188000.00,124282000.00,119150000.00,113864000.00,109597000.00,104792000.00,100538000.00,96226000.00,93100000.00,89300000.00,86400000.00,86400000.00,83400000.00,80200000.00,77200000.00
otherLiab,,,,,165939000.00,168248000.00,154768000.00,158595000.00,143928000.00,137455000.00,130161000.00,131495000.00,321236000.00,323815000.00,302319000.00,205117000.00,376181000.00,368971000.00,362834000.00,348079000.00,319656000.00,330233000.00,103685000.00,100472000.00,93657000.00,94185000.00,95660000.00,62427000.00,62901000.00,57645000.00,61642000.00,69233000.00,55586000.00,55862000.00,59782000.00,61069000.00,51461000.00,28400000.00,41721000.00,45241000.00,39519000.00,39853000.00,42639000.00,46022000.00,39664000.00,46372000.00,47392000.00,44571000.00,82204000.00,76803000.00,37065000.00,40213000.00,32936000.00,32136000.00,33470000.00,38198000.00,29943000.00,31378000.00,33224000.00,33435000.00,28739000.00,30648000.00,30676000.00,29772000.00,26770000.00,29055000.00,30201000.00,27101000.00,25360000.00,23272000.00,23975000.00,23458000.00,19223000.00,17714000.00,18225000.00,19070000.00,15111000.00,15682000.00,16307000.00,15737000.00,14443000.00,14646000.00,15265000.00,14756000.00,13580000.00,13895000.00,14055000.00,12810000.00,12808000.00,13388000.00,12669000.00,10994000.00,33311000.00,11260000.00,10911000.00,,,,,,,,,,,,,,,,,,,,
goodWill,55750000.00,55750000.00,55750000.00,54710000.00,51683000.00,75242000.00,13022000.00,13134000.00,13162000.00,8482000.00,8468000.00,7569000.00,2645000.00,288801000.00,288801000.00,447781000.00,735782000.00,736202000.00,734558000.00,733170000.00,703437000.00,626692000.00,625706000.00,622948000.00,618171000.00,527924000.00,526641000.00,526723000.00,528634000.00,524832000.00,524687000.00,539475000.00,536121000.00,533020000.00,529806000.00,530670000.00,515478000.00,516570000.00,238298000.00,239181000.00,239094000.00,235048000.00,234749000.00,234195000.00,232682000.00,230495000.00,222293000.00,219342000.00,217745000.00,198806000.00,199281000.00,202379000.00,202493000.00,200679000.00,197309000.00,194376000.00,194095000.00,192027000.00,187662000.00,185965000.00,160838000.00,162602000.00,150641000.00,143282000.00,135407000.00,121563000.00,116225000.00,115436000.00,111364000.00,105867000.00,103027000.00,,,,,,,,,55485000.00,52069000.00,29630000.00,27885000.00,25985000.00,24337000.00,22537000.00,22273000.00,22096000.00,,,,,,,,,,,,,,,,,,,,,,,,,,,
otherAssets,234815000.00,254671000.00,771299000.00,708939000.00,730202000.00,753344000.00,1752734000.00,2031377000.00,1371250000.00,1288993000.00,25491000.00,27097000.00,12625000.00,1133347000.00,1293058000.00,26882000.00,1303345000.00,17753000.00,1318534000.00,1336192000.00,1214290000.00,1158595000.00,900096000.00,903854000.00,905348000.00,803427000.00,804055000.00,808054000.00,855875000.00,854352000.00,886578000.00,878525000.00,883375000.00,885015000.00,878903000.00,894057000.00,905294000.00,934599000.00,339574000.00,371133000.00,390962000.00,364694000.00,343948000.00,346091000.00,412281000.00,462340000.00,411143000.00,322123000.00,355511000.00,299140000.00,257504000.00,340992000.00,317964000.00,264815000.00,255001000.00,235658000.00,246463000.00,248494000.00,246721000.00,260864000.00,271772000.00,206659000.00,186757000.00,185412000.00,180506000.00,162443000.00,147323000.00,144861000.00,146409000.00,141571000.00,129381000.00,124039000.00,125123000.00,119744000.00,110649000.00,125002000.00,95683000.00,90428000.00,85432000.00,81722000.00,78437000.00,55083000.00,53081000.00,52198000.00,24337000.00,36201000.00,22273000.00,22096000.00,34152000.00,34126000.00,27595000.00,25760000.00,25006000.00,18316000.00,16232000.00,,,,,,,,,,,,,,,,900000.00,,,,
cash,39313000.00,38369000.00,44267000.00,27716000.00,37779000.00,28249000.00,13518000.00,22832000.00,14846000.00,47979000.00,61064000.00,76123000.00,432862000.00,313057000.00,551017000.00,48773000.00,150261000.00,100242000.00,124154000.00,15278000.00,34986000.00,94323000.00,189410000.00,51037000.00,126253000.00,260335000.00,348490000.00,308561000.00,319486000.00,242239000.00,118905000.00,14942000.00,66912000.00,91144000.00,129837000.00,3549000.00,10401000.00,17571000.00,290680000.00,231091000.00,309244000.00,210665000.00,209957000.00,129534000.00,155644000.00,109612000.00,234135000.00,176257000.00,218943000.00,176379000.00,196217000.00,72022000.00,100067000.00,85337000.00,112667000.00,109685000.00,88085000.00,83279000.00,5937000.00,7376000.00,6579000.00,5990000.00,7092000.00,5249000.00,9723000.00,10600000.00,9420000.00,8807000.00,54681000.00,24293000.00,6179000.00,6973000.00,6753000.00,4808000.00,4473000.00,5865000.00,150000.00,95000.00,95000.00,95000.00,5456000.00,10458000.00,4777000.00,96000.00,20422000.00,99000.00,93000.00,93000.00,99000.00,97000.00,94000.00,95000.00,90000.00,91000.00,96000.00,99000.00,98000.00,90000.00,92000.00,95000.00,98000.00,99000.00,95000.00,96000.00,98000.00,96000.00,91000.00,84000.00,100000.00,100000.00,100000.00,100000.00,100000.00,100000.00,100000.00
cashAndEquivalents,39313000.00,38369000.00,44267000.00,27716000.00,37779000.00,28249000.00,13518000.00,22832000.00,14846000.00,47979000.00,,,,,,,,,,,,,,,,,,,,,,,,,,,,,,,,,,,,,,,,,,,,,,,,,,,,,,,,,,,,,,,,,,,,,,,,,,,,,,,,,,,,,,,,,,,,,,,,,,,,,,,,,
totalCurrentLiabilities,321244000.00,331794000.00,317227000.00,337239000.00,323195000.00,311128000.00,298905000.00,310959000.00,314565000.00,288459000.00,267957000.00,299742000.00,302747000.00,249182000.00,400762000.00,268288000.00,254234000.00,226913000.00,246779000.00,349661000.00,290942000.00,243147000.00,259476000.00,372090000.00,394247000.00,250727000.00,275841000.00,412422000.00,263657000.00,234803000.00,244491000.00,314387000.00,279801000.00,288760000.00,312236000.00,309462000.00,294104000.00,305057000.00,298620000.00,286764000.00,252418000.00,223973000.00,227466000.00,238810000.00,535429000.00,537506000.00,609751000.00,604806000.00,533380000.00,471829000.00,489802000.00,440652000.00,360158000.00,306125000.00,358771000.00,340954000.00,314082000.00,308604000.00,319688000.00,356909000.00,247573000.00,231178000.00,247210000.00,224192000.00,227595000.00,217254000.00,234800000.00,215516000.00,213566000.00,189857000.00,195785000.00,188713000.00,191881000.00,89743000.00,118718000.00,93565000.00,102254000.00,86249000.00,95788000.00,83854000.00,65457000.00,52649000.00,64954000.00,64131000.00,60507000.00,52991000.00,65344000.00,65344000.00,59890000.00,25471000.00,34367000.00,34693000.00,42525000.00,27782000.00,39528000.00,36941000.00,33669000.00,38538000.00,38731000.00,33461000.00,32716000.00,28439000.00,32892000.00,31071000.00,25637000.00,22495000.00,24923000.00,90768000.00,22200000.00,26100000.00,30100000.00,30100000.00,18000000.00,20800000.00,19100000.00
currentDeferredRevenue,67844000.00,70943000.00,74828000.00,73196000.00,75594000.00,74504000.00,56203000.00,66289000.00,55361000.00,58180000.00,58819000.00,68894000.00,49711000.00,,,47692000.00,,,,,,,,,,,,,,,,,,,,,,,,,,,,,39664000.00,46372000.00,47392000.00,44571000.00,40704000.00,35303000.00,37065000.00,,,,,,,,,,,,,,,,,,,,,,,,,,,,,,,,,,,,,,,,,,,,,,,,,,,,,,,,,7140000.00,,,,,,,
netDebt,645211000.00,650676000.00,673184000.00,711098000.00,732732000.00,778212000.00,304466000.00,297002000.00,276904000.00,214313000.00,195859000.00,203666000.00,141613000.00,308449000.00,452243000.00,628064000.00,571289000.00,634514000.00,690691000.00,409474000.00,262354000.00,178618000.00,169109000.00,317761000.00,246438000.00,140778000.00,136226000.00,189268000.00,176684000.00,251268000.00,399136000.00,595508000.00,427249000.00,403714000.00,390831000.00,602533000.00,546836000.00,595092000.00,-148627000.00,-88387000.00,-168143000.00,-69317000.00,-68450000.00,11994000.00,85829000.00,200851000.00,37994000.00,75664000.00,1835000.00,-102326000.00,-154754000.00,-30232000.00,-57955000.00,-30909000.00,-56107000.00,-54641000.00,-32747000.00,-2166000.00,72908000.00,107441000.00,146861000.00,208197000.00,174867000.00,180583000.00,142768000.00,112548000.00,108782000.00,121167000.00,60801000.00,102294000.00,194432000.00,204900000.00,168289000.00,142829000.00,80428000.00,110790000.00,108647000.00,90862000.00,76347000.00,79475000.00,60336000.00,55425000.00,61154000.00,73169000.00,45021000.00,37454000.00,77620000.00,77620000.00,77343000.00,101587000.00,99056000.00,104674000.00,83344000.00,82967000.00,70904000.00,72661000.00,67731000.00,62815000.00,47358000.00,51632000.00,51854000.00,53748000.00,74668000.00,76390000.00,51570000.00,55136000.00,48246000.00,55281000.00,54900000.00,45000000.00,37400000.00,37400000.00,38700000.00,40000000.00,43100000.00
shortTermDebt,0.00,-108314000.00,0.00,0.00,0.00,0.00,0.00,10000000.00,0.00,0.00,338000.00,-146282000.00,285123000.00,285801000.00,646069000.00,81216000.00,347107000.00,347767000.00,408286000.00,424752000.00,297340000.00,272941000.00,358519000.00,368798000.00,372691000.00,401113000.00,484716000.00,497829000.00,496170000.00,493507000.00,518041000.00,610450000.00,494161000.00,494858000.00,520668000.00,606082000.00,557237000.00,612663000.00,142053000.00,142704000.00,141101000.00,141348000.00,141507000.00,141528000.00,99859000.00,156758000.00,118568000.00,98132000.00,66984000.00,32922000.00,41463000.00,41790000.00,42112000.00,54428000.00,,,,,,,,,,,,,,,,,,,,,,,,,,,,,,,,,,,,,,,,,,,,,,,,,,,,,,,,,,,,,
shortLongTermDebt,,,,,,,,10000000.00,,,,,,,,81216000.00,,,,81228000.00,,272941000.00,358519000.00,97192000.00,372691000.00,401113000.00,484716000.00,497829000.00,496170000.00,493507000.00,,606746000.00,,,,606082000.00,,,,,,,,,,,,,,,,,,,,,,,,,,,,,,,,,,,,,,,,,,,,,,,,,,,,,,,,,,,,,,,,,,,,,,,,,,,,,,,
shortLongTermDebtTotal,684524000.00,689045000.00,717451000.00,738814000.00,770511000.00,806461000.00,317984000.00,319834000.00,291750000.00,262292000.00,256923000.00,279789000.00,574475000.00,621506000.00,1003260000.00,676837000.00,721550000.00,734756000.00,814845000.00,424752000.00,297340000.00,272941000.00,358519000.00,368798000.00,372691000.00,401113000.00,484716000.00,497829000.00,496170000.00,493507000.00,518041000.00,610450000.00,494161000.00,494858000.00,520668000.00,606082000.00,557237000.00,612663000.00,142053000.00,142704000.00,141101000.00,141348000.00,141507000.00,141528000.00,241473000.00,310463000.00,272129000.00,251921000.00,220778000.00,74053000.00,41463000.00,41790000.00,42112000.00,54428000.00,56560000.00,55044000.00,55338000.00,81113000.00,78845000.00,114817000.00,153440000.00,214187000.00,181959000.00,185832000.00,152491000.00,123148000.00,118202000.00,129974000.00,115482000.00,126587000.00,200611000.00,211873000.00,175042000.00,147637000.00,84901000.00,116655000.00,108797000.00,90957000.00,76442000.00,79570000.00,65792000.00,65883000.00,65931000.00,73265000.00,65443000.00,37553000.00,77713000.00,77713000.00,77442000.00,101684000.00,99150000.00,104769000.00,83434000.00,83058000.00,71000000.00,72760000.00,67829000.00,62905000.00,47450000.00,51727000.00,51952000.00,53847000.00,74763000.00,76486000.00,51668000.00,55232000.00,48337000.00,55365000.00,55000000.00,45100000.00,37500000.00,37500000.00,38800000.00,40100000.00,43200000.00
otherStockholderEquity,599363000.00,601919000.00,599762000.00,599675000.00,598629000.00,595491000.00,596777000.00,602580000.00,619050000.00,651885000.00,687611000.00,692691000.00,-1244000.00,-3706000.00,-21251000.00,-19000.00,-5919000.00,3250000.00,-1769000.00,-5725000.00,45291000.00,57274000.00,94579000.00,105727000.00,125684000.00,111826000.00,103752000.00,132301000.00,126126000.00,151243000.00,150496000.00,140874000.00,134640000.00,131415000.00,127807000.00,119977000.00,116787000.00,108611000.00,98078000.00,90272000.00,207181000.00,195057000.00,186523000.00,177633000.00,-4630000.00,10592000.00,18932000.00,167204000.00,3747000.00,93571000.00,119689000.00,257367000.00,143214000.00,148790000.00,148862000.00,284335000.00,160807000.00,159220000.00,150074000.00,253735000.00,238586000.00,233951000.00,232567000.00,238686000.00,233695000.00,232624000.00,231049000.00,229554000.00,219890000.00,217970000.00,134320000.00,127390000.00,116642000.00,115036000.00,114155000.00,113805000.00,103903000.00,103512000.00,106009000.00,100672000.00,92768000.00,91205000.00,89726000.00,89277000.00,82575000.00,82805000.00,49981000.00,,139552000.00,134891000.00,125435000.00,47389000.00,120446000.00,113937000.00,108608000.00,144589000.00,107752000.00,101549000.00,101760000.00,135344000.00,111032000.00,109098000.00,65040000.00,61325000.00,59359000.00,55298000.00,61518000.00,60875000.00,64100000.00,64300000.00,53100000.00,,58500000.00,58600000.00,59200000.00
propertyPlantEquipment,1337543000.00,1367725000.00,1388771000.00,1421202000.00,722165000.00,723734000.00,519076000.00,509020000.00,471871000.00,446383000.00,437941000.00,391221000.00,1677943000.00,507890000.00,535736000.00,462383000.00,230347000.00,233073000.00,228864000.00,229492000.00,216337000.00,206984000.00,207415000.00,207687000.00,205456000.00,200842000.00,204447000.00,211271000.00,213163000.00,214623000.00,220508000.00,225836000.00,212217000.00,211886000.00,220567000.00,219417000.00,231346000.00,233140000.00,237221000.00,247133000.00,238135000.00,238930000.00,241452000.00,241702000.00,237332000.00,237337000.00,237970000.00,236504000.00,230726000.00,225884000.00,218930000.00,216761000.00,219665000.00,211638000.00,940920000.00,910018000.00,873977000.00,877887000.00,920101000.00,905517000.00,842762000.00,928791000.00,903964000.00,870490000.00,841213000.00,809281000.00,813793000.00,782443000.00,698058000.00,706422000.00,703507000.00,684691000.00,610831000.00,589788000.00,552441000.00,536685000.00,511513000.00,487227000.00,465494000.00,442597000.00,412978000.00,404271000.00,407084000.00,404381000.00,362827000.00,343873000.00,336938000.00,336214000.00,335931000.00,333302000.00,334673000.00,330887000.00,311124000.00,293688000.00,284855000.00,,,,,,,,,,,,,,,,,,,,
totalCurrentAssets,805571000.00,808235000.00,831170000.00,861382000.00,918671000.00,945513000.00,833957000.00,914016000.00,848565000.00,840368000.00,830913000.00,898336000.00,1199713000.00,1716400000.00,2115564000.00,938876000.00,1687494000.00,1628447000.00,1655735000.00,1602508000.00,1512872000.00,1523694000.00,1597785000.00,1567556000.00,1473232000.00,1533663000.00,1603292000.00,1584758000.00,1533450000.00,1520018000.00,1513229000.00,1595426000.00,1285815000.00,1301923000.00,1349103000.00,1387975000.00,1212365000.00,1206358000.00,1282755000.00,1240776000.00,1336151000.00,1310749000.00,1298055000.00,1256249000.00,1231683000.00,1240516000.00,1297977000.00,1224136000.00,1159474000.00,1075247000.00,1084080000.00,956168000.00,878319000.00,876762000.00,924775000.00,858182000.00,798676000.00,801568000.00,757723000.00,747975000.00,685493000.00,743278000.00,717555000.00,680726000.00,670020000.00,712619000.00,693957000.00,664451000.00,650119000.00,627448000.00,618882000.00,600717000.00,527308000.00,508290000.00,41247000.00,464168000.00,438495000.00,415318000.00,398941000.00,373986000.00,350409000.00,349047000.00,350458000.00,344356000.00,325514000.00,286634000.00,284436000.00,284436000.00,23573000.00,22453000.00,23496000.00,23732000.00,25526000.00,23526000.00,25060000.00,21129000.00,18210000.00,17630000.00,15354000.00,16321000.00,14802000.00,16021000.00,14266000.00,11890000.00,11586000.00,10919000.00,11095000.00,10575000.00,10000000.00,9500000.00,8200000.00,,8700000.00,8700000.00,8500000.00
longTermInvestments,,,,,,,,,,,,,,,,,,,,,,,20466000.00,20385000.00,,,,20519000.00,,,,22226000.00,,,,21311000.00,,,,,,,,,,,,,,,,,,,,,,,,,,,,,,,,,,,,,,,,,,,,,,,,,,,,,,,,,,,,,,,,,,,,,,,,,,,,,,,
netTangibleAssets,,,,,530778000.00,535013000.00,713598000.00,699937000.00,702687000.00,719189000.00,723440000.00,647425000.00,1177868000.00,1056294000.00,974544000.00,325591000.00,933657000.00,906290000.00,862391000.00,798938000.00,829195000.00,893608000.00,899146000.00,869505000.00,710760000.00,779108000.00,732872000.00,707203000.00,673267000.00,673705000.00,625000000.00,551231000.00,528054000.00,498949000.00,454482000.00,395380000.00,371688000.00,346526000.00,937773000.00,897247000.00,997105000.00,976152000.00,948946000.00,895905000.00,853086000.00,842316000.00,824802000.00,751146000.00,757989000.00,840744000.00,814671000.00,773206000.00,761001000.00,742714000.00,,,,,,,,,,,,,,,,,,,,,,,,,,,,,,,,,,,,,,,,,,,,,,,,,,,,,,,,,,,,,
shortTermInvestments,,,,,,,,,,,,,,,,,,,,,0.00,0.00,20466000.00,20385000.00,22893000.00,22252000.00,21439000.00,20519000.00,20948000.00,20863000.00,22108000.00,22226000.00,22334000.00,22758000.00,20724000.00,21311000.00,21704000.00,92926000.00,106441000.00,112391000.00,106677000.00,93409000.00,91910000.00,85861000.00,99859000.00,156758000.00,118568000.00,98132000.00,66984000.00,32922000.00,0.00,0.00,0.00,0.00,,,,,,,,,,,,,,,,,,,,,,,,,,,,,,,,,,,,,,,,,,,,,,,,,,,,,,,,,,,,,
netReceivables,34613000.00,40418000.00,34095000.00,43907000.00,45833000.00,47751000.00,29641000.00,33030000.00,33936000.00,28369000.00,28721000.00,35083000.00,37658000.00,196290000.00,211347000.00,43006000.00,181151000.00,167152000.00,170002000.00,203460000.00,200097000.00,209778000.00,195012000.00,286022000.00,199743000.00,181194000.00,185974000.00,192465000.00,183937000.00,181735000.00,198435000.00,378408000.00,98221000.00,105771000.00,112399000.00,231478000.00,89821000.00,79480000.00,60863000.00,68684000.00,59698000.00,58473000.00,67184000.00,74157000.00,67573000.00,69522000.00,88851000.00,87471000.00,71263000.00,62212000.00,65615000.00,69662000.00,61556000.00,53952000.00,65141000.00,66095000.00,52498000.00,47795000.00,59385000.00,59513000.00,48470000.00,49543000.00,53189000.00,52025000.00,46065000.00,41607000.00,46721000.00,43495000.00,41341000.00,34964000.00,43563000.00,42812000.00,43623000.00,32871000.00,36774000.00,32736000.00,32561000.00,29132000.00,33165000.00,30878000.00,25475000.00,24814000.00,26811000.00,26973000.00,23937000.00,21556000.00,25411000.00,25411000.00,23474000.00,22356000.00,23402000.00,23637000.00,25436000.00,23435000.00,24964000.00,21030000.00,18112000.00,17540000.00,15262000.00,16226000.00,14704000.00,15922000.00,14171000.00,11794000.00,11488000.00,10823000.00,11004000.00,10491000.00,9900000.00,9400000.00,8100000.00,8100000.00,8600000.00,8600000.00,8400000.00
longTermDebt,187457000.00,186063000.00,217738000.00,242413000.00,273961000.00,310332000.00,0.00,10000000.00,0.00,0.00,338000.00,831000.00,285123000.00,285801000.00,646069000.00,338360000.00,347107000.00,347767000.00,408286000.00,338359000.00,297340000.00,272941000.00,358519000.00,271606000.00,372691000.00,401113000.00,484716000.00,351314000.00,496170000.00,493507000.00,518041000.00,453272000.00,460167000.00,460816000.00,489648000.00,493485000.00,498657000.00,502405000.00,114475000.00,115175000.00,114059000.00,139385000.00,113929000.00,139773000.00,141614000.00,153705000.00,153561000.00,153789000.00,140491000.00,27810000.00,28124000.00,28451000.00,28794000.00,41131000.00,41463000.00,41853000.00,55338000.00,81113000.00,78845000.00,55961000.00,153440000.00,214187000.00,181959000.00,79131000.00,152491000.00,123148000.00,118202000.00,118067000.00,115482000.00,126587000.00,200611000.00,191226000.00,175042000.00,147637000.00,84901000.00,106064000.00,108797000.00,90957000.00,76442000.00,65308000.00,65792000.00,65883000.00,65931000.00,72988000.00,65443000.00,37553000.00,54612000.00,77713000.00,77442000.00,101684000.00,99150000.00,104769000.00,83434000.00,83058000.00,71000000.00,,,,,,,,,,,,,,,,,,,,
inventory,707734000.00,729448000.00,752808000.00,789759000.00,811541000.00,852921000.00,769018000.00,772154000.00,775012000.00,737305000.00,705536000.00,697235000.00,661522000.00,1119640000.00,1277573000.00,781598000.00,1281872000.00,1292724000.00,1301066000.00,1318470000.00,1196812000.00,1137428000.00,1132096000.00,1152135000.00,1048269000.00,994236000.00,984555000.00,999381000.00,957981000.00,1027635000.00,1102233000.00,1138938000.00,1052615000.00,1038133000.00,1048279000.00,1087032000.00,1036407000.00,1038148000.00,871861000.00,869725000.00,898413000.00,965909000.00,961690000.00,964067000.00,908607000.00,904624000.00,856423000.00,862276000.00,802284000.00,803734000.00,822248000.00,814484000.00,716696000.00,737473000.00,746967000.00,682402000.00,658093000.00,670494000.00,692401000.00,681086000.00,630444000.00,687745000.00,657274000.00,623452000.00,614232000.00,619532000.00,637816000.00,612149000.00,554097000.00,568191000.00,569140000.00,550932000.00,476932000.00,,,,,,,,,,,,,,,,,,,,,,,,,,,,,,,,,,,,,,,,,,
accountsPayable,107106000.00,108314000.00,96096000.00,106966000.00,91312000.00,79319000.00,83865000.00,83118000.00,76876000.00,63983000.00,32825000.00,230848000.00,72157000.00,56680000.00,48172000.00,80173000.00,72190000.00,57414000.00,71751000.00,88369000.00,98460000.00,62314000.00,68419000.00,80821000.00,90409000.00,54663000.00,52063000.00,71941000.00,263657000.00,234803000.00,244491000.00,300356000.00,268521000.00,271260000.00,288456000.00,270421000.00,266904000.00,276657000.00,270220000.00,243910000.00,224018000.00,223973000.00,227466000.00,225532000.00,250739000.00,222401000.00,277844000.00,231553000.00,219114000.00,177850000.00,202278000.00,213139000.00,173841000.00,163691000.00,205876000.00,177284000.00,141071000.00,143207000.00,162341000.00,173926000.00,126455000.00,128909000.00,154498000.00,141030000.00,135465000.00,115721000.00,136784000.00,121018000.00,117991000.00,99117000.00,121696000.00,112817000.00,97376000.00,89743000.00,118718000.00,93565000.00,86497000.00,86249000.00,95788000.00,83854000.00,65457000.00,52649000.00,64954000.00,64131000.00,60507000.00,52991000.00,65344000.00,65344000.00,59890000.00,25471000.00,34367000.00,34693000.00,42525000.00,27782000.00,39528000.00,36941000.00,33669000.00,38538000.00,38731000.00,33461000.00,32716000.00,28439000.00,32892000.00,31071000.00,25637000.00,22495000.00,24923000.00,24999000.00,22200000.00,26100000.00,19000000.00,,18000000.00,18900000.00,19100000.00
totalPermanentEquity,,,,,,,,,,,,,,,,,,,,,0.00,0.00,0.00,0.00,0.00,0.00,0.00,0.00,0.00,0.00,0.00,0.00,0.00,0.00,0.00,0.00,0.00,0.00,0.00,0.00,0.00,0.00,0.00,0.00,0.00,0.00,0.00,0.00,0.00,0.00,0.00,0.00,0.00,0.00,,,,,,,,,,,,,,,,,,,,,,,,,,,,,,,,,,,,,,,,,,,,,,,,,,,,,,,,,,,,,
noncontrollingInterestInConsolidatedEntity,,,,,,,,,,,,,,,,,,,,,0.00,0.00,0.00,0.00,0.00,0.00,0.00,0.00,0.00,0.00,0.00,0.00,0.00,0.00,0.00,0.00,0.00,0.00,0.00,0.00,0.00,0.00,0.00,0.00,0.00,0.00,0.00,0.00,0.00,0.00,0.00,0.00,0.00,0.00,,,,,,,,,,,,,,,,,,,,,,,,,,,,,,,,,,,,,,,,,,,,,,,,,,,,,,,,,,,,,
temporaryEquityRedeemableNoncontrollingInterests,,,,,,,,,,,,,,,,,,,,,0.00,0.00,0.00,0.00,0.00,0.00,0.00,0.00,0.00,0.00,0.00,0.00,0.00,0.00,0.00,0.00,0.00,0.00,0.00,0.00,0.00,0.00,0.00,0.00,0.00,0.00,0.00,0.00,0.00,0.00,0.00,0.00,0.00,0.00,,,,,,,,,,,,,,,,,,,,,,,,,,,,,,,,,,,,,,,,,,,,,,,,,,,,,,,,,,,,,
accumulatedOtherComprehensiveIncome,527000.00,-197000.00,-2062000.00,-1396000.00,-1454000.00,-608000.00,-347000.00,-739000.00,-704000.00,-450000.00,-670000.00,-797000.00,-1244000.00,-326340000.00,-317704000.00,-19000.00,-311155000.00,-300983000.00,-291750000.00,-284287000.00,-273122000.00,-262146000.00,-251658000.00,-242623000.00,-241193000.00,-235828000.00,-235254000.00,-231062000.00,-229724000.00,-224643000.00,-228941000.00,-222752000.00,-219862000.00,-220387000.00,-220194000.00,-216065000.00,-214724000.00,-211228000.00,-203480000.00,-197904000.00,-193300000.00,-186213000.00,-179762000.00,-173915000.00,0.00,0.00,0.00,-154725000.00,0.00,0.00,0.00,-132410000.00,0.00,0.00,,-122016000.00,,,-108270000.00,-108270000.00,-94667000.00,-94667000.00,-94667000.00,-94667000.00,-77782000.00,-77782000.00,-77782000.00,-77782000.00,-70823000.00,-70823000.00,-70823000.00,-70823000.00,-61231000.00,-61231000.00,-61231000.00,-61231000.00,-52428000.00,-52428000.00,-52428000.00,-52428000.00,-45339000.00,-45339000.00,-45339000.00,-45339000.00,-39151000.00,-39151000.00,-39151000.00,-39151000.00,-129061000.00,-123863000.00,-115563000.00,-36449000.00,-109708000.00,-104335000.00,-97101000.00,-132000000.00,-95200000.00,-86100000.00,-86100000.00,-112800000.00,-82100000.00,-77900000.00,-72800000.00,-69500000.00,-67577000.00,-63167000.00,-62482000.00,-60532000.00,-57500000.00,-57500000.00,-54400000.00,-54400000.00,-52500000.00,-52500000.00,-51400000.00
additionalPaidInCapital,,,,,,,,,,,,,,,,,,,,,0.00,0.00,0.00,0.00,0.00,0.00,0.00,0.00,0.00,0.00,0.00,0.00,0.00,0.00,0.00,0.00,0.00,0.00,0.00,0.00,0.00,0.00,0.00,0.00,0.00,0.00,0.00,0.00,0.00,0.00,0.00,0.00,0.00,0.00,,,,,,,,,,,,,,,,,,,,,,,,,,,,,,,,,,,,,,,,,,,,,,,,,,,,,,,,,,,,,
commonStockTotalEquity,,,,,,,,,,17760000.00,17715000.00,17550000.00,727129000.00,45376000.00,45376000.00,837800000.00,45376000.00,45376000.00,45376000.00,45376000.00,45376000.00,45376000.00,45376000.00,45376000.00,45376000.00,45376000.00,45376000.00,45376000.00,45376000.00,45376000.00,45376000.00,45376000.00,45376000.00,45376000.00,45376000.00,45376000.00,45376000.00,45376000.00,45376000.00,45376000.00,45376000.00,45376000.00,45376000.00,45376000.00,45376000.00,45376000.00,45376000.00,45376000.00,45376000.00,45376000.00,45376000.00,45376000.00,45376000.00,45376000.00,45378000.00,30252000.00,30252000.00,30252000.00,30252000.00,30252000.00,30252000.00,30252000.00,30252000.00,30252000.00,30252000.00,30252000.00,30252000.00,30252000.00,30252000.00,30252000.00,28527000.00,28527000.00,28527000.00,28527000.00,28527000.00,28527000.00,28527000.00,19018000.00,19018000.00,19018000.00,19018000.00,12679000.00,12679000.00,12679000.00,12679000.00,12679000.00,11816000.00,11816000.00,11816000.00,11816000.00,11816000.00,11816000.00,11816000.00,11816000.00,11816000.00,11816000.00,11816000.00,11816000.00,11816000.00,11816000.00,11816000.00,11816000.00,10766000.00,10766000.00,10766000.00,10766000.00,10766000.00,10766000.00,,,6000000.00,6000000.00,,,
preferredStockTotalEquity,,,,,,,,,,,,,,,,,,,,,0.00,0.00,0.00,0.00,0.00,0.00,0.00,0.00,0.00,0.00,0.00,0.00,0.00,0.00,0.00,0.00,0.00,0.00,0.00,0.00,0.00,0.00,0.00,0.00,0.00,0.00,0.00,0.00,0.00,0.00,0.00,0.00,0.00,0.00,,,,,,,,,,,,,,,,,,,,,,,,,,,,,,,,,,,,,,,,,,,,,,,,,,,,,,,,,,,,,
retainedEarningsTotalEquity,,,,,,,,,,,,,,1805869000.00,1740193000.00,,2139353000.00,2101915000.00,2061651000.00,2005344000.00,1945961000.00,1904309000.00,1867895000.00,1819524000.00,1644089000.00,1620699000.00,1586319000.00,1534983000.00,1515318000.00,1487672000.00,1450991000.00,1403120000.00,1383208000.00,1360685000.00,1321808000.00,1274233000.00,1253807000.00,1246029000.00,1239041000.00,1202219000.00,1181149000.00,1161308000.00,1136743000.00,1087032000.00,1051687000.00,1023888000.00,988785000.00,918699000.00,889248000.00,862186000.00,852428000.00,809084000.00,779349000.00,754146000.00,,,,,,,,,,,,,,,,,,,,,,,,,,,,,,,,,,,,,,,,,,,,,,,,,,,,,,,,,,,,,
treasuryStock,,,,,,,,-121804000.00,-101144000.00,-63628000.00,-24986000.00,-15977000.00,-617362000.00,-619257000.00,-620649000.00,-627940000.00,-600180000.00,-575221000.00,-563583000.00,-567847000.00,-500159000.00,-470909000.00,-422679000.00,-407713000.00,-379599000.00,-380152000.00,-381514000.00,-352742000.00,-353141000.00,-318875000.00,-319271000.00,-321473000.00,-321620000.00,-321870000.00,-322379000.00,-323288000.00,-323582000.00,-325685000.00,-327216000.00,-305750000.00,-209805000.00,-212972000.00,-215373000.00,-216575000.00,-223645000.00,-203544000.00,-194768000.00,-200106000.00,-202831000.00,-113123000.00,-84601000.00,-77641000.00,-57932000.00,-50309000.00,-49420000.00,-49375000.00,-40992000.00,-41083000.00,-44288000.00,-47405000.00,-48870000.00,-51216000.00,-51656000.00,-44474000.00,-31397000.00,-31558000.00,-31881000.00,-32194000.00,-32952000.00,-33313000.00,-33484000.00,-36271000.00,-36863000.00,-37569000.00,-37843000.00,-37919000.00,-38117000.00,-38652000.00,-38876000.00,-40061000.00,-40312000.00,-40841000.00,-41694000.00,-41696000.00,-41696000.00,-41927000.00,-42411000.00,-41062000.00,-41150000.00,-41759000.00,-42713000.00,-42722000.00,-42927000.00,-44138000.00,-42263000.00,,,,,,,,,,,,,,,,,,,,
accumulatedAmortization,,,,,,,,,,,,,,,,,,,,,,,,,,,,,,,,,,,,,,,,,,,,,,,,,,,,,,,,,,,,,,,,,,,,,,,,,,,,,,,,,,,,,,,,,,,,,,,,,,,,,,,,,,,,,,,,,,,
nonCurrrentAssetsOther,64094000.00,110837000.00,77585000.00,80159000.00,62127000.00,66005000.00,68006000.00,61805000.00,70119000.00,55450000.00,43794000.00,48043000.00,18206000.00,533571000.00,564495000.00,23443000.00,589367000.00,599722000.00,622353000.00,146982000.00,244159000.00,236495000.00,256622000.00,254620000.00,252664000.00,245590000.00,247959000.00,250671000.00,234111000.00,235486000.00,242616000.00,248062000.00,234551000.00,234644000.00,235242000.00,240728000.00,246005000.00,320867000.00,337233000.00,343684000.00,338029000.00,325087000.00,323837000.00,316459000.00,298446000.00,293011000.00,290137000.00,285605000.00,285689000.00,278457000.00,261856000.00,339693000.00,317888000.00,258641000.00,246726000.00,263698000.00,261622000.00,257605000.00,280053000.00,291834000.00,317705000.00,279556000.00,277618000.00,284354000.00,267254000.00,189749000.00,207075000.00,199719000.00,179006000.00,173935000.00,160721000.00,156713000.00,161781000.00,145004000.00,582443000.00,161246000.00,132806000.00,128850000.00,127286000.00,125821000.00,119868000.00,115949000.00,113410000.00,113307000.00,96688000.00,92558000.00,90664000.00,13382000.00,370083000.00,367428000.00,362268000.00,356647000.00,336130000.00,312004000.00,301087000.00,297279000.00,279436000.00,273916000.00,261013000.00,255853000.00,258487000.00,250489000.00,233796000.00,227492000.00,189768000.00,185758000.00,184245000.00,187528000.00,177200000.00,170700000.00,-149600000.00,,147000000.00,148700000.00,149000000.00
deferredLongTermAssetCharges,,,,,,,,,,,,,,,,,,,,,,,,,,,,,,,,,,,,,,,,,,,,,,,,,,,,,,,,,,,,,,,,,,,,,,,,,,,,,,,,,,,,,,,,,,,,,,,,,,,,,,,,,,,,,,,,,,,
nonCurrentAssetsTotal,984352000.00,1010985000.00,994930000.00,997081000.00,969100000.00,986333000.00,612405000.00,527249000.00,567847000.00,523173000.00,504697000.00,455121000.00,477034000.00,999302000.00,1037391000.00,1001455000.00,1532126000.00,1551751000.00,1582231000.00,1224184000.00,1186026000.00,1095256000.00,1121224000.00,1124708000.00,1121772000.00,1014467000.00,1021192000.00,1030978000.00,1017940000.00,1021429000.00,1035538000.00,1063449000.00,1049859000.00,1052784000.00,1055557000.00,1068869000.00,1075563000.00,1163129000.00,578475000.00,586400000.00,581330000.00,564463000.00,563771000.00,556680000.00,537793000.00,530551000.00,518428000.00,511013000.00,507571000.00,480346000.00,464678000.00,545904000.00,524826000.00,464239000.00,448954000.00,463274000.00,462347000.00,455887000.00,474421000.00,485295000.00,484090000.00,447705000.00,433447000.00,432450000.00,407487000.00,311312000.00,323300000.00,315155000.00,290370000.00,279802000.00,263748000.00,257798000.00,259022000.00,238921000.00,663090000.00,236120000.00,201412000.00,191564000.00,185245000.00,181306000.00,171937000.00,145579000.00,141295000.00,139292000.00,121025000.00,115095000.00,112760000.00,,370083000.00,367428000.00,362268000.00,356647000.00,336130000.00,312004000.00,301087000.00,297279000.00,279436000.00,273916000.00,261013000.00,255853000.00,258487000.00,250489000.00,233796000.00,227492000.00,189768000.00,185758000.00,184245000.00,187528000.00,177200000.00,170700000.00,149600000.00,,147000000.00,148700000.00,149000000.00
capitalLeaseObligations,497067000.00,502982000.00,495338000.00,496401000.00,496550000.00,496129000.00,317984000.00,309834000.00,291750000.00,262292000.00,256585000.00,278958000.00,289352000.00,335705000.00,357191000.00,372056000.00,374443000.00,386989000.00,406559000.00,,,,,,,,,,,,,,,,,,,,,,,,,,,,,,,,,,,,,,,,,,,,,,,,,,,,,,,,,,,,,,,,,,,,,,,,,,,,,,,,,,,,,,,,,,,,,,,,
longTermDebtTotal,165638000.00,181688000.00,217738000.00,218963000.00,254838000.00,310332000.00,0.00,10000000.00,0.00,0.00,338000.00,831000.00,285123000.00,285801000.00,646069000.00,341030000.00,347107000.00,347767000.00,408286000.00,424752000.00,,,,,,,,,,,,,,,,,,,,,,,,,,,,,,,,,,,,,,,,,,,,,,,,,,,,,,,,,,,,,,,,,,,,,,,,,,,,,,,,,,,,,,,,,,,,,,,
nonCurrentLiabilitiesOther,,,,,,,,,,,,,,425140000.00,441742000.00,,453514000.00,467669000.00,490169000.00,80579000.00,71554000.00,72613000.00,,,,,,,,,,,,,,,,,,,,,,,,,,,41500000.00,41500000.00,,,,,,,,,,,,,,,,,,,,,,,,,,,,,,,,,,,,,,,,,,,,,,,,,,,,,,,,,,,,,,,,,
nonCurrentLiabilitiesTotal,768001000.00,776846000.00,804970000.00,825822000.00,860856000.00,900205000.00,416549000.00,412140000.00,380317000.00,341567000.00,328265000.00,342390000.00,648115000.00,945321000.00,1305579000.00,834262000.00,1097731000.00,1103727000.00,1177679000.00,716323000.00,644450000.00,630990000.00,703341000.00,592170000.00,626801000.00,755330000.00,848450000.00,721716000.00,830637000.00,846996000.00,886354000.00,977870000.00,712511000.00,748858000.00,817627000.00,923861000.00,792578000.00,875642000.00,383595000.00,400449000.00,424657000.00,435711000.00,445480000.00,437993000.00,141614000.00,153705000.00,153561000.00,153789000.00,195294000.00,82631000.00,41463000.00,82003000.00,75048000.00,86564000.00,90030000.00,93242000.00,85281000.00,112491000.00,112069000.00,114817000.00,182179000.00,244835000.00,212635000.00,215604000.00,179261000.00,152203000.00,148403000.00,157075000.00,140842000.00,149859000.00,224586000.00,235331000.00,175042000.00,247812000.00,192316000.00,231545000.00,176695000.00,170067000.00,150058000.00,151252000.00,147128000.00,142430000.00,137057000.00,138972000.00,113669000.00,82867000.00,111885000.00,,115740000.00,143886000.00,136598000.00,137148000.00,116745000.00,113206000.00,96705000.00,97749000.00,86137000.00,78379000.00,68970000.00,69842000.00,70637000.00,70775000.00,93014000.00,91856000.00,63572000.00,66493000.00,60077000.00,32139000.00,65300000.00,58000000.00,37500000.00,,48300000.00,50300000.00,53400000.00
negativeGoodwill,,,,,,,,,,,,,,,,,,,,,,,,,,,,,,,,,,,,,,,,,,,,,,,,,,,,,,,,,,,,,,,,,,,,,,,,,,,,,,,,,,,,,,,,,,,,,,,,,,,,,,,,,,,,,,,,,,,
warrants,,,,,,,,,,,,,,,,,,,,,,,,,,,,,,,,,,,,,,,,,,,,,,,,,,,,,,,,,,,,,,,,,,,,,,,,,,,,,,,,,,,,,,,,,,,,,,,,,,,,,,,,,,,,,,,,,,,
preferredStockRedeemable,,,,,,,,,,,,,,,,,,,,,,,,,,,,,,,,,,,,,,,,,,,,,,,,,,,,,,,,,,,,,,,,,,,,,,,,,,,,,,,,,,,,,,,,,,,,,,,,,,,,,,,,,,,,,,,,,,,
capitalSurpluse,747135000.00,744015000.00,741054000.00,738428000.00,735051000.00,731891000.00,727842000.00,724384000.00,720194000.00,715513000.00,712597000.00,708668000.00,299418000.00,290653000.00,283467000.00,290229000.00,283454000.00,277533000.00,270727000.00,278922000.00,272269000.00,266275000.00,265303000.00,270043000.00,263190000.00,256032000.00,250340000.00,254512000.00,249615000.00,245306000.00,240750000.00,240112000.00,236620000.00,232964000.00,230079000.00,227290000.00,225728000.00,223125000.00,221882000.00,198182000.00,223758000.00,221902000.00,222214000.00,220362000.00,217711000.00,214227000.00,212870000.00,212311000.00,206897000.00,205498000.00,203178000.00,201752000.00,200692000.00,199278000.00,,,,,,,,,,,,,,,,,,,,,,,,,,,,,,,,,,,,,,,,,,,,,,,,,,,,,,,,,,,,,
liabilitiesAndStockholdersEquity,1789923000.00,1819220000.00,1826100000.00,1858463000.00,1887771000.00,1931846000.00,1446362000.00,1441265000.00,1416412000.00,1363541000.00,1335610000.00,1353457000.00,1676747000.00,2715702000.00,3152955000.00,1940331000.00,3219620000.00,3180198000.00,3237966000.00,2826692000.00,2698898000.00,2618950000.00,2719009000.00,2692264000.00,2595004000.00,2548130000.00,2624484000.00,2615736000.00,2551390000.00,2541447000.00,2548767000.00,2658875000.00,2335674000.00,2354707000.00,2404660000.00,2456844000.00,2287928000.00,2369487000.00,1861230000.00,1827176000.00,1917481000.00,1875212000.00,1861826000.00,1812929000.00,1769476000.00,1771067000.00,1816405000.00,1735149000.00,1667045000.00,1555593000.00,1548758000.00,1502072000.00,1403145000.00,1341001000.00,1373729000.00,1321456000.00,1261023000.00,1257455000.00,1232144000.00,1233270000.00,1169583000.00,1190983000.00,1151002000.00,1113176000.00,1077507000.00,1023931000.00,1017257000.00,979606000.00,940489000.00,907250000.00,882630000.00,858515000.00,786330000.00,747211000.00,704337000.00,700288000.00,639907000.00,606882000.00,584186000.00,555292000.00,522346000.00,494626000.00,491753000.00,483648000.00,446539000.00,401729000.00,397196000.00,397196000.00,393656000.00,389881000.00,385764000.00,380379000.00,361656000.00,335530000.00,326147000.00,318408000.00,297646000.00,291546000.00,276367000.00,272174000.00,273289000.00,266510000.00,248062000.00,239382000.00,201354000.00,196677000.00,195340000.00,198103000.00,187200000.00,180200000.00,158700000.00,158700000.00,155700000.00,157400000.00,157500000.00
cashAndShortTermInvestments,39313000.00,38369000.00,44267000.00,27716000.00,37779000.00,28249000.00,13518000.00,22832000.00,14846000.00,47979000.00,61064000.00,76123000.00,432862000.00,313057000.00,551017000.00,48773000.00,150261000.00,100242000.00,124154000.00,15278000.00,34986000.00,94323000.00,189410000.00,51037000.00,126253000.00,260335000.00,348490000.00,308561000.00,319486000.00,242239000.00,118905000.00,14942000.00,66912000.00,91144000.00,129837000.00,3549000.00,10401000.00,17571000.00,290680000.00,231091000.00,309244000.00,210665000.00,209957000.00,129534000.00,255503000.00,266370000.00,352703000.00,274389000.00,285927000.00,209301000.00,196217000.00,72022000.00,100067000.00,85337000.00,112667000.00,109685000.00,88085000.00,83279000.00,5937000.00,7376000.00,6579000.00,5990000.00,7092000.00,5249000.00,9723000.00,10600000.00,9420000.00,8807000.00,54681000.00,24293000.00,6179000.00,6973000.00,6753000.00,4808000.00,4473000.00,5865000.00,150000.00,95000.00,95000.00,95000.00,5456000.00,10458000.00,4777000.00,96000.00,20422000.00,99000.00,93000.00,,99000.00,97000.00,94000.00,95000.00,90000.00,91000.00,96000.00,99000.00,98000.00,90000.00,92000.00,95000.00,98000.00,99000.00,95000.00,96000.00,98000.00,96000.00,91000.00,84000.00,100000.00,100000.00,100000.00,,100000.00,100000.00,100000.00
propertyPlantAndEquipmentGross,,,,,,,,,,446383000.00,437941000.00,438455000.00,443242000.00,,,512558000.00,,,,,,,,,,,,,,,,,,,,,,,,,,,,,,,,,,,,,,,,,,,,,,,,,,,,,,,,,,,,,,,,,,,,,,,,,,,,,,,,,,,,,,,,,,,,,,,145800000.00,145800000.00,,,
propertyPlantAndEquipmentNet,729216000.00,731129000.00,722299000.00,727407000.00,722165000.00,723734000.00,519076000.00,509020000.00,471871000.00,446383000.00,437941000.00,438455000.00,443242000.00,,,512558000.00,,,,,,,,,,,,,,,,,,,,,,,,,,,,,,,,,,,,,,,,,,,,,,,,,,,,,,,,,,,,,,,,,,,,,,,,,,,,,,,,,,,,,,,,,,,,,,,145800000.00,,,,
accumulatedDepreciation,,,,,,,,,,,,,,,,,,,,,,,,,,,,,,,,,,,,,,,,,,,,,,,,,,,,,,,,,,,,,,,,,,,,,,,,,,,,,,,,,,,,,,,,,,,,,,,,,,,,,,,,,,,,,,,,,,,
netWorkingCapital,484327000.00,476441000.00,513943000.00,546218000.00,595476000.00,634385000.00,535052000.00,523258000.00,534000000.00,551909000.00,562956000.00,543537000.00,896966000.00,,,,,,,,,,,,,,,,,,,,,,,,,,,,,,,,,,,,,,,,,,,,,,,,,,,,,,,,,,,,,,,,,,,,,,,,,,,,,,,,,,,,,,,,,,,,,,,,,,,,,,
netInvestedCapital,888135000.00,896643000.00,926016000.00,937815000.00,977681000.00,1030845000.00,730908000.00,728166000.00,721530000.00,733515000.00,739726000.00,711325000.00,1011008000.00,,,,,,,,,,,,,,,,,,,,,,,,,,,,,,,,,,,,,,,,,,,,,,,,,,,,,,,,,,,,,,,,,,,,,,,,,,,,,,,,,,,,,,,,,,,,,,,,,,,,,,
commonStockSharesOutstanding,30880000.00,31307000.00,31239000.00,30763000.00,30875000.00,30827000.00,31760000.00,32256000.00,33188000.00,34561000.00,34919000.00,34901000.00,33778509.00,33778509.00,33778509.00,33778509.00,68652000.00,68793000.00,68773000.00,69408000.00,70139000.00,70837000.00,72018000.00,72018000.00,72095000.00,71697000.00,72386000.00,72386000.00,73199000.00,73279000.00,73217000.00,73274000.00,73076000.00,72965000.00,72855000.00,72753000.00,72660000.00,72598000.00,72884000.00,75752000.00,76676000.00,76589000.00,76574000.00,76402000.00,76918000.00,76979000.00,77032000.00,75971000.00,78340000.00,80899000.00,81096000.00,80089000.00,81695000.00,82309000.00,82148000.00,81399000.00,82050000.00,82074000.00,81549000.00,80647500.00,81328500.00,81114000.00,81234000.00,80238000.00,82573500.00,82597500.00,82488000.00,81241500.00,82150500.00,79057500.00,76627500.00,75277500.00,76266000.00,76161000.00,76120500.00,74650500.00,76021500.00,75786750.00,75388500.00,73986750.00,75204000.00,74442375.00,74054250.00,73186875.00,74182500.00,70068375.00,67203000.00,67203000.00,67361625.00,67975875.00,67749750.00,67061250.00,67290750.00,67179375.00,67807125.00,67162500.00,68757600.00,68932924.00,68929554.00,68157450.00,72516964.00,70375981.00,65638843.00,63942915.00,65908573.00,65554554.00,67381977.00,67381977.00,67432479.00,65746589.00,67700000.00,67700000.00,67432778.00,65449353.00,65449353.00
investments,-25623000.00,-18627000.00,-18060000.00,-19847000.00,177000.00,778000.00,-17063000.00,-23820000.00,-24309000.00,-13821000.00,1974000.00,-30635000.00,-32354000.00,-697000.00,-7041000.00,-23084000.00,-7102000.00,-1775000.00,-11000.00,-2957000.00,-3648000.00,-2184000.00,1203000.00,-5630000.00,-6594000.00,-4345000.00,-1741000.00,-3980000.00,-2914000.00,-1193000.00,-71000.00,3511000.00,,,,89993000.00,70179000.00,13995000.00,5819000.00,-5487000.00,-12350000.00,-1665000.00,-7413000.00,13678000.00,56904000.00,-39106000.00,-20358000.00,-31860000.00,-34511000.00,-33079000.00,,,,,,,,,,,,,,,,,,,,,,,,,,,,,,,,,,,,,,,,,,,,,,,,,,,,,,,,,,,,,,,,,
changeToLiabilities,,,,,10327000.00,-34755000.00,846000.00,-16308000.00,25665000.00,18815000.00,-21563000.00,29516000.00,68564000.00,23871000.00,-43584000.00,16855000.00,27227000.00,-19611000.00,-1854000.00,-28365000.00,44163000.00,-18373000.00,-17792000.00,-18161000.00,36118000.00,-30863000.00,14485000.00,-9803000.00,32694000.00,-13860000.00,-70032000.00,32032000.00,-10256000.00,-31393000.00,20120000.00,7403000.00,10403000.00,-48355000.00,22200000.00,25113000.00,26354000.00,-6783000.00,-2318000.00,-18235000.00,22275000.00,-58034000.00,9090000.00,18471000.00,46091000.00,11270000.00,-10515000.00,35321000.00,,,28856000.00,2014000.00,,,,35384000.00,,,12397000.00,19904000.00,14120000.00,,15602000.00,8381000.00,4840000.00,,9068000.00,17025000.00,4262000.00,,25220000.00,4118000.00,,734000.00,8696000.00,16503000.00,2315000.00,,1127000.00,,,,6699000.00,27320000.00,22995000.00,,,,5584000.00,,2587000.00,,,,,,,,,,,,,,,,,,,,
totalCashflowsFromInvestingActivities,-62310000.00,-36687000.00,-18060000.00,-351377000.00,-17313000.00,-297154000.00,-17063000.00,-23820000.00,-24309000.00,-13821000.00,-23425000.00,-30635000.00,-72607000.00,-9676000.00,-30577000.00,-11376000.00,-27915000.00,-29255000.00,-26022000.00,-70788000.00,-148845000.00,-25550000.00,-17950000.00,-19553000.00,-160140000.00,-14962000.00,-10682000.00,-16090000.00,-24865000.00,20874000.00,891000.00,-74508000.00,-14296000.00,-7692000.00,-12354000.00,-11661000.00,34767000.00,-658630000.00,4096000.00,-19618000.00,-30175000.00,-13869000.00,-23292000.00,-5260000.00,37684000.00,-68035000.00,-40354000.00,-56455000.00,-74858000.00,-47617000.00,-12144000.00,0.00,0.00,0.00,5367000.00,,,362000.00,,578000.00,,,,,,,,,,,,,,,,,,,,,,,,,,,,,,,,,,,,,,,,,,,,,,,,,,,,,,,
netBorrowings,,,,,-36414000.00,295621000.00,-10000000.00,10000000.00,13000.00,-261000.00,-492000.00,-286445000.00,-767000.00,-360356000.00,304213000.00,-6214000.00,-852000.00,-60890000.00,-16575000.00,127294000.00,24316000.00,-85662000.00,-10566000.00,-3968000.00,-36888000.00,-83897000.00,-13412000.00,1848000.00,2307000.00,-24798000.00,-89036000.00,71264000.00,-697000.00,-25810000.00,-85414000.00,48842000.00,-55426000.00,470604000.00,-667000.00,-927000.00,-495000.00,-913000.00,-21000.00,-86000.00,-12091000.00,144000.00,-228000.00,-5000.00,112663000.00,-332000.00,-327000.00,,,,,,,,,,,,,,,,,,,,,,,,,,,,,,,,,,,,,,,,,,,,,,,,,,,,,,,,,,,,,,,,
totalCashFromFinancingActivities,-8162000.00,-40702000.00,-26324000.00,-36795000.00,-39893000.00,283889000.00,-21321000.00,-13848000.00,-39015000.00,-39253000.00,-11835000.00,-344690000.00,21157000.00,-324593000.00,394715000.00,-106504000.00,-28229000.00,-77655000.00,-31918000.00,-134359000.00,-59331000.00,-140626000.00,-43427000.00,-34516000.00,-59984000.00,-90423000.00,-57806000.00,-4220000.00,-3763000.00,-33141000.00,-175701000.00,-190906000.00,-3972000.00,-25589000.00,-117179000.00,-146594000.00,-190039000.00,-111797000.00,-3970000.00,-128861000.00,-2320000.00,-1031000.00,-236000.00,-4532000.00,-45076000.00,-9675000.00,-3245000.00,-954000.00,-103126000.00,-30332000.00,-12741000.00,-19311000.00,-22271000.00,-2105000.00,-2656000.00,-1140000.00,-42912000.00,-8968000.00,-56704000.00,2136000.00,2685000.00,131000.00,-7668000.00,364000.00,-209000.00,164000.00,151000.00,1116000.00,124000.00,83673000.00,4780000.00,21000.00,380000.00,-281000.00,-562000.00,-3486000.00,2949000.00,259000.00,-63000.00,-289000.00,938000.00,,-434000.00,-250000.00,-7000.00,34942000.00,-561000.00,,339000.00,997000.00,-391000.00,-849000.00,742000.00,-1508000.00,-1878000.00,-1726000.00,-3260000.00,-2546000.00,-7306000.00,-7219000.00,-234000.00,40008000.00,36000.00,43000.00,-728000.00,-6905000.00,-1689000.00,4148000.00,-400000.00,-600000.00,-2700000.00,-2700000.00,-200000.00,-1600000.00,-900000.00
changeToOperatingActivities,,,,,-157392000.00,-148195000.00,-202416000.00,-151540000.00,-239963000.00,-192948000.00,-193943000.00,-173387000.00,-620270000.00,-602014000.00,-465687000.00,-193310000.00,-522178000.00,-510007000.00,-505225000.00,-522770000.00,-461070000.00,-423664000.00,-417474000.00,-1553379000.00,-383940000.00,-367123000.00,-347700000.00,-1189729000.00,-290252000.00,-279067000.00,,-1315426000.00,,,,-1009681000.00,,,,,,,,,,,,,,,,,,,,,,,,,,,,,,,,,,,,,,,,,,,,,,,,,,,,,,,,,,,,,,,,,,,,,,,,,,,,,,,
changeInCash,944000.00,-5898000.00,16551000.00,-10063000.00,9530000.00,14731000.00,-9314000.00,7986000.00,-33133000.00,-13085000.00,-15059000.00,-356739000.00,128309000.00,-173919000.00,429699000.00,-95581000.00,50019000.00,-23912000.00,108876000.00,-19708000.00,-59337000.00,-95087000.00,138373000.00,-75216000.00,-134082000.00,-88155000.00,39929000.00,-10925000.00,77247000.00,123334000.00,103963000.00,-51970000.00,-24232000.00,-38693000.00,126288000.00,-6852000.00,-7170000.00,-273109000.00,59589000.00,-78153000.00,98579000.00,708000.00,80423000.00,-26110000.00,46032000.00,-124523000.00,57878000.00,-42686000.00,42564000.00,-19838000.00,124195000.00,-28045000.00,14730000.00,-27330000.00,2982000.00,21600000.00,4806000.00,77342000.00,-1439000.00,797000.00,589000.00,-1102000.00,1843000.00,-4474000.00,-877000.00,1180000.00,613000.00,-45874000.00,30388000.00,18114000.00,-794000.00,220000.00,1945000.00,335000.00,-1392000.00,5715000.00,55000.00,,-5361000.00,-5361000.00,-5002000.00,5681000.00,4681000.00,-20326000.00,20323000.00,7000.00,-6000.00,-6000.00,2000.00,3000.00,-1000.00,5000.00,-1000.00,-5000.00,-3000.00,1000.00,8000.00,-2000.00,-3000.00,-3000.00,-1000.00,4000.00,-1000.00,-2000.00,2000.00,5000.00,7000.00,-11475000.00,-26900000.00,-16800000.00,-13100000.00,,-10800000.00,-8300000.00,-37800000.00
beginPeriodCashFlow,38369000.00,44267000.00,27716000.00,37779000.00,28249000.00,13518000.00,22832000.00,14846000.00,47979000.00,61064000.00,76123000.00,432862000.00,304553000.00,478472000.00,48773000.00,144354000.00,100242000.00,124154000.00,15278000.00,34986000.00,94323000.00,189410000.00,51037000.00,126253000.00,260335000.00,348490000.00,308561000.00,319486000.00,242239000.00,118905000.00,14942000.00,66912000.00,91144000.00,129837000.00,3549000.00,10401000.00,17571000.00,290680000.00,231091000.00,309244000.00,210665000.00,209957000.00,129534000.00,155644000.00,109612000.00,234135000.00,176257000.00,218943000.00,176379000.00,196217000.00,72022000.00,100067000.00,85337000.00,112667000.00,109685000.00,88085000.00,83279000.00,5937000.00,7376000.00,6579000.00,5990000.00,7092000.00,5249000.00,9723000.00,10600000.00,9420000.00,8807000.00,54681000.00,24293000.00,6179000.00,6973000.00,6753000.00,4808000.00,4473000.00,5865000.00,150000.00,95000.00,95000.00,95000.00,5456000.00,10458000.00,4777000.00,96000.00,20422000.00,99000.00,92000.00,99000.00,99000.00,97000.00,94000.00,95000.00,90000.00,91000.00,96000.00,99000.00,98000.00,90000.00,92000.00,95000.00,98000.00,99000.00,95000.00,96000.00,98000.00,96000.00,91000.00,84000.00,11559000.00,,100000.00,100000.00,100000.00,,100000.00,
endPeriodCashFlow,39313000.00,38369000.00,44267000.00,27716000.00,37779000.00,28249000.00,13518000.00,22832000.00,14846000.00,47979000.00,61064000.00,76123000.00,432862000.00,304553000.00,478472000.00,48773000.00,150261000.00,100242000.00,124154000.00,15278000.00,34986000.00,94323000.00,189410000.00,51037000.00,126253000.00,260335000.00,348490000.00,308561000.00,319486000.00,242239000.00,118905000.00,14942000.00,66912000.00,91144000.00,129837000.00,3549000.00,10401000.00,17571000.00,290680000.00,231091000.00,309244000.00,210665000.00,209957000.00,129534000.00,155644000.00,109612000.00,234135000.00,176257000.00,218943000.00,176379000.00,196217000.00,72022000.00,100067000.00,85337000.00,112667000.00,109685000.00,88085000.00,83279000.00,5937000.00,7376000.00,6579000.00,5990000.00,7092000.00,5249000.00,9723000.00,10600000.00,9420000.00,8807000.00,54681000.00,24293000.00,6179000.00,6973000.00,6753000.00,4808000.00,4473000.00,5865000.00,150000.00,95000.00,95000.00,95000.00,5456000.00,10458000.00,4777000.00,96000.00,20422000.00,99000.00,93000.00,93000.00,99000.00,97000.00,94000.00,95000.00,90000.00,91000.00,96000.00,99000.00,98000.00,90000.00,92000.00,95000.00,98000.00,99000.00,95000.00,96000.00,98000.00,96000.00,91000.00,84000.00,-26900000.00,-16800000.00,100000.00,100000.00,-10800000.00,-8200000.00,-37800000.00
totalCashFromOperatingActivities,34742000.00,53404000.00,60960000.00,46561000.00,66795000.00,28024000.00,29052000.00,45646000.00,30239000.00,39956000.00,20199000.00,18531000.00,122798000.00,157655000.00,56785000.00,22281000.00,106121000.00,79901000.00,164738000.00,-6497000.00,96215000.00,70204000.00,196576000.00,-21138000.00,64665000.00,11429000.00,104179000.00,4984000.00,136121000.00,129798000.00,194541000.00,-46549000.00,-6037000.00,-5622000.00,224969000.00,-38063000.00,15897000.00,-82479000.00,55683000.00,63960000.00,128168000.00,14025000.00,102284000.00,-26886000.00,39908000.00,-47928000.00,94660000.00,11621000.00,94443000.00,56766000.00,144365000.00,-53000.00,56233000.00,-3746000.00,-3173000.00,38317000.00,55283000.00,65581000.00,34236000.00,22228000.00,34989000.00,-13258000.00,31780000.00,13128000.00,41880000.00,30278000.00,23879000.00,-23318000.00,65336000.00,16550000.00,16393000.00,-18122000.00,2124000.00,-40811000.00,50322000.00,22595000.00,1230000.00,-2140000.00,13053000.00,-135733000.00,80349000.00,54583000.00,67850000.00,60878000.00,57864000.00,33562000.00,42981000.00,42981000.00,65637000.00,33628000.00,47112000.00,34985000.00,55851000.00,31572000.00,43757000.00,40709000.00,31974000.00,23589000.00,44021000.00,33470000.00,37353000.00,19109000.00,30696000.00,32148000.00,28647000.00,21312000.00,23188000.00,29225000.00,12200000.00,24500000.00,21800000.00,21800000.00,13400000.00,19900000.00,22500000.00
issuanceOfCapitalStock,,,,,,,,,,,,,,,,,,,,,,,,,,,,,,,,,,,,,,,,,,,,,,,,,,,,,,,,,,,,,,,,,,,,,,,,,,,,,,,,,,,,,,,,,,,,,,,,,,,,,,,,,,,,,,,,,,,
depreciation,134733000.00,137759000.00,145861000.00,144570000.00,146577000.00,148040000.00,152862000.00,144412000.00,145283000.00,147868000.00,156279000.00,137605000.00,139112000.00,143722000.00,150821000.00,145443000.00,514756000.00,476366000.00,553184000.00,463309000.00,458732000.00,437890000.00,462123000.00,396957000.00,386548000.00,365060000.00,382638000.00,337683000.00,337763000.00,342182000.00,369045000.00,320811000.00,321932000.00,314174000.00,335930000.00,293701000.00,285886000.00,256674000.00,181973000.00,165013000.00,169116000.00,168761000.00,182215000.00,161209000.00,167307000.00,161306000.00,171611000.00,149754000.00,148958000.00,146191000.00,158661000.00,135941000.00,134467000.00,135515000.00,143609000.00,125660000.00,128044000.00,129047000.00,136620000.00,147793000.00,76701000.00,122102000.00,124797000.00,112645000.00,109872000.00,110480000.00,111877000.00,98819000.00,98161000.00,97958000.00,100643000.00,86863000.00,83544000.00,80919000.00,81805000.00,69973000.00,68474000.00,68821000.00,69919000.00,58754000.00,54532000.00,51064000.00,51047000.00,45794000.00,45370000.00,44237000.00,41845000.00,41845000.00,38225000.00,37415000.00,36063000.00,35049000.00,33802000.00,33092000.00,31166000.00,28963000.00,27563000.00,28807000.00,27413000.00,25819000.00,25426000.00,23818000.00,23027000.00,19778000.00,19027000.00,22116000.00,16566000.00,22593000.00,14600000.00,17200000.00,16900000.00,16900000.00,13500000.00,15400000.00,15500000.00
otherCashflowsFromInvestingActivities,6617000.00,4878000.00,2149000.00,-243397000.00,-247835000.00,-256530000.00,8040000.00,3000.00,10000.00,363000.00,3607000.00,-6004000.00,-21740000.00,1319000.00,51000.00,-13313000.00,-1823000.00,-3228000.00,-2204000.00,-41913000.00,-125055000.00,-7835000.00,-1899000.00,1945000.00,-138263000.00,3693000.00,3571000.00,-577000.00,-6986000.00,34636000.00,15050000.00,-54880000.00,1301000.00,4371000.00,-2596000.00,-1317000.00,-22850000.00,-667521000.00,13736000.00,1022000.00,-4687000.00,377000.00,1394000.00,855000.00,-1726000.00,-16501000.00,-4638000.00,-2335000.00,-21334000.00,6625000.00,3631000.00,0.00,0.00,0.00,,6840000.00,174000.00,4233000.00,12341000.00,20956000.00,,,,,,,,,,,,,,,,,,,,,,,,,,,,,,,,,,,,,,,,,,,,,,,,,,,,,,,
dividendsPaid,-3857000.00,-3864000.00,-3442000.00,-3463000.00,3456000.00,3501000.00,3110000.00,3201000.00,6770000.00,3340000.00,3430000.00,8035.00,2684000.00,2683000.00,2668000.00,9437000.00,2369000.00,2351000.00,2366000.00,2057000.00,2075000.00,2075000.00,2111000.00,2114000.00,1945000.00,1946000.00,1957000.00,1966000.00,1818000.00,1820000.00,1816000.00,1814000.00,3340000.00,1668000.00,1668000.00,1668000.00,3034000.00,3121000.00,3121000.00,3875000.00,2586000.00,1289000.00,0.00,2428000.00,1142000.00,1000.00,2274000.00,936000.00,1038000.00,1044000.00,1055000.00,2000.00,1956000.00,1000.00,976000.00,976000.00,1845000.00,1000.00,1827000.00,2000.00,1704000.00,855000.00,869000.00,813000.00,813000.00,811000.00,812000.00,743000.00,763000.00,705000.00,698000.00,699000.00,647000.00,648000.00,647000.00,645000.00,742000.00,655000.00,655000.00,924000.00,923000.00,434000.00,434000.00,798000.00,399000.00,399000.00,399000.00,797000.00,399000.00,1000.00,399000.00,1000.00,394000.00,399000.00,399000.00,,401000.00,,415000.00,,422000.00,,379000.00,,379000.00,,382000.00,65000.00,300000.00,,400000.00,,,400000.00,400000.00
changeToInventory,-6555000.00,-6516000.00,9801000.00,-1414000.00,8920000.00,23023000.00,-846000.00,-98712000.00,-2480000.00,48268000.00,50444000.00,-153369000.00,46948000.00,48586000.00,55784000.00,62967000.00,-478837000.00,-463812000.00,-481832000.00,-542573000.00,-458333000.00,-419734000.00,-415258000.00,-478736000.00,-378710000.00,-354846000.00,-348113000.00,-358474000.00,-243905000.00,-246292000.00,-332929000.00,-384621000.00,-315331000.00,-284143000.00,-280727000.00,-319929000.00,-256116000.00,-260584000.00,-172159000.00,-128895000.00,-86232000.00,-158054000.00,-165218000.00,-202550000.00,-153727000.00,-189375000.00,-150252000.00,-193421000.00,-129289000.00,-118646000.00,-152706000.00,-223316000.00,-102805000.00,-113146000.00,-194903000.00,,,,,,,,,,,-77550000.00,-127598000.00,,-257807000.00,,,,,,,,,,,,,,,,,,,,,,,,,,,,,,,,,,,,,,,,,,,,,,
changeToAccountReceivables,-691000.00,-14035000.00,1016000.00,-20561000.00,-12131000.00,-8999000.00,-4190000.00,-8168000.00,-11957000.00,-5819000.00,2265000.00,-10505000.00,-10655000.00,-8296000.00,1542000.00,-15551000.00,-99260000.00,-75645000.00,-50467000.00,-89376000.00,-84127000.00,-63794000.00,-33591000.00,-68577000.00,-69289000.00,-37051000.00,-34030000.00,-57139000.00,-47212000.00,-39075000.00,-6400000.00,-73310000.00,-42993000.00,-33844000.00,-23012000.00,-54642000.00,-43745000.00,-17706000.00,5824000.00,-19268000.00,-11150000.00,-2245000.00,2244000.00,-14940000.00,-8153000.00,10008000.00,-5443000.00,-41610000.00,-9051000.00,3403000.00,4047000.00,-8106000.00,-7604000.00,11189000.00,954000.00,-13597000.00,-5412000.00,11590000.00,837000.00,,,2482000.00,,,,1888000.00,,,1471000.00,7848000.00,,,,,,,,1746000.00,,,1498000.00,2159000.00,162000.00,,2774000.00,3855000.00,3771000.00,,163000.00,1281000.00,235000.00,,,,,,,,,,,,,,,,,,,,500000.00,500000.00,,,
salePurchaseOfStock,-5676000.00,-804000.00,-2539000.00,-2329000.00,-11055000.00,-6333000.00,-4722000.00,-21358000.00,-39114000.00,-36899000.00,-5727000.00,-5227000.00,9876000.00,1722000.00,528000.00,-61506000.00,-25008000.00,-14414000.00,1996000.00,-68731000.00,-31572000.00,-50025000.00,-18407000.00,-28248000.00,457000.00,1513000.00,-34302000.00,-1000.00,-34496000.00,149000.00,99000.00,54000.00,72000.00,210000.00,702000.00,64000.00,692000.00,1185000.00,2447000.00,-125000000.00,2906000.00,2012000.00,1238000.00,6349000.00,-24595000.00,-9536000.00,4780000.00,2525000.00,-88686000.00,-29349000.00,-9158000.00,-18986000.00,-8092000.00,0.00,-968000.00,,,,,,,,-7529000.00,,,,,,,,,,,,,,,,,,,,,,,,-1667000.00,,,,,,,-2043000.00,-2582000.00,-120000.00,-3116000.00,-2546000.00,-6891000.00,-8106000.00,,,,,-540000.00,-6973000.00,-1405000.00,-89000.00,,-600000.00,-1300000.00,-1300000.00,-200000.00,-1600000.00,-1700000.00
otherCashflowsFromFinancingActivities,21000.00,60000.00,28555000.00,8337000.00,-8144000.00,297923000.00,-3541000.00,8890000.00,112000.00,1247000.00,-2729000.00,-58245000.00,21924000.00,-264237000.00,395107000.00,-100290000.00,28229000.00,77655000.00,18941000.00,133814000.00,59331000.00,135687000.00,31029000.00,34035000.00,56873000.00,90093000.00,52421000.00,4119000.00,3761000.00,33163000.00,174985000.00,190489000.00,4038000.00,25810000.00,117232000.00,142228000.00,189973000.00,112104000.00,5121000.00,128525000.00,3081000.00,1773000.00,450000.00,6733000.00,47321000.00,9902000.00,4539000.00,1518000.00,103133000.00,30726000.00,13040000.00,19310000.00,22364000.00,2134000.00,2856000.00,1143000.00,42926000.00,11145000.00,58419000.00,-1300000.00,-1893000.00,-54000.00,7730000.00,28000.00,238000.00,48000.00,5000.00,-549000.00,-14000.00,-83521000.00,-1754000.00,-21000.00,-380000.00,281000.00,562000.00,3486000.00,-2949000.00,-259000.00,63000.00,289000.00,-938000.00,-87803000.00,434000.00,250000.00,7000.00,-34942000.00,561000.00,,-339000.00,-997000.00,391000.00,849000.00,-742000.00,1508000.00,1878000.00,1726000.00,3260000.00,2546000.00,7306000.00,7219000.00,234000.00,-40008000.00,-36000.00,-43000.00,728000.00,6905000.00,1689000.00,-4148000.00,200000.00,600000.00,-1400000.00,-19200000.00,200000.00,1600000.00,900000.00
changeToNetincome,,,,,87360000.00,83775000.00,59542000.00,60929000.00,88683000.00,40042000.00,40568000.00,28229000.00,82403000.00,103017000.00,479185000.00,42674000.00,114678000.00,110868000.00,96392000.00,108959000.00,79289000.00,109872000.00,87670000.00,32363000.00,73341000.00,49747000.00,37110000.00,56649000.00,31041000.00,38516000.00,43457000.00,194713000.00,18697000.00,3224000.00,547000.00,123440000.00,11916000.00,-10580000.00,-21787000.00,-6339000.00,185000.00,2805000.00,4054000.00,21103000.00,-8566000.00,-5334000.00,1488000.00,40945000.00,16249000.00,9181000.00,23724000.00,,,,,,,,,,,,,,,,,,,,,,,,,,,,,,,,,,,,,,,,,,,,,,,,,,,,,,,,,,,,,,,,
capitalExpenditures,27362000,21356000,20209000,24285000,26008000,32584000,25103000,25248000,21630000,18794000,27032000,23333000,15645000,8327000,21732000,21189000,18990000,24252000,23807000,25918000,20142000,15531000,17254000,15868000,15283000,14310000,12512000,11533000,14965000,16867000,14088000,23139000,15597000,12063000,9758000,10344000,12562000,9200000,15459000,15153000,13138000,12581000,17273000,19793000,17494000,12428000,15358000,22260000,19013000,21163000,15775000,23622000,20624000,27174000,16216000,23497000,25916000,16584000,17143000,26359000,48565000,34504000,36648000,44772000,33092000,36292000,27362000,16154000,41097000,21970000,16261000,17976000,22062000,10860000,10551000,10173000,10888000,8841000,7821000,37898000,86309000,86883000,102155000,135791000,98116000,79084000,67589000,67589000,69919000,60589000,74600000,82459000,79054000,70954000,70874000,63978000,65148000,55407000,55430000,42121000,44997000,55106000,54481000,51722000,37462000,36736000,34507000,42657000,38700000,38800000,27800000,27800000,24000000,26600000,104500000
changeReceivables,,,,,,,,,,,,,,-66047000.00,-68420000.00,,-99260000.00,-75645000.00,-50467000.00,-89376000.00,-84127000.00,-63794000.00,-33591000.00,-68577000.00,-69289000.00,-37051000.00,-34030000.00,-57139000.00,-47212000.00,-39075000.00,-6400000.00,-73310000.00,-42993000.00,-33844000.00,-23012000.00,-54642000.00,-43745000.00,-17706000.00,5824000.00,-19268000.00,-11150000.00,-2245000.00,2244000.00,-14940000.00,-8153000.00,10008000.00,-5443000.00,-41610000.00,-9051000.00,3403000.00,4047000.00,,,,,,,,,,,,,,,,,,,,,,,,,,,,,,,,,,,,,,,,,,,,,,,,,,,,,,,,,,,,,,,,
cashFlowsOtherOperating,,,,,,,,,,,,,,-568661000.00,-482090000.00,,-491081000.00,-480529000.00,-462793000.00,-522767000.00,-445562000.00,-433892000.00,-354080000.00,-541280000.00,-387394000.00,-371799000.00,-349324000.00,-344037000.00,-245318000.00,-234596000.00,-191216000.00,-542521000.00,-317611000.00,-298329000.00,-157859000.00,-430059000.00,-257858000.00,-271017000.00,-170866000.00,-123233000.00,-79785000.00,-174367000.00,-134911000.00,-212655000.00,-161896000.00,-192118000.00,-153312000.00,-72706000.00,-135849000.00,-168467000.00,-31552000.00,,,,,,,,,,,,,,,,,,,,,,,,,,,,,,,,,,,,,,,,,,,,,,,,,,,,,,,,,,,,,,,,
exchangeRateChanges,,,,,,,,,,,,,,,,,,,82000.00,-155000.00,74000.00,-67000.00,-8000.00,-27000.00,45000.00,38000.00,19000.00,127000.00,,,,,,,,,,,,,,,,,,,,,,,,,,,,,,,,,,,,,,,,,,,,,,,,,,,,,,,,,,,,,,,,,,,,,,,,,,,,,,,,,,,,,,,
cashAndCashEquivalentsChanges,,,,,,,,,,,,,,-237998000.00,493379000.00,,50036000.00,-24031000.00,108876000.00,-19708000.00,-59337000.00,-95087000.00,138373000.00,-75216000.00,-134082000.00,-88155000.00,39929000.00,-10925000.00,77247000.00,123334000.00,103963000.00,-51970000.00,-24232000.00,-38693000.00,126288000.00,-6852000.00,-7170000.00,-273109000.00,59589000.00,-78153000.00,98579000.00,708000.00,80423000.00,-26110000.00,46032000.00,-124523000.00,57878000.00,-42686000.00,42564000.00,-19838000.00,124195000.00,,,,,,,,,,,,,,,,,,,,,,,,,,,,,,,,,,,,,,,,,,,,,,,,,,,,,,,,,,,,,,,,
changeInWorkingCapital,-151914000.00,-153438000.00,-151760000.00,-154164000.00,-151526000.00,-198449000.00,-204884000.00,-175983000.00,-636515000.00,29589000.00,-15049000.00,-150178000.00,138373000.00,43129000.00,-87094000.00,37953000.00,31726000.00,-7422000.00,156109000.00,30917000.00,-58617000.00,-57762000.00,142843000.00,116481000.00,-203951000.00,-44515000.00,155115000.00,-97457000.00,-15422000.00,16477000.00,-12301000.00,275025000.00,-7149000.00,-23704000.00,-41646000.00,160252000.00,16960000.00,-82834000.00,30123000.00,-129721000.00,-3043000.00,16187000.00,53150000.00,321185000.00,-6756000.00,14784000.00,68896000.00,-6764000.00,22676000.00,9140000.00,78762000.00,-2645000.00,-52476000.00,4633000.00,48776000.00,32634000.00,-8370000.00,54929000.00,46969000.00,-46854000.00,-74180000.00,41755000.00,13811000.00,14109000.00,-52940000.00,36208000.00,10222000.00,12382000.00,-1038000.00,14494000.00,11093000.00,76577000.00,-83120000.00,496018000.00,-448074000.00,34362000.00,7172000.00,25916000.00,13021000.00,5180000.00,-11446000.00,10894000.00,5279000.00,15218000.00,31364000.00,23155000.00,255409000.00,255409000.00,-33299000.00,7853000.00,90000.00,6038000.00,-12743000.00,10212000.00,1344000.00,-353000.00,5449000.00,2469000.00,-6237000.00,774000.00,-5496000.00,6208000.00,555000.00,-5130000.00,-2475000.00,2252000.00,66365000.00,-67993000.00,4400000.00,-5000000.00,-20800000.00,-20800000.00,2800000.00,-1500000.00,4400000.00
stockBasedCompensation,3100000.00,2913000.00,2922000.00,2392000.00,3163000.00,3224000.00,3611000.00,3285000.00,2981000.00,3289000.00,3593000.00,15118000.00,3954000.00,3163000.00,2207000.00,3141000.00,6030000.00,6682000.00,7549000.00,6389000.00,6650000.00,6624000.00,8519000.00,7514000.00,8181000.00,6431000.00,5274000.00,5978000.00,5046000.00,4917000.00,5529000.00,3471000.00,3967000.00,3709000.00,3016000.00,2107000.00,6444000.00,1520000.00,792000.00,49000.00,1356000.00,-665000.00,1602000.00,1178000.00,3045000.00,1210000.00,1021000.00,4580000.00,1370000.00,1358000.00,1077000.00,1130000.00,1233000.00,1226000.00,1170000.00,1821000.00,632000.00,625000.00,618000.00,,,,,,,,,,,,,,,,,,,,,,,,,,,,,,,,,,,,,,,,,,,,,,,,,,,,,,,,
otherNonCashItems,58445000.00,60221000.00,57124000.00,67365000.00,88386000.00,88436000.00,49690000.00,54885000.00,484850000.00,-181698000.00,-169688000.00,49026000.00,-188182000.00,-51069000.00,391167000.00,-189715000.00,-495011000.00,-447442000.00,-619043000.00,-587048000.00,-344752000.00,-371532000.00,-492356000.00,-677419000.00,-150568000.00,-343840000.00,-484106000.00,-261489000.00,-196452000.00,-261141000.00,-219035000.00,-812674000.00,-313607000.00,-301999000.00,-89174000.00,-600436000.00,-274748000.00,-230045000.00,-168407000.00,23024000.00,-49926000.00,-189288000.00,-183296000.00,-562019000.00,-132688000.00,-245690000.00,-215647000.00,-179883000.00,-121492000.00,-118939000.00,-161470000.00,-206462000.00,-98031000.00,-158116000.00,-222928000.00,-137521000.00,-98195000.00,-153898000.00,-193831000.00,-127310000.00,-8311000.00,-209956000.00,-141143000.00,-120094000.00,-21568000.00,-139583000.00,-130944000.00,-152428000.00,-53998000.00,-133158000.00,-115092000.00,-196498000.00,-22000.00,-622102000.00,399871000.00,-120782000.00,-87618000.00,-119904000.00,-87151000.00,-197053000.00,23620000.00,-22176000.00,-2568000.00,-23879000.00,-29429000.00,-45937000.00,-252938000.00,,65996000.00,-20642000.00,-163000.00,-10811000.00,24349000.00,-22755000.00,3585000.00,-433000.00,-10686000.00,-8376000.00,13513000.00,2544000.00,10976000.00,-14472000.00,-1159000.00,10892000.00,6179000.00,-5775000.00,-66701000.00,70631000.00,-8500000.00,8200000.00,21500000.00,-1000000.00,-5200000.00,2900000.00,-700000.00
freeCashFlow,7380000.00,32048000.00,40751000.00,22276000.00,40787000.00,-4560000.00,3949000.00,20398000.00,8609000.00,21162000.00,-6833000.00,-4802000.00,107153000.00,149328000.00,35053000.00,1092000.00,87131000.00,55649000.00,140931000.00,-32415000.00,76073000.00,54673000.00,179322000.00,-37006000.00,49382000.00,-2881000.00,91667000.00,-6549000.00,121156000.00,112931000.00,180453000.00,-69688000.00,-21634000.00,-17685000.00,215211000.00,-48407000.00,3335000.00,-91679000.00,40224000.00,48807000.00,115030000.00,1444000.00,85011000.00,-46679000.00,22414000.00,-60356000.00,79302000.00,-10639000.00,75430000.00,35603000.00,128590000.00,-23675000.00,35609000.00,-30920000.00,-19389000.00,14820000.00,29367000.00,48997000.00,17093000.00,-4131000.00,34989000.00,-47762000.00,-4868000.00,-31644000.00,8788000.00,-6014000.00,-3483000.00,-39472000.00,24239000.00,-5420000.00,132000.00,-36098000.00,-19938000.00,-51671000.00,39771000.00,12422000.00,-9658000.00,-10981000.00,5232000.00,-135733000.00,-5960000.00,-32300000.00,-34305000.00,-74913000.00,-40252000.00,-45522000.00,-24608000.00,-24608000.00,-4282000.00,-26961000.00,-27488000.00,-47474000.00,-23203000.00,-39382000.00,-27117000.00,-23269000.00,-33174000.00,-31818000.00,-11409000.00,-8651000.00,-7644000.00,-35997000.00,-23785000.00,-19574000.00,-8815000.00,-15424000.00,-11319000.00,-13432000.00,-26500000.00,-14300000.00,-6000000.00,-6000000.00,-10600000.00,-6700000.00,-82000000.00
researchDevelopment,,,,,,,,,,,,,,,,,,,,0.00,0.00,0.00,0.00,0.00,0.00,0.00,0.00,0.00,0.00,0.00,0.00,0.00,0.00,0.00,0.00,0.00,0.00,0.00,0.00,0.00,0.00,0.00,0.00,0.00,0.00,0.00,0.00,0.00,0.00,0.00,0.00,0.00,0.00,0.00,0.00,0.00,0.00,0.00,0.00,0.00,0.00,0.00,0.00,0.00,0.00,0.00,0.00,0.00,0.00,0.00,0.00,0.00,0.00,0.00,0.00,0.00,0.00,0.00,0.00,0.00,0.00,0.00,0.00,0.00,0.00,0.00,0.00,0.00,0.00,0.00,0.00,0.00,0.00,0.00,0.00,,,,,,,,,,,,,,,,,,,,
effectOfAccountingCharges,,,,,,,,,,,,,,,,,,,,0.00,0.00,0.00,0.00,0.00,0.00,0.00,0.00,0.00,0.00,0.00,0.00,0.00,0.00,0.00,0.00,0.00,0.00,0.00,0.00,0.00,0.00,0.00,0.00,0.00,0.00,0.00,0.00,0.00,0.00,0.00,0.00,0.00,0.00,0.00,0.00,0.00,0.00,0.00,0.00,0.00,0.00,0.00,0.00,0.00,0.00,0.00,0.00,0.00,0.00,0.00,0.00,0.00,0.00,0.00,0.00,0.00,0.00,0.00,0.00,0.00,0.00,0.00,0.00,0.00,0.00,0.00,0.00,0.00,0.00,0.00,0.00,0.00,0.00,0.00,0.00,,,,,,,,,,,,,,,,,,,,
incomeBeforeTax,-7257000.00,8002000.00,8892000.00,-9621000.00,-20553000.00,-13474000.00,28905000.00,20069000.00,32808000.00,44344000.00,48649000.00,2942000.00,40081000.00,29424000.00,-470261000.00,27383000.00,51665000.00,56819000.00,70308000.00,82057000.00,53415000.00,49980000.00,66752000.00,60738000.00,39221000.00,56995000.00,82623000.00,32288000.00,45282000.00,61124000.00,79728000.00,34380000.00,36556000.00,64354000.00,77830000.00,34233000.00,13199000.00,13562000.00,60710000.00,34111000.00,29420000.00,40387000.00,81042000.00,57192000.00,46044000.00,58590000.00,115029000.00,48739000.00,45092000.00,17627000.00,71919000.00,49810000.00,42085000.00,39329000.00,59562000.00,39854000.00,34999000.00,44350000.00,57236000.00,34333000.00,32387000.00,37669000.00,40379000.00,24977000.00,25313000.00,31675000.00,46880000.00,30764000.00,27625000.00,31690000.00,34631000.00,23569000.00,13506000.00,25644000.00,29618000.00,21321000.00,17551000.00,24928000.00,20706000.00,16297000.00,13733000.00,13906000.00,13907000.00,12860000.00,10669000.00,10666000.00,3213000.00,3213000.00,-3158000.00,7998000.00,11802000.00,10189000.00,10799000.00,11177000.00,11741000.00,10048000.00,9860000.00,10615000.00,10779000.00,9392000.00,8029000.00,9090000.00,8680000.00,7666000.00,7883000.00,7608000.00,7080000.00,5779000.00,6200000.00,6400000.00,5400000.00,5400000.00,5100000.00,5300000.00,5400000.00
minorityInterest,,,,,,,,,,,,,,,,,,,,0.00,0.00,0.00,0.00,0.00,0.00,0.00,0.00,0.00,0.00,0.00,0.00,0.00,0.00,0.00,0.00,0.00,0.00,0.00,0.00,0.00,0.00,0.00,0.00,0.00,0.00,0.00,0.00,0.00,0.00,0.00,0.00,0.00,0.00,0.00,0.00,0.00,0.00,0.00,0.00,0.00,0.00,0.00,0.00,0.00,0.00,0.00,0.00,0.00,0.00,0.00,0.00,0.00,0.00,0.00,0.00,0.00,0.00,0.00,0.00,0.00,0.00,0.00,0.00,0.00,0.00,0.00,0.00,0.00,0.00,0.00,0.00,0.00,0.00,0.00,0.00,,,,,,,,,,,,,,,,,,,,
sellingGeneralAdministrative,187211000.00,124945000.00,131445000.00,129776000.00,194750000.00,192416000.00,170280000.00,126221000.00,170326000.00,168074000.00,171207000.00,124670000.00,161466000.00,160856000.00,179050000.00,121002000.00,233026000.00,233654000.00,239878000.00,224735000.00,221447000.00,217105000.00,224430000.00,213943000.00,207307000.00,194424000.00,199342000.00,198084000.00,196295000.00,208433000.00,217014000.00,131171000.00,345514000.00,325555000.00,327920000.00,345078000.00,333479000.00,333540000.00,264374000.00,258549000.00,258257000.00,251924000.00,253954000.00,232094000.00,247685000.00,237573000.00,234910000.00,226129000.00,218319000.00,247890000.00,216410000.00,206239000.00,206021000.00,206210000.00,206459000.00,196106000.00,193440000.00,185571000.00,196517000.00,176353000.00,175409000.00,190897000.00,192002000.00,179893000.00,169105000.00,163737000.00,161677000.00,149190000.00,143601000.00,142818000.00,143956000.00,129922000.00,136003000.00,121602000.00,119631000.00,106903000.00,104864000.00,100658000.00,102093000.00,92277000.00,88111000.00,81377000.00,83119000.00,75374000.00,73184000.00,71654000.00,69349000.00,69349000.00,75061000.00,65718000.00,66554000.00,59285000.00,56293000.00,55594000.00,56415000.00,51651000.00,51349000.00,50202000.00,48721000.00,47554000.00,48825000.00,47133000.00,46207000.00,38796000.00,36796000.00,37086000.00,37051000.00,33712000.00,35400000.00,33800000.00,32100000.00,,29700000.00,30000000.00,29500000.00
sellingAndMarketingExpenses,7301000.00,6613000.00,12955000.00,7978000.00,7798000.00,12645000.00,10700000.00,6083000.00,11186000.00,18997000.00,17385000.00,32159000.00,15371000.00,5746000.00,11042000.00,,9189000.00,16594000.00,13583000.00,11521000.00,9814000.00,5984000.00,10399000.00,6088000.00,7621000.00,10160000.00,10157000.00,10156000.00,9013000.00,11968000.00,9686000.00,134640000.00,,325278000.00,,,,333535000.00,,258183000.00,154898000.00,154422000.00,168203000.00,147300000.00,150783000.00,148406000.00,158161000.00,135327000.00,136727000.00,134585000.00,144093000.00,124525000.00,122692000.00,124808000.00,,114815000.00,,117915000.00,125204000.00,106307000.00,106962000.00,110902000.00,113597000.00,101908000.00,101299000.00,101063000.00,103051000.00,90701000.00,89806000.00,90321000.00,93281000.00,79399000.00,76727000.00,74374000.00,75130000.00,64079000.00,63845000.00,62062000.00,63470000.00,53125000.00,49630000.00,46517000.00,46389000.00,41530000.00,41394000.00,40036000.00,37562000.00,,34271000.00,33585000.00,32482000.00,31558000.00,30610000.00,30219000.00,28263000.00,26291000.00,25556000.00,25708000.00,24769000.00,23485000.00,23036000.00,21632000.00,21018000.00,18121000.00,17484000.00,17932000.00,17614000.00,16337000.00,16700000.00,17200000.00,16300000.00,,13900000.00,15400000.00,15500000.00
grossProfit,271908000.00,282272000.00,295694000.00,285932000.00,297747000.00,293147000.00,284947000.00,277099000.00,284642000.00,294680000.00,303068000.00,272810000.00,279564000.00,263921000.00,267247000.00,271188000.00,933153000.00,933542000.00,974275000.00,944182000.00,912980000.00,876635000.00,901127000.00,814057000.00,783753000.00,749886000.00,777078000.00,710501000.00,704573000.00,721477000.00,775977000.00,702354000.00,689590000.00,687737000.00,727258000.00,655581000.00,630752000.00,590805000.00,493503000.00,444633000.00,456753000.00,467388000.00,503958000.00,447650000.00,445133000.00,446235000.00,474270000.00,411881000.00,401815000.00,400774000.00,433096000.00,381255000.00,371526000.00,371191000.00,398944000.00,351624000.00,346473000.00,349000000.00,380233000.00,318218000.00,317001000.00,341843000.00,348413000.00,309292000.00,297897000.00,298371000.00,313497000.00,272524000.00,262946000.00,267553000.00,275090000.00,235729000.00,228579000.00,223357000.00,225979000.00,193892000.00,187610000.00,188914000.00,187477000.00,162959000.00,152935000.00,143273000.00,145003000.00,145451000.00,121342000.00,123426000.00,111335000.00,111335000.00,107889000.00,109005000.00,112466000.00,102700000.00,99115000.00,98307000.00,97646000.00,97329000.00,84896000.00,84954000.00,82475000.00,78453000.00,78449000.00,76652000.00,75262000.00,63681000.00,61480000.00,62168000.00,61188000.00,59877000.00,58000000.00,57200000.00,50300000.00,50300000.00,49100000.00,50900000.00,51000000.00
reconciledDepreciation,134733000.00,137759000.00,145861000.00,144570000.00,146577000.00,148040000.00,152862000.00,144412000.00,145283000.00,147868000.00,156279000.00,137605000.00,139112000.00,143722000.00,150821000.00,145443000.00,514756000.00,476366000.00,553184000.00,463309000.00,458732000.00,437890000.00,462123000.00,396957000.00,386548000.00,365060000.00,382638000.00,337683000.00,337763000.00,342182000.00,369045000.00,320811000.00,321932000.00,314174000.00,335930000.00,293701000.00,285886000.00,256674000.00,181973000.00,165013000.00,169116000.00,168761000.00,182215000.00,161209000.00,167307000.00,161306000.00,171611000.00,149754000.00,148958000.00,146191000.00,158661000.00,135941000.00,134467000.00,135515000.00,143609000.00,125660000.00,128044000.00,129047000.00,136620000.00,147793000.00,76701000.00,122102000.00,124797000.00,112645000.00,109872000.00,110480000.00,111877000.00,98819000.00,98161000.00,97958000.00,100643000.00,86863000.00,83544000.00,80919000.00,81805000.00,69973000.00,68474000.00,68821000.00,69919000.00,58754000.00,54532000.00,51064000.00,51047000.00,45794000.00,45370000.00,44237000.00,41845000.00,41845000.00,38225000.00,37415000.00,36063000.00,35049000.00,33802000.00,33092000.00,31166000.00,28963000.00,27563000.00,28807000.00,27413000.00,25819000.00,25426000.00,23818000.00,23027000.00,19778000.00,19027000.00,22116000.00,16566000.00,22593000.00,14600000.00,17200000.00,16900000.00,16900000.00,13500000.00,15400000.00,15500000.00
ebit,-138246000.00,36294000.00,40676000.00,-114264000.00,36924000.00,22230000.00,54101000.00,-99662000.00,55569000.00,58894000.00,68979000.00,-84729000.00,56308000.00,53397000.00,26792000.00,61393000.00,55656000.00,61119000.00,75264000.00,86629000.00,57150000.00,53787000.00,71078000.00,65202000.00,43928000.00,62547000.00,88438000.00,37717000.00,51027000.00,67028000.00,86040000.00,40604000.00,42080000.00,69976000.00,83799000.00,40274000.00,19361000.00,19041000.00,62243000.00,35208000.00,30917000.00,41895000.00,82553000.00,58695000.00,47597000.00,60256000.00,116699000.00,50425000.00,46769000.00,18299000.00,72593000.00,50491000.00,42813000.00,40173000.00,60405000.00,40730000.00,35990000.00,45438000.00,58303000.00,34273000.00,33675000.00,37669000.00,40379000.00,24977000.00,25313000.00,31675000.00,46880000.00,30764000.00,27625000.00,31690000.00,34631000.00,23569000.00,13506000.00,25644000.00,29618000.00,21321000.00,17551000.00,24928000.00,20706000.00,16297000.00,13733000.00,13906000.00,13907000.00,12860000.00,10669000.00,10666000.00,3213000.00,4424000.00,-3158000.00,7998000.00,11802000.00,10189000.00,10799000.00,11177000.00,11741000.00,10048000.00,9860000.00,10615000.00,10779000.00,9392000.00,8029000.00,9090000.00,8680000.00,7666000.00,7883000.00,7608000.00,7080000.00,5779000.00,6200000.00,6400000.00,4800000.00,6200000.00,5100000.00,5300000.00,5400000.00
ebitda,-3513000.00,174053000.00,186537000.00,30306000.00,183501000.00,170270000.00,206963000.00,44750000.00,200852000.00,206762000.00,225258000.00,52876000.00,195420000.00,197119000.00,177613000.00,206836000.00,570412000.00,537485000.00,628448000.00,549938000.00,515882000.00,491677000.00,533201000.00,462159000.00,430476000.00,427607000.00,471076000.00,375400000.00,388790000.00,409210000.00,455085000.00,361415000.00,364012000.00,384150000.00,419729000.00,333975000.00,305247000.00,275715000.00,244216000.00,200221000.00,200033000.00,210656000.00,264768000.00,219904000.00,214904000.00,221562000.00,288310000.00,200179000.00,195727000.00,164490000.00,231254000.00,186432000.00,177280000.00,175688000.00,204014000.00,166390000.00,164034000.00,174485000.00,194923000.00,182066000.00,110376000.00,159771000.00,165176000.00,137622000.00,135185000.00,142155000.00,158757000.00,129583000.00,125786000.00,129648000.00,135274000.00,110432000.00,97050000.00,106563000.00,111423000.00,91294000.00,86025000.00,93749000.00,90625000.00,75051000.00,68265000.00,64970000.00,64954000.00,58654000.00,56039000.00,54903000.00,45058000.00,46269000.00,35067000.00,45413000.00,47865000.00,45238000.00,44601000.00,44269000.00,42907000.00,39011000.00,37423000.00,39422000.00,38192000.00,35211000.00,33455000.00,32908000.00,31707000.00,27444000.00,26910000.00,29724000.00,23646000.00,28372000.00,20800000.00,23600000.00,21700000.00,23100000.00,18600000.00,20700000.00,20900000.00
depreciationAndAmortization,134733000.00,137759000.00,145861000.00,144570000.00,146577000.00,148040000.00,152862000.00,144412000.00,145283000.00,147868000.00,156279000.00,137605000.00,139112000.00,143722000.00,150821000.00,145443000.00,514756000.00,476366000.00,553184000.00,463309000.00,458732000.00,437890000.00,462123000.00,396957000.00,386548000.00,365060000.00,382638000.00,337683000.00,337763000.00,342182000.00,369045000.00,320811000.00,321932000.00,314174000.00,335930000.00,293701000.00,285886000.00,256674000.00,181973000.00,165013000.00,169116000.00,168761000.00,182215000.00,161209000.00,167307000.00,161306000.00,171611000.00,149754000.00,148958000.00,146191000.00,158661000.00,135941000.00,134467000.00,135515000.00,143609000.00,125660000.00,128044000.00,129047000.00,136620000.00,147793000.00,76701000.00,122102000.00,124797000.00,112645000.00,109872000.00,110480000.00,111877000.00,98819000.00,98161000.00,97958000.00,100643000.00,86863000.00,83544000.00,80919000.00,81805000.00,69973000.00,68474000.00,68821000.00,69919000.00,58754000.00,54532000.00,51064000.00,51047000.00,45794000.00,45370000.00,44237000.00,41845000.00,41845000.00,38225000.00,37415000.00,36063000.00,35049000.00,33802000.00,33092000.00,31166000.00,28963000.00,27563000.00,28807000.00,27413000.00,25819000.00,25426000.00,23818000.00,23027000.00,19778000.00,19027000.00,22116000.00,16566000.00,22593000.00,14600000.00,17200000.00,16900000.00,16900000.00,13500000.00,15400000.00,15500000.00
nonOperatingIncomeNetOther,,,,,,,,,,,,,,1948000.00,-1759000.00,,153000.00,1273000.00,1409000.00,-1698000.00,-136000.00,-46000.00,1014000.00,687000.00,1239000.00,1541000.00,1949000.00,-18000.00,218000.00,-1124000.00,60000.00,27000.00,-929000.00,2433000.00,-1013000.00,-952000.00,-949000.00,2224000.00,753000.00,1274000.00,719000.00,770000.00,752000.00,2609000.00,932000.00,,,,,,,,,,,,,,,,,,,,,,,,,,,,,,,,,,,,,,,,,,,,,,,,,,,,,,,,,,,,,,,,,,,,,,
operatingIncome,-3513000.00,11275000.00,40676000.00,-114264000.00,36924000.00,22230000.00,54101000.00,19889000.00,33218000.00,44051000.00,48591000.00,6980000.00,41356000.00,30329000.00,-464703000.00,30057000.00,55656000.00,61119000.00,75264000.00,86629000.00,57150000.00,53787000.00,71078000.00,65202000.00,43928000.00,62547000.00,88438000.00,37717000.00,51027000.00,67028000.00,86040000.00,40604000.00,42080000.00,69976000.00,83799000.00,40274000.00,19361000.00,19041000.00,62243000.00,35208000.00,30917000.00,41895000.00,82553000.00,58695000.00,47597000.00,60256000.00,116699000.00,50425000.00,46769000.00,18299000.00,72593000.00,50491000.00,42813000.00,40173000.00,60405000.00,40730000.00,35990000.00,45438000.00,58303000.00,34273000.00,33675000.00,37669000.00,40379000.00,24977000.00,25313000.00,31675000.00,46880000.00,30764000.00,27625000.00,31690000.00,34631000.00,23569000.00,13506000.00,25644000.00,29618000.00,21321000.00,17551000.00,24928000.00,20706000.00,16297000.00,13733000.00,13906000.00,13907000.00,12860000.00,10669000.00,10666000.00,3213000.00,4424000.00,-3158000.00,7998000.00,11802000.00,10189000.00,10799000.00,11177000.00,11741000.00,10048000.00,9860000.00,10615000.00,10779000.00,9392000.00,8029000.00,9090000.00,8680000.00,7666000.00,7883000.00,7608000.00,7080000.00,5779000.00,6200000.00,6400000.00,4800000.00,6200000.00,5100000.00,5300000.00,5400000.00
otherOperatingExpenses,668991000.00,494715000.00,514257000.00,559785000.00,548184000.00,578063000.00,395492000.00,400575000.00,391325000.00,404058000.00,407095000.00,378718000.00,380651000.00,374667000.00,399596000.00,374605000.00,834084000.00,832003000.00,867744000.00,792843000.00,776380000.00,757916000.00,792910000.00,726849000.00,700646000.00,672497000.00,695524000.00,669918000.00,641532000.00,664050000.00,713331000.00,518589000.00,725647000.00,701229000.00,738462000.00,720427000.00,671110000.00,647960000.00,524206000.00,512450000.00,495860000.00,491022000.00,513340000.00,500207000.00,482845000.00,479259000.00,505677000.00,473064000.00,438426000.00,464401000.00,460072000.00,433938000.00,409337000.00,404826000.00,434864000.00,405565000.00,379250000.00,371796000.00,415438000.00,369336000.00,353389000.00,371147000.00,394517000.00,361120000.00,331888000.00,325414000.00,339165000.00,307236000.00,288170000.00,287313000.00,309434000.00,269744000.00,262818000.00,243957000.00,248130000.00,219143000.00,212747000.00,204092000.00,220579000.00,191833000.00,173212000.00,162362000.00,175765000.00,160770000.00,146033000.00,139426000.00,135561000.00,135561000.00,133959000.00,123061000.00,127987000.00,118931000.00,112638000.00,109416000.00,112404000.00,104889000.00,98466000.00,95887000.00,92710000.00,87104000.00,87025000.00,83790000.00,82988000.00,71909000.00,67433000.00,68920000.00,68531000.00,63817000.00,64100000.00,60400000.00,53900000.00,53900000.00,53000000.00,53000000.00,53200000.00
interestExpense,-3456000.00,3910000.00,4358000.00,3911000.00,3151000.00,2463000.00,350000.00,343000.00,322000.00,451000.00,344000.00,1381000.00,1973000.00,2853000.00,3799000.00,3720000.00,3991000.00,4300000.00,4956000.00,4572000.00,3735000.00,3807000.00,4326000.00,4464000.00,4707000.00,5552000.00,5815000.00,5429000.00,5745000.00,5904000.00,6312000.00,6224000.00,5524000.00,5622000.00,5969000.00,6041000.00,6162000.00,5479000.00,1533000.00,1097000.00,1497000.00,1508000.00,1511000.00,1503000.00,1553000.00,1666000.00,1670000.00,1686000.00,1677000.00,672000.00,674000.00,681000.00,728000.00,844000.00,843000.00,849000.00,1010000.00,1164000.00,1276000.00,1225000.00,2243000.00,2151000.00,2199000.00,2259000.00,1945000.00,1494000.00,1889000.00,1869000.00,1914000.00,2724000.00,3222000.00,2839000.00,2343000.00,1737000.00,1600000.00,1589000.00,1350000.00,1266000.00,1208000.00,1260000.00,1461000.00,1473000.00,1588000.00,1395000.00,1136000.00,1070000.00,1166000.00,1211000.00,1715000.00,1704000.00,1628000.00,1668000.00,1413000.00,1317000.00,1227000.00,,,,,,,,,,,,,,,,700000.00,700000.00,,,
taxProvision,-3120000.00,1485000.00,-3906000.00,-3767000.00,-4937000.00,-8132000.00,7373000.00,3781000.00,8460000.00,11369000.00,12326000.00,67000.00,30992000.00,24160000.00,-134448000.00,21053000.00,11864000.00,14169000.00,14230000.00,,,,,,,,,,,,,,,,,,,,,,,,,,,,,,,,,,,,,,,,,,,,,,,,,,,,,,,,,,,,,,,,,,,,,,,,,,,,,,,,,,,,,,,,,,,,,,,,
interestIncome,3456000.00,3910000.00,4358000.00,3911000.00,3151000.00,2463000.00,350000.00,343000.00,322000.00,451000.00,344000.00,1381000.00,1832000.00,227000.00,192000.00,3335000.00,360000.00,944000.00,101000.00,,,,,,,,,,,,,,,,,,,,,,,,,,,,,,,,,,,,,,,,,,,,,,,,,,,,,,,,,,,,,,,,,,,,,,,,,,,,,,,,,,,,,,,,,,,,,,,,
netInterestIncome,-12267000.00,-3910000.00,-4358000.00,-12963000.00,-11083000.00,-10998000.00,-5912000.00,-5614000.00,-5493000.00,-5738000.00,-5726000.00,-1381000.00,-1832000.00,-2626000.00,-3607000.00,-3335000.00,-3631000.00,-3356000.00,-4855000.00,,,,,,,,,,,,,,,,,,,,,,,,,,,,,,,,,,,,,,,,,,,,,,,,,,,,,,,,,,,,,,,,,,,,,,,,,,,,,,,,,,,,,,,,,,,,,,,,
extraordinaryItems,,,,,,,,,,,,,,1300000.00,34200000.00,,,,,-1771000.00,0.00,0.00,0.00,0.00,0.00,0.00,0.00,0.00,0.00,0.00,0.00,0.00,0.00,0.00,0.00,0.00,0.00,0.00,0.00,0.00,0.00,0.00,0.00,0.00,0.00,0.00,0.00,0.00,0.00,0.00,0.00,0.00,0.00,0.00,0.00,0.00,0.00,0.00,0.00,0.00,0.00,0.00,0.00,0.00,0.00,0.00,0.00,0.00,0.00,0.00,0.00,0.00,0.00,0.00,0.00,0.00,0.00,0.00,0.00,0.00,0.00,0.00,0.00,0.00,0.00,0.00,0.00,0.00,0.00,0.00,0.00,0.00,0.00,0.00,0.00,,,,,,,,,,,,,,,,,,,,
nonRecurring,,,,,,,,,,,,,,6991000.00,469179000.00,,5516000.00,18738000.00,13281000.00,544000.00,537000.00,19216000.00,906000.00,3377000.00,845000.00,13445000.00,327000.00,15560000.00,4658000.00,4658000.00,0.00,20218000.00,0.00,0.00,0.00,28353000.00,-6047000.00,-7728000.00,0.00,0.00,13400000.00,15000000.00,0.00,0.00,0.00,0.00,-35500000.00,0.00,0.00,36500000.00,0.00,0.00,0.00,0.00,0.00,0.00,0.00,0.00,0.00,0.00,0.00,0.00,0.00,0.00,0.00,0.00,0.00,0.00,0.00,0.00,0.00,0.00,0.00,0.00,0.00,0.00,0.00,0.00,0.00,0.00,0.00,0.00,0.00,0.00,0.00,0.00,0.00,0.00,0.00,0.00,0.00,0.00,0.00,0.00,0.00,,,,,,,,,,,,,,,,,,,,
otherItems,,,,,,,,,,,,,,,,,,,,0.00,0.00,0.00,0.00,0.00,0.00,0.00,0.00,0.00,0.00,0.00,0.00,0.00,0.00,0.00,0.00,0.00,0.00,0.00,0.00,0.00,0.00,0.00,0.00,0.00,0.00,0.00,0.00,0.00,0.00,0.00,0.00,0.00,0.00,0.00,0.00,0.00,0.00,0.00,0.00,0.00,0.00,0.00,0.00,0.00,0.00,0.00,0.00,0.00,0.00,0.00,0.00,0.00,0.00,0.00,0.00,0.00,0.00,0.00,0.00,0.00,0.00,0.00,0.00,0.00,0.00,0.00,0.00,0.00,0.00,0.00,0.00,0.00,0.00,0.00,0.00,,,,,,,,,,,,,,,,,,,,
incomeTaxExpense,-3120000.00,1485000.00,-3906000.00,-3767000.00,-4937000.00,-8132000.00,7373000.00,3781000.00,8460000.00,11369000.00,12326000.00,67000.00,7468000.00,7050000.00,-146487000.00,6861000.00,11864000.00,14169000.00,14230000.00,20314000.00,9695000.00,11479000.00,14506000.00,-116822000.00,13880000.00,20660000.00,29323000.00,10657000.00,15818000.00,22623000.00,30041000.00,12654000.00,12362000.00,23808000.00,28587000.00,12139000.00,3904000.00,5057000.00,22371000.00,11437000.00,8282000.00,14533000.00,30042000.00,20560000.00,17103000.00,22346000.00,43803000.00,18205000.00,17047000.00,6828000.00,27530000.00,19023000.00,15906000.00,14894000.00,22587000.00,14817000.00,10344000.00,16524000.00,21876000.00,13194000.00,12597000.00,14390000.00,15626000.00,9485000.00,9394000.00,12018000.00,17673000.00,11723000.00,10242000.00,11040000.00,13070000.00,8961000.00,4663000.00,9524000.00,11196000.00,7554000.00,6904000.00,9543000.00,7889000.00,6031000.00,5082000.00,5145000.00,5159000.00,4758000.00,3948000.00,3970000.00,1212000.00,1212000.00,-1197000.00,3031000.00,4473000.00,3841000.00,4093000.00,4248000.00,4463000.00,3808000.00,3752000.00,4040000.00,4100000.00,3654000.00,3123000.00,3536000.00,3394000.00,3020000.00,3078000.00,2975000.00,2768000.00,2286000.00,2400000.00,2500000.00,2100000.00,2100000.00,1900000.00,2000000.00,2100000.00
totalRevenue,665478000.00,530372000.00,554361000.00,589584000.00,593384000.00,610384000.00,456082000.00,444802000.00,452153000.00,467495000.00,481054000.00,430172000.00,440961000.00,430955000.00,432831000.00,434952000.00,963808000.00,968141000.00,1012103000.00,993184000.00,953071000.00,927859000.00,954809000.00,884627000.00,838883000.00,815644000.00,844554000.00,794954000.00,768982000.00,789353000.00,854427000.00,821199000.00,767694000.00,769049000.00,821814000.00,759742000.00,707564000.00,672510000.00,585423000.00,547968000.00,539458000.00,552064000.00,595141000.00,568463000.00,529510000.00,539515000.00,586876000.00,523489000.00,485195000.00,482700000.00,532665000.00,484429000.00,452150000.00,444999000.00,495269000.00,446268000.00,415259000.00,417310000.00,473950000.00,404894000.00,388019000.00,411191000.00,437331000.00,388611000.00,359381000.00,358985000.00,387934000.00,339869000.00,317709000.00,321727000.00,347287000.00,296152000.00,278667000.00,271338000.00,279348000.00,242053000.00,231648000.00,230286000.00,242493000.00,209390000.00,188406000.00,177741000.00,191260000.00,189317000.00,152797000.00,151162000.00,139985000.00,139985000.00,132516000.00,132763000.00,141417000.00,130788000.00,124850000.00,121910000.00,125372000.00,124276000.00,106457000.00,104931000.00,101695000.00,94518000.00,93613000.00,91677000.00,91025000.00,78673000.00,74633000.00,76070000.00,75054000.00,73645000.00,70000000.00,66600000.00,60100000.00,60100000.00,58500000.00,58500000.00,59200000.00
totalOperatingExpenses,275421000.00,246615000.00,255590000.00,256133000.00,252547000.00,260826000.00,224357000.00,232872000.00,223814000.00,231243000.00,229109000.00,221356000.00,219254000.00,207633000.00,234012000.00,210841000.00,64077000.00,62426000.00,65638000.00,60456000.00,61628000.00,68189000.00,64391000.00,60589000.00,65012000.00,56757000.00,56551000.00,60328000.00,54688000.00,53804000.00,59879000.00,3469000.00,-962000.00,277000.00,-1460000.00,-307000.00,-197000.00,5000.00,-677000.00,366000.00,413155000.00,406346000.00,422157000.00,379394000.00,398468000.00,385979000.00,393071000.00,361456000.00,355046000.00,382475000.00,360503000.00,330764000.00,328713000.00,331018000.00,206459000.00,310921000.00,193440000.00,303486000.00,321721000.00,282660000.00,282371000.00,301799000.00,305599000.00,281801000.00,270404000.00,264800000.00,264728000.00,239891000.00,233407000.00,233139000.00,237237000.00,209321000.00,212730000.00,195976000.00,194761000.00,170982000.00,168709000.00,162720000.00,165563000.00,145402000.00,137741000.00,127894000.00,129508000.00,116904000.00,114578000.00,111690000.00,106911000.00,0.00,109332000.00,99303000.00,99036000.00,90843000.00,86903000.00,85813000.00,84678000.00,77942000.00,76905000.00,75910000.00,73490000.00,71039000.00,71861000.00,68765000.00,67225000.00,56917000.00,54280000.00,55018000.00,54665000.00,50049000.00,52100000.00,51000000.00,44100000.00,44100000.00,43600000.00,45400000.00,45000000.00
costOfRevenue,393570000.00,248100000.00,258667000.00,303652000.00,295637000.00,317237000.00,171135000.00,167703000.00,167511000.00,172815000.00,177986000.00,157362000.00,161397000.00,167034000.00,165584000.00,163764000.00,30655000.00,34599000.00,37828000.00,49002000.00,40091000.00,51224000.00,53682000.00,70570000.00,55130000.00,65758000.00,67476000.00,84453000.00,64409000.00,67876000.00,78450000.00,118845000.00,78104000.00,81312000.00,94556000.00,104161000.00,76812000.00,81705000.00,91920000.00,103335000.00,82705000.00,84676000.00,91183000.00,120813000.00,84377000.00,93280000.00,112606000.00,111608000.00,83380000.00,81926000.00,99569000.00,103174000.00,80624000.00,73808000.00,96325000.00,94644000.00,68786000.00,68310000.00,93717000.00,86676000.00,71018000.00,69348000.00,88918000.00,79319000.00,61484000.00,60614000.00,74437000.00,67345000.00,54763000.00,54174000.00,72197000.00,60423000.00,50088000.00,47981000.00,53369000.00,48161000.00,44038000.00,41372000.00,55016000.00,46431000.00,35471000.00,34468000.00,46257000.00,43866000.00,31455000.00,27736000.00,28650000.00,28650000.00,24627000.00,23758000.00,28951000.00,28088000.00,25735000.00,23603000.00,27726000.00,26947000.00,21561000.00,19977000.00,19220000.00,16065000.00,15164000.00,15025000.00,15763000.00,14992000.00,13153000.00,13902000.00,13866000.00,13768000.00,12000000.00,9400000.00,9800000.00,9800000.00,9400000.00,7600000.00,8200000.00
totalOtherIncomeExpenseNet,-3744000.00,-23745000.00,-31784000.00,104643000.00,-57477000.00,-35704000.00,-25196000.00,-23815000.00,-22527000.00,-13355000.00,-19584000.00,-47131000.00,-13556000.00,-19172000.00,-495013000.00,-29244000.00,-3991000.00,-4300000.00,-4956000.00,-4572000.00,-3735000.00,-3807000.00,-4326000.00,-4464000.00,-4707000.00,-5552000.00,-5815000.00,-5429000.00,-5745000.00,-5904000.00,-6312000.00,-6224000.00,-5524000.00,-5622000.00,-5969000.00,-6041000.00,-6162000.00,-5479000.00,-1533000.00,-1097000.00,-1497000.00,-1508000.00,-1511000.00,-1503000.00,-1553000.00,-1666000.00,-1670000.00,-1686000.00,-1677000.00,-672000.00,-674000.00,-681000.00,-728000.00,-844000.00,-843000.00,-876000.00,-991000.00,-1088000.00,-1067000.00,60000.00,-1288000.00,-2375000.00,-2435000.00,-2514000.00,-2180000.00,-1896000.00,-1889000.00,-1869000.00,-1914000.00,-2724000.00,-3222000.00,-2839000.00,-2343000.00,-1737000.00,-1600000.00,-1589000.00,-1350000.00,-1266000.00,-1208000.00,-1260000.00,-1461000.00,-1473000.00,-1588000.00,-15687000.00,3905000.00,-1070000.00,-1211000.00,0.00,-1715000.00,-1704000.00,-1628000.00,-1668000.00,-1413000.00,-1317000.00,-1227000.00,-9339000.00,1869000.00,1571000.00,1794000.00,1978000.00,1441000.00,1203000.00,643000.00,902000.00,683000.00,458000.00,557000.00,-4049000.00,300000.00,200000.00,600000.00,,-400000.00,-200000.00,-600000.00
discontinuedOperations,,,,,,,,,,,,,,,,,,,,0.00,0.00,0.00,0.00,0.00,0.00,0.00,0.00,0.00,0.00,0.00,0.00,0.00,0.00,0.00,0.00,0.00,0.00,0.00,0.00,0.00,0.00,0.00,0.00,0.00,0.00,0.00,0.00,0.00,0.00,0.00,0.00,0.00,0.00,0.00,0.00,0.00,0.00,0.00,0.00,0.00,0.00,0.00,0.00,0.00,0.00,0.00,0.00,0.00,0.00,0.00,0.00,0.00,0.00,0.00,0.00,0.00,0.00,0.00,0.00,0.00,0.00,0.00,0.00,0.00,0.00,0.00,0.00,0.00,0.00,0.00,0.00,0.00,0.00,0.00,0.00,,,,,,,,,,,,,,,,,,,,
netIncomeFromContinuingOps,-4137000.00,6517000.00,12798000.00,-5854000.00,-15616000.00,-5342000.00,21532000.00,16288000.00,24348000.00,32975000.00,36323000.00,2875000.00,109345000.00,68377000.00,-280005000.00,-107057000.00,39801000.00,42650000.00,56078000.00,61743000.00,43720000.00,38501000.00,52246000.00,177560000.00,25341000.00,36335000.00,53300000.00,21631000.00,29464000.00,38501000.00,49687000.00,21726000.00,24194000.00,40546000.00,49243000.00,-22648000.00,9295000.00,8505000.00,83081000.00,22674000.00,21138000.00,25854000.00,51000000.00,36632000.00,28941000.00,36244000.00,71226000.00,30534000.00,28045000.00,10799000.00,44389000.00,0.00,26179000.00,24435000.00,0.00,0.00,0.00,0.00,0.00,0.00,0.00,0.00,0.00,0.00,0.00,0.00,0.00,0.00,0.00,0.00,0.00,0.00,0.00,0.00,0.00,0.00,0.00,0.00,0.00,0.00,0.00,0.00,0.00,0.00,0.00,0.00,0.00,0.00,0.00,0.00,0.00,0.00,0.00,0.00,0.00,,,,,,,,,,,,,,,,,,,,
netIncomeApplicableToCommonShares,-4137000.00,6517000.00,12798000.00,-5854000.00,-15616000.00,-5342000.00,21532000.00,16288000.00,24348000.00,32975000.00,36323000.00,2875000.00,109345000.00,68377000.00,-280005000.00,20522000.00,39801000.00,42650000.00,56078000.00,61743000.00,43720000.00,38501000.00,52246000.00,177560000.00,25341000.00,36335000.00,53300000.00,21631000.00,29464000.00,38501000.00,49687000.00,21726000.00,24194000.00,40546000.00,49243000.00,22094000.00,9295000.00,8505000.00,38339000.00,22674000.00,21138000.00,25854000.00,51000000.00,36632000.00,28941000.00,36244000.00,71226000.00,30534000.00,28045000.00,10799000.00,44389000.00,30787000.00,26179000.00,24435000.00,36975000.00,25037000.00,24655000.00,27826000.00,35360000.00,21010000.00,19835000.00,22361000.00,22563000.00,14354000.00,14244000.00,15620000.00,29207000.00,19041000.00,17383000.00,20650000.00,21561000.00,14608000.00,8843000.00,16120000.00,18422000.00,13767000.00,10647000.00,15385000.00,12817000.00,10266000.00,8651000.00,8761000.00,8748000.00,8102000.00,6721000.00,6696000.00,5921000.00,2001000.00,-4967000.00,4967000.00,7329000.00,6348000.00,6706000.00,6929000.00,7278000.00,,,,,,,,,,,,,,,,,,,,
preferredStockAndOtherAdjustments,,,,,,,,,,,,,,,,,,,,,,,,,,,,,,,,,,,,,,,,,,,,,,,,,,,,,,,,,,,,,,,,,,,,,,,,,,,,,,,,,,,,,,,,,,,,,,,,,,,,,,,,,,,,,,,,,,,
