,2023-09-30,2023-06-30,2023-03-31,2022-12-31,2022-09-30,2022-06-30,2022-03-31,2021-12-31,2021-09-30,2021-06-30,2021-03-31,2020-12-31,2020-09-30,2020-06-30,2020-03-31,2019-12-31,2019-09-30,2019-06-30,2019-03-31,2018-12-31,2018-09-30,2018-06-30,2018-03-31,2017-12-31,2017-09-30,2017-06-30,2017-03-31,2016-12-31,2016-09-30,2016-06-30,2016-03-31,2015-12-31,2015-09-30,2015-06-30,2015-03-31,2014-12-31,2014-09-30,2014-06-30,2014-05-27,2014-03-31,2013-12-31,2013-09-30,2013-06-30,2013-03-31,2012-12-31,2012-09-30,2012-06-30,2012-03-31,2011-12-31,2011-09-30,2011-06-30,2011-03-31,2010-12-31,2010-09-30,2010-06-30,2010-03-31,2009-12-31,2009-09-30,2009-06-30,2009-03-31,2008-12-31,2008-09-30,2008-06-30,2008-03-31,2007-12-31,2007-09-30,2007-06-30,2007-03-31,2006-12-31,2006-09-30,2006-06-30,2006-03-31,2005-12-31,2005-09-30,2005-06-30,2005-03-31,2004-12-31,2004-09-30,2004-06-30,2004-03-31,2003-12-31,2003-09-30,2003-06-30,2003-03-31,2002-12-31,2002-09-30,2002-06-30,2002-03-31,2001-12-31,2001-09-30,2001-06-30,2001-03-31,2000-12-31,2000-09-30,2000-06-30,2000-03-31,1999-12-31,1999-09-30,1999-06-30,1999-03-31,1998-12-31,1998-09-30,1998-06-30,1998-03-31,1997-12-31,1997-09-30,1997-06-30,1997-03-31,1996-12-31,1996-09-30,1996-06-30,1996-03-31,1995-12-31,1995-09-30,1995-06-30,1995-03-31,1994-12-31,1994-09-30,1994-06-30,1994-03-31,1993-12-31,1993-09-30,1993-06-30,1993-03-31,1992-12-31,1992-09-30,1992-06-30,1992-03-31,1991-12-31,1991-09-30,1991-06-30,1991-03-31,1990-12-31,1990-09-30,1990-06-30,1990-03-31,1989-12-31,1989-09-30,1989-06-30,1989-03-31,1988-12-31,1988-09-30,1988-06-30,1988-03-31,1987-12-31,1987-09-30,1987-06-30,1987-03-31,1986-12-31,1986-09-30,1986-06-30,1986-03-31,1985-12-31,1985-09-30
date,2023-09-30,2023-06-30,2023-03-31,2022-12-31,2022-09-30,2022-06-30,2022-03-31,2021-12-31,2021-09-30,2021-06-30,2021-03-31,2020-12-31,2020-09-30,2020-06-30,2020-03-31,2019-12-31,2019-09-30,2019-06-30,2019-03-31,2018-12-31,2018-09-30,2018-06-30,2018-03-31,2017-12-31,2017-09-30,2017-06-30,2017-03-31,2016-12-31,2016-09-30,2016-06-30,2016-03-31,2015-12-31,2015-09-30,2015-06-30,2015-03-31,2014-12-31,2014-09-30,2014-06-30,2014-05-27,2014-03-31,2013-12-31,2013-09-30,2013-06-30,2013-03-31,2012-12-31,2012-09-30,2012-06-30,2012-03-31,2011-12-31,2011-09-30,2011-06-30,2011-03-31,2010-12-31,2010-09-30,2010-06-30,2010-03-31,2009-12-31,2009-09-30,2009-06-30,2009-03-31,2008-12-31,2008-09-30,2008-06-30,2008-03-31,2007-12-31,2007-09-30,2007-06-30,2007-03-31,2006-12-31,2006-09-30,2006-06-30,2006-03-31,2005-12-31,2005-09-30,2005-06-30,2005-03-31,2004-12-31,2004-09-30,2004-06-30,2004-03-31,2003-12-31,2003-09-30,2003-06-30,2003-03-31,2002-12-31,2002-09-30,2002-06-30,2002-03-31,2001-12-31,2001-09-30,2001-06-30,2001-03-31,2000-12-31,2000-09-30,2000-06-30,2000-03-31,1999-12-31,1999-09-30,1999-06-30,1999-03-31,1998-12-31,1998-09-30,1998-06-30,1998-03-31,1997-12-31,1997-09-30,1997-06-30,1997-03-31,1996-12-31,1996-09-30,1996-06-30,1996-03-31,1995-12-31,1995-09-30,1995-06-30,1995-03-31,1994-12-31,1994-09-30,1994-06-30,1994-03-31,1993-12-31,1993-09-30,1993-06-30,1993-03-31,1992-12-31,1992-09-30,1992-06-30,1992-03-31,1991-12-31,1991-09-30,1991-06-30,1991-03-31,1990-12-31,1990-09-30,1990-06-30,1990-03-31,1989-12-31,1989-09-30,1989-06-30,1989-03-31,1988-12-31,1988-09-30,1988-06-30,1988-03-31,1987-12-31,1987-09-30,1987-06-30,1987-03-31,1986-12-31,1986-09-30,1986-06-30,1986-03-31,1985-12-31,1985-09-30
filing_date,2023-11-08,2023-08-09,2023-05-09,2023-03-16,2022-11-10,2022-08-11,2022-05-16,2022-03-09,2021-11-04,2021-08-12,2021-05-06,2021-03-05,2020-11-05,2020-08-06,2020-05-07,2020-03-06,2019-11-06,2019-08-07,2019-05-08,2019-03-11,2018-11-07,2018-08-08,2018-05-09,2018-03-12,2017-11-09,2017-08-09,2017-05-09,2017-03-31,2016-11-09,2016-08-09,2016-05-09,2016-03-11,2015-11-06,2015-08-07,2015-05-08,2015-03-13,2014-11-07,2014-08-11,2014-08-11,2014-05-12,2014-03-13,2013-11-08,2013-08-08,2013-05-09,2013-03-15,2012-11-13,2012-08-14,2012-05-14,2012-03-23,2011-11-14,2011-08-12,2011-05-13,2011-03-21,2010-11-12,2010-08-12,2010-05-13,2010-03-23,2009-11-13,2009-08-12,2009-05-14,2009-03-24,2008-11-14,2008-08-13,2008-05-13,2008-03-31,2007-11-14,2007-08-13,2007-05-15,2007-03-30,2006-11-14,2006-08-11,2006-05-15,2006-03-31,2005-11-14,2005-08-11,2005-05-16,2005-03-24,2004-11-12,2004-08-11,2004-05-14,2004-03-24,2003-11-13,2003-08-13,2003-05-14,2003-03-28,2002-11-13,2002-08-14,2002-05-14,2002-03-28,2001-11-13,2001-08-13,2001-05-11,2001-03-22,2000-11-13,2000-08-11,2000-05-12,2000-03-17,1999-11-12,1999-08-06,1999-05-12,1999-03-17,1998-11-12,1998-08-12,1998-05-14,1998-03-24,1997-11-12,1997-08-12,1997-05-12,1997-03-21,1996-11-12,1996-08-13,1996-05-15,1996-03-26,1995-11-13,1995-08-11,1995-05-15,1994-12-31,1994-09-30,1994-06-30,1994-03-31,1993-12-31,1993-09-30,1993-06-30,1993-03-31,1992-12-31,1992-09-30,1992-06-30,1992-03-31,1991-12-31,1991-09-30,1991-06-30,1991-03-31,1990-12-31,1990-09-30,1990-06-30,1990-03-31,1989-12-31,1989-09-30,1989-06-30,1989-03-31,1988-12-31,1988-09-30,1988-06-30,1988-03-31,1987-12-31,1987-09-30,1987-06-30,1987-03-31,1986-12-31,1986-09-30,1986-06-30,1986-03-31,1985-12-31,1985-09-30
currency_symbol,USD,USD,USD,USD,USD,USD,USD,USD,USD,USD,USD,USD,USD,USD,USD,USD,USD,USD,USD,USD,USD,USD,USD,USD,USD,USD,USD,USD,USD,USD,USD,USD,USD,USD,USD,USD,USD,USD,USD,USD,USD,USD,USD,USD,USD,USD,USD,USD,USD,USD,USD,USD,USD,USD,USD,USD,USD,USD,USD,USD,USD,USD,USD,USD,USD,USD,USD,USD,USD,USD,USD,USD,USD,USD,USD,USD,USD,USD,USD,USD,USD,USD,USD,USD,USD,USD,USD,USD,USD,USD,USD,USD,USD,USD,USD,USD,USD,USD,USD,USD,USD,USD,USD,USD,USD,USD,USD,USD,USD,USD,USD,USD,USD,USD,USD,USD,USD,USD,USD,USD,USD,USD,USD,USD,USD,USD,USD,USD,USD,USD,USD,USD,USD,USD,USD,USD,USD,USD,USD,USD,USD,USD,USD,USD,USD,USD,USD,USD,USD,USD,USD,USD,USD,USD
totalAssets,410595000.00,343482000.00,371563000.00,384159000.00,462123000.00,504623000.00,470117000.00,374703000.00,370425000.00,365006000.00,332302000.00,296187000.00,256460000.00,261334000.00,253656000.00,330842000.00,313845000.00,301764000.00,314635000.00,278870000.00,313312000.00,303127000.00,284508000.00,282704000.00,248529000.00,243950000.00,264163000.00,246872000.00,232911000.00,251526000.00,237915000.00,243215000.00,288801000.00,339572000.00,319524000.00,340814000.00,455900000.00,483144000.00,388152000.00,464612000.00,448082000.00,474680000.00,427217000.00,417818000.00,419501000.00,388655000.00,344035000.00,412534000.00,378840000.00,353587000.00,359388000.00,345957000.00,301305000.00,250900000.00,251192000.00,268909000.00,249401000.00,240381000.00,241452000.00,208987000.00,210926000.00,347456000.00,497246000.00,420845000.00,357075000.00,304697000.00,302946000.00,290347000.00,289287000.00,277396000.00,305987000.00,299163000.00,312662000.00,310282000.00,240486000.00,252920000.00,238854000.00,226225000.00,215703000.00,214020000.00,210261000.00,191431000.00,218964000.00,256821000.00,202120000.00,195265000.00,217187000.00,215234000.00,227027000.00,332460000.00,314030000.00,323335000.00,448044000.00,380463000.00,379318000.00,353795000.00,293000000.00,234300000.00,165900000.00,136000000.00,122300000.00,115800000.00,89500000.00,95800000.00,114300000.00,114200000.00,93800000.00,98600000.00,110900000.00,106700000.00,95100000.00,93800000.00,80400000.00,83200000.00,71200000.00,70200000.00,62300000.00,59800000.00,60800000.00,51100000.00,50300000.00,57400000.00,58800000.00,66500000.00,58100000.00,62900000.00,50600000.00,19500000.00,20600000.00,19100000.00,18500000.00,18400000.00,19600000.00,19900000.00,17100000.00,17900000.00,18300000.00,16400000.00,15400000.00,,14300000.00,,,,13600000.00,,,,15500000.00,,,,25400000.00,
intangibleAssets,8407000.00,8837000.00,9294000.00,9745000.00,10379000.00,2938000.00,3126000.00,3317000.00,3509000.00,3700000.00,3902000.00,4106000.00,4304000.00,4491000.00,1465000.00,1597000.00,1704000.00,1936000.00,0.00,0.00,0.00,0.00,0.00,0.00,0.00,0.00,0.00,0.00,0.00,0.00,0.00,0.00,0.00,0.00,0.00,0.00,0.00,,0.00,0.00,0.00,0.00,0.00,0.00,0.00,0.00,0.00,0.00,0.00,0.00,0.00,,,,,,,,,,,,,,,,,,,,,,,,,,,,,,,,,,,,,,,,,,,,,,,,,,,,,,,,,,,,,,,,,,,,,,,,,,,,,,,,,,,,,,,,,,,,,,,,,,,,,,,
earningAssets,,,,,,,,,,,,,,,,,,,,,,,,,,,,,,,,,,,,,,,,,,,,,,,,,,,,,,,,,,,,,,,,,,,,,,,,,,,,,,,,,,,,,,,,,,,,,,,,,,,,,,,,,,,,,,,,,,,,,,,,,,,,,,,,,,,,,,,,,,,,,,,,,,,,,,,,,,
otherCurrentAssets,2168000.00,1842000.00,1968000.00,3118000.00,1714000.00,1283000.00,1204000.00,2389000.00,1334000.00,1082000.00,1138000.00,2964000.00,1264000.00,849000.00,960000.00,1559000.00,1264000.00,1123000.00,1011000.00,1557000.00,997000.00,615000.00,697000.00,1264000.00,967000.00,529000.00,586000.00,105176000.00,96413000.00,887000.00,698000.00,84660000.00,117794000.00,577000.00,781000.00,170761000.00,259018000.00,1365000.00,21490000.00,627000.00,290997000.00,831000.00,293444000.00,292763000.00,277317000.00,1540000.00,1010000.00,854000.00,2064000.00,4691000.00,16285000.00,13958000.00,2764000.00,2152000.00,956000.00,197268000.00,1581000.00,3090000.00,1783000.00,7085000.00,8697000.00,4287000.00,20567000.00,12294000.00,3768000.00,6921000.00,12722000.00,8140000.00,4539000.00,3612000.00,4692000.00,4795000.00,7586000.00,3567000.00,3702000.00,2677000.00,8345000.00,7332000.00,8308000.00,6050000.00,5140000.00,6759000.00,9786000.00,19698000.00,3349000.00,3240000.00,10740000.00,14210000.00,28630000.00,3236000.00,1565000.00,1310000.00,2604000.00,4628000.00,4215000.00,1589000.00,1600000.00,1000000.00,1500000.00,-100000.00,800000.00,1100000.00,1200000.00,1100000.00,1700000.00,100000.00,1700000.00,1400000.00,2600000.00,500000.00,1000000.00,1300000.00,1000000.00,900000.00,800000.00,800000.00,500000.00,700000.00,500000.00,600000.00,600000.00,700000.00,600000.00,600000.00,500000.00,700000.00,900000.00,800000.00,400000.00,500000.00,400000.00,600000.00,500000.00,700000.00,900000.00,900000.00,400000.00,500000.00,500000.00,,400000.00,,,,300000.00,,,,300000.00,,,,100000.00,
totalLiab,316534000.00,251761000.00,280408000.00,290982000.00,292872000.00,337171000.00,304596000.00,214317000.00,212343000.00,210155000.00,181285000.00,147095000.00,112376000.00,119444000.00,114330000.00,179201000.00,163964000.00,151656000.00,163936000.00,132272000.00,162045000.00,153103000.00,137179000.00,135585000.00,104176000.00,95636000.00,114639000.00,95560000.00,80504000.00,96038000.00,84903000.00,90705000.00,126959000.00,176494000.00,159857000.00,183317000.00,290806000.00,320977000.00,320977000.00,305492000.00,293397000.00,319176000.00,277942000.00,273945000.00,283643000.00,257749000.00,221392000.00,295277000.00,268158000.00,245234000.00,260061000.00,250219000.00,211150000.00,160858000.00,163912000.00,183314000.00,165600000.00,153377000.00,155087000.00,125356000.00,129165000.00,257254000.00,400768000.00,329192000.00,267633000.00,215276000.00,216380000.00,215067000.00,214919000.00,202381000.00,232649000.00,229863000.00,247006000.00,250673000.00,186174000.00,200494000.00,189279000.00,177585000.00,171415000.00,170850000.00,168029000.00,148880000.00,177086000.00,216373000.00,162020000.00,154730000.00,176841000.00,175443000.00,187831000.00,289027000.00,269548000.00,277224000.00,403731000.00,337386000.00,338458000.00,315721000.00,257000000.00,199600000.00,132800000.00,105300000.00,92200000.00,86100000.00,59900000.00,66600000.00,86200000.00,87200000.00,68400000.00,73900000.00,88100000.00,87400000.00,76700000.00,77100000.00,64700000.00,67400000.00,56800000.00,56300000.00,49100000.00,47100000.00,48800000.00,40200000.00,40000000.00,47500000.00,49200000.00,57300000.00,49300000.00,53600000.00,42000000.00,11900000.00,13200000.00,12400000.00,13600000.00,13800000.00,15100000.00,16000000.00,13500000.00,14800000.00,15500000.00,14400000.00,13700000.00,,16000000.00,,,,17900000.00,,,,21700000.00,,,,33300000.00,
totalStockholderEquity,94061000.00,91721000.00,91155000.00,93177000.00,169251000.00,167452000.00,165521000.00,160386000.00,158082000.00,154851000.00,151017000.00,149092000.00,144084000.00,141890000.00,139326000.00,151641000.00,149881000.00,150108000.00,150699000.00,146598000.00,151267000.00,150024000.00,147329000.00,147119000.00,144353000.00,148314000.00,149524000.00,151312000.00,152407000.00,155488000.00,153012000.00,152510000.00,161842000.00,163078000.00,159667000.00,157497000.00,165094000.00,162167000.00,162167000.00,159120000.00,154685000.00,155504000.00,149275000.00,143873000.00,135858000.00,130906000.00,122643000.00,117257000.00,110682000.00,108353000.00,99327000.00,95738000.00,90155000.00,90042000.00,87280000.00,85595000.00,83801000.00,87004000.00,86365000.00,83631000.00,81761000.00,90202000.00,96478000.00,91653000.00,89442000.00,89421000.00,86566000.00,75280000.00,74368000.00,75015000.00,73338000.00,69300000.00,65656000.00,59609000.00,54312000.00,52426000.00,49575000.00,48640000.00,44288000.00,43170000.00,42232000.00,42551000.00,41878000.00,40448000.00,40100000.00,40535000.00,40346000.00,39791000.00,39196000.00,43433000.00,44482000.00,46111000.00,44313000.00,43077000.00,40860000.00,38074000.00,36000000.00,34700000.00,33100000.00,30700000.00,30100000.00,29700000.00,29600000.00,29200000.00,28100000.00,27000000.00,25400000.00,24700000.00,22800000.00,19300000.00,18400000.00,16700000.00,15700000.00,15800000.00,14400000.00,13900000.00,13200000.00,12700000.00,12000000.00,10900000.00,10300000.00,9900000.00,9600000.00,9200000.00,8800000.00,9300000.00,8600000.00,7600000.00,7400000.00,6700000.00,4900000.00,4600000.00,4500000.00,3900000.00,3600000.00,3100000.00,2800000.00,2000000.00,1700000.00,,-1700000.00,,,,-4300000.00,,,,-6200000.00,,,,-7900000.00,
deferredLongTermLiab,,15233000.00,14579000.00,15996000.00,15054000.00,10979000.00,11878000.00,11320000.00,11060000.00,11093000.00,11900000.00,12732000.00,7547000.00,7519000.00,10059000.00,6352000.00,5763000.00,5283000.00,5104000.00,4271000.00,2655000.00,2516000.00,2646000.00,3363000.00,5943000.00,6226000.00,7212000.00,7157000.00,6850000.00,6062000.00,6680000.00,8039000.00,11132000.00,12803000.00,11306000.00,12250000.00,16073000.00,16416000.00,16416000.00,18072000.00,18664000.00,18099000.00,16662000.00,16324000.00,15675000.00,14826000.00,11296000.00,0.00,0.00,12668000.00,0.00,,,,,,,,,,,,,,,,,,,,,,,,,,,,,,,,,,,,,,,,,,,,,,,,,,,,,,,,,,,,,,,,,,,,,,,,,,,,,,,,,,,,,,,,,,,,,,,,,,,,,,,
otherCurrentLiab,1253000.00,1207000.00,16627000.00,19544000.00,21101000.00,15055000.00,11930000.00,11946000.00,14048000.00,14777000.00,20434000.00,22395000.00,11687000.00,11181000.00,9334000.00,7302000.00,10835000.00,10149000.00,8850000.00,6287000.00,8466000.00,7359000.00,5544000.00,4549000.00,5860000.00,4946000.00,7303000.00,6124000.00,7172000.00,7599000.00,6509000.00,6040000.00,11648000.00,11901000.00,10805000.00,943000.00,10255000.00,8290000.00,,7894000.00,91000.00,12595000.00,11310000.00,11594000.00,412000.00,16044000.00,12659000.00,14092000.00,7380000.00,15567000.00,13751000.00,18337000.00,1478000.00,8217000.00,6067000.00,7968000.00,1331000.00,7731000.00,5963000.00,10516000.00,8196000.00,9871000.00,25700000.00,16330000.00,4116000.00,9043000.00,10968000.00,10856000.00,11897000.00,14769000.00,10021000.00,4352000.00,11542000.00,34101000.00,6949000.00,10044000.00,13163000.00,12027000.00,6543000.00,7401000.00,7618000.00,6627000.00,10633000.00,10580000.00,10518000.00,7430000.00,10579000.00,7601000.00,16818000.00,29792000.00,21257000.00,13912000.00,42240000.00,9905000.00,11994000.00,8167000.00,8300000.00,8500000.00,5600000.00,4300000.00,3900000.00,3700000.00,3000000.00,3000000.00,3500000.00,2600000.00,2700000.00,2300000.00,3500000.00,2800000.00,1900000.00,2400000.00,2400000.00,2200000.00,1200000.00,800000.00,2400000.00,1300000.00,1900000.00,1900000.00,2500000.00,2800000.00,1900000.00,2000000.00,2200000.00,1500000.00,1400000.00,1700000.00,2800000.00,1200000.00,1900000.00,1300000.00,1800000.00,1700000.00,1800000.00,1700000.00,1900000.00,1600000.00,1400000.00,,6900000.00,,,,6300000.00,,,,6800000.00,,,,14200000.00,
commonStock,253000.00,252000.00,252000.00,248000.00,438000.00,436000.00,435000.00,433000.00,432000.00,424000.00,423000.00,423000.00,423000.00,423000.00,423000.00,423000.00,423000.00,423000.00,422000.00,422000.00,422000.00,422000.00,422000.00,422000.00,422000.00,422000.00,422000.00,422000.00,422000.00,422000.00,422000.00,422000.00,422000.00,422000.00,422000.00,422000.00,422000.00,422000.00,422000.00,422000.00,422000.00,422000.00,422000.00,422000.00,422000.00,422000.00,422000.00,422000.00,422000.00,422000.00,422000.00,422000.00,422000.00,422000.00,422000.00,422000.00,422000.00,422000.00,422000.00,422000.00,422000.00,422000.00,422000.00,422000.00,422000.00,422000.00,422000.00,422000.00,422000.00,422000.00,422000.00,422000.00,422000.00,422000.00,422000.00,422000.00,422000.00,422000.00,422000.00,422000.00,422000.00,422000.00,422000.00,422000.00,422000.00,422000.00,422000.00,422000.00,422000.00,422000.00,422000.00,422000.00,422000.00,422000.00,422000.00,422000.00,400000.00,400000.00,400000.00,400000.00,400000.00,400000.00,400000.00,400000.00,400000.00,400000.00,400000.00,400000.00,400000.00,400000.00,400000.00,400000.00,400000.00,400000.00,400000.00,400000.00,,,,,,,,,,,,,,,-500000.00,-500000.00,-500000.00,-500000.00,-500000.00,-500000.00,-500000.00,-2500000.00,-2500000.00,,,,,,,,,,,,,,,
capitalStock,253000.00,252000.00,252000.00,248000.00,438000.00,436000.00,435000.00,433000.00,432000.00,424000.00,,,,,,,,,,,,,,,,,,,,,,,,,,,,,,,,,,,,,,,,,,,,,,,,,,,,,,,,,,,,,,,,,,,,,,,,,,,,,,,,,,,,,,,,,,,,,,,,,,,,,,,,,,,,,,,,,,,,,,,,,,,,,,,,,,,,,,,,,,,,,,,,
retainedEarnings,72155000.00,70526000.00,70332000.00,72964000.00,150595000.00,149475000.00,148066000.00,143040000.00,141275000.00,140772000.00,137100000.00,135329000.00,130511000.00,128466000.00,125991000.00,138440000.00,136806000.00,137188000.00,138206000.00,134228000.00,139008000.00,137906000.00,135214000.00,135004000.00,132238000.00,136199000.00,137409000.00,139197000.00,140292000.00,143373000.00,140897000.00,140395000.00,149727000.00,150963000.00,147552000.00,145382000.00,152979000.00,150052000.00,150052000.00,147005000.00,142570000.00,143389000.00,137160000.00,131758000.00,123743000.00,118791000.00,110528000.00,105142000.00,98567000.00,96238000.00,87212000.00,83623000.00,78040000.00,77927000.00,75165000.00,73480000.00,71686000.00,74889000.00,74250000.00,71516000.00,69646000.00,78087000.00,84363000.00,79538000.00,77327000.00,77306000.00,74451000.00,63165000.00,62253000.00,62900000.00,61223000.00,57185000.00,53541000.00,47494000.00,42197000.00,40311000.00,37460000.00,36525000.00,32173000.00,31055000.00,30117000.00,30436000.00,29763000.00,28333000.00,27985000.00,28420000.00,28231000.00,27676000.00,27081000.00,31318000.00,32367000.00,33996000.00,32198000.00,30962000.00,28745000.00,25959000.00,23900000.00,22600000.00,21000000.00,18600000.00,17900000.00,17600000.00,17500000.00,17100000.00,16000000.00,14900000.00,13300000.00,12600000.00,10700000.00,9000000.00,8100000.00,6400000.00,5400000.00,5500000.00,5500000.00,5000000.00,4300000.00,3900000.00,3100000.00,2100000.00,1500000.00,1100000.00,700000.00,400000.00,,-16200000.00,-16800000.00,-17900000.00,-18100000.00,-18800000.00,-19500000.00,-19700000.00,-19800000.00,-20500000.00,-20800000.00,-21300000.00,-21600000.00,-22400000.00,-22800000.00,,-23200000.00,,,,25200000.00,,,,-27100000.00,,,,-28700000.00,
otherLiab,,,,,17528000.00,13385000.00,14269000.00,13696000.00,13419000.00,13435000.00,14225000.00,15040000.00,9157000.00,9117000.00,11644000.00,7925000.00,7312000.00,6833000.00,6642000.00,5796000.00,4069000.00,128370.08,3980000.00,1334000.00,7206000.00,7462000.00,9302000.00,2329000.00,9201000.00,8498000.00,9106000.00,2510000.00,13595000.00,15287000.00,13803000.00,2532000.00,18516000.00,18995000.00,,20663000.00,2594000.00,20016000.00,18526000.00,18146000.00,1901000.00,16692000.00,13037000.00,12462000.00,1643000.00,14120000.00,8765000.00,6485000.00,1487000.00,2684000.00,1442000.00,1408000.00,1409000.00,1829000.00,1489000.00,1435000.00,1358000.00,3758000.00,8432000.00,7203000.00,6312000.00,6037000.00,7281000.00,7559000.00,5337000.00,6333000.00,5552000.00,4944000.00,4402000.00,5380000.00,4654000.00,4454000.00,4254000.00,3932000.00,3917000.00,3903000.00,3889000.00,2605000.00,3144000.00,3141000.00,2783000.00,4291000.00,5893000.00,7012000.00,7385000.00,3625000.00,4154000.00,5003000.00,4088000.00,3101000.00,2925000.00,2744000.00,,,,,,,,,,,,,,,,,,,,,,,,,,,,,,,,,,,,,,,,,,,,,,,,,,,,,,,,,,
goodWill,6673000.00,6673000.00,6428000.00,6428000.00,5755000.00,,,,,,,4106000.00,4304000.00,4491000.00,1465000.00,1597000.00,1704000.00,1936000.00,0.00,0.00,0.00,0.00,0.00,0.00,0.00,0.00,0.00,0.00,0.00,0.00,0.00,0.00,0.00,0.00,0.00,0.00,0.00,,0.00,0.00,0.00,0.00,0.00,0.00,0.00,0.00,0.00,0.00,0.00,0.00,0.00,,,,,,,,,,,,,,,,,,,,,,,,,,,,,,,,,,,,,,,,,,,,,,,,,,,,,,,,,,,,,,,,,,,,,,,,,,,,,,,,,,,,,,,,,,,,,,,,,,,,,,,
otherAssets,1281000.00,1281000.00,1222000.00,1257000.00,3445000.00,2714000.00,2777000.00,3027000.00,2965000.00,2930000.00,2482000.00,10434000.00,2193000.00,2147000.00,2187000.00,3299000.00,3018000.00,2873000.00,556000.00,4657000.00,6239000.00,216667.49,6523000.00,7657000.00,8132000.00,12800000.00,7240000.00,8029000.00,8497000.00,9990000.00,8871000.00,6963000.00,5906000.00,5409000.00,5128000.00,4998000.00,5816000.00,5174000.00,0.00,4762000.00,4487000.00,3983000.00,3915000.00,4135000.00,4233000.00,4436000.00,4697000.00,4796000.00,4640000.00,3203000.00,3306000.00,3265000.00,6740000.00,3108000.00,4350000.00,4818000.00,4533000.00,5314000.00,5670000.00,5194000.00,5974000.00,4083000.00,7733000.00,6619000.00,5484000.00,4802000.00,5965000.00,6782000.00,4181000.00,2928000.00,2909000.00,2300000.00,2316000.00,2479000.00,1285000.00,438000.00,439000.00,154000.00,182000.00,184000.00,203000.00,415000.00,416000.00,416000.00,762000.00,1139000.00,1486000.00,2145000.00,3823000.00,178000.00,5158000.00,2186000.00,178000.00,323000.00,723000.00,177000.00,,,,,,,,,,,,,,,,,,,,,,,,,,,,,,,,,,,,,,,,,,,,,,,,,,,,,,,,,,
cash,16313000.00,8974000.00,42135000.00,20532000.00,86510000.00,67728000.00,99295000.00,97825000.00,95634000.00,88668000.00,58985000.00,39293000.00,53106000.00,70215000.00,87398000.00,112994000.00,124726000.00,127670000.00,130893000.00,117066000.00,130774000.00,126999000.00,111536000.00,109393000.00,99449000.00,103687000.00,98073000.00,87342000.00,78485000.00,90771000.00,83099000.00,91877000.00,95235000.00,83980000.00,88132000.00,80184000.00,97435000.00,47998000.00,47998000.00,87379000.00,60733000.00,52044000.00,34214000.00,32503000.00,47239000.00,52054000.00,32213000.00,35989000.00,37066000.00,49560000.00,27939000.00,12685000.00,29032000.00,30303000.00,38180000.00,23380000.00,16806000.00,36728000.00,21978000.00,22311000.00,18208000.00,39045000.00,22676000.00,25957000.00,23697000.00,25076000.00,21811000.00,21307000.00,20668000.00,22312000.00,21886000.00,24811000.00,18817000.00,24610000.00,20026000.00,23066000.00,19942000.00,21734000.00,17562000.00,29163000.00,28342000.00,34422000.00,33890000.00,28756000.00,27262000.00,23664000.00,15389000.00,18250000.00,14177000.00,10435000.00,21413000.00,22951000.00,36140000.00,27111000.00,18574000.00,48817000.00,24100000.00,38200000.00,14000000.00,13200000.00,10200000.00,10200000.00,3300000.00,4900000.00,6500000.00,5300000.00,3800000.00,4300000.00,3800000.00,4200000.00,2500000.00,3600000.00,4000000.00,2400000.00,2100000.00,1800000.00,2700000.00,4900000.00,7200000.00,3600000.00,3300000.00,1500000.00,3600000.00,1800000.00,2700000.00,2600000.00,2100000.00,1000000.00,3000000.00,800000.00,400000.00,700000.00,1200000.00,500000.00,1400000.00,1100000.00,2700000.00,800000.00,500000.00,,1400000.00,,,,1000000.00,,,,2400000.00,,,,3900000.00,
cashAndEquivalents,16313000.00,8974000.00,42135000.00,20532000.00,86510000.00,67728000.00,99295000.00,97825000.00,95634000.00,88668000.00,,,,,,,,,,,,,,,,,,,,,,,,,,,,,,,,,,,,,,,,,,,,,,,,,,,,,,,,,,,,,,,,,,,,,,,,,,,,,,,,,,,,,,,,,,,,,,,,,,,,,,,,,,,,,,,,,,,,,,,,,,,,,,,,,,,,,,,,,,,,,,,,
totalCurrentLiabilities,252601000.00,188574000.00,218873000.00,231060000.00,245231000.00,310972000.00,276979000.00,186011000.00,175137000.00,172407000.00,149255000.00,114548000.00,92894000.00,99238000.00,91981000.00,159577000.00,143835000.00,131351000.00,145343000.00,123267000.00,155935000.00,148005000.00,131934000.00,129598000.00,95505000.00,88174000.00,105337000.00,86074000.00,71303000.00,87540000.00,75797000.00,80197000.00,113364000.00,161207000.00,146054000.00,168603000.00,272290000.00,301982000.00,301982000.00,284829000.00,272169000.00,299160000.00,259416000.00,255799000.00,266082000.00,241057000.00,208355000.00,282815000.00,256094000.00,231114000.00,251296000.00,243734000.00,206998000.00,158174000.00,162470000.00,181906000.00,164191000.00,151548000.00,153598000.00,123921000.00,127807000.00,253496000.00,392336000.00,321989000.00,261321000.00,209239000.00,209099000.00,204508000.00,206582000.00,193048000.00,217597000.00,213444000.00,231129000.00,233818000.00,170045000.00,184565000.00,173550000.00,162178000.00,156023000.00,155472000.00,152665000.00,134800000.00,162467000.00,201757000.00,147762000.00,138964000.00,159473000.00,157056000.00,168971000.00,273502000.00,253494000.00,260321000.00,387743000.00,324385000.00,325633000.00,303077000.00,244800000.00,191700000.00,122600000.00,99200000.00,82300000.00,77800000.00,52500000.00,61300000.00,78400000.00,78600000.00,64700000.00,70000000.00,81000000.00,81000000.00,71100000.00,66500000.00,53600000.00,56400000.00,44500000.00,43800000.00,38500000.00,41200000.00,42600000.00,35700000.00,35200000.00,43100000.00,44300000.00,52700000.00,44400000.00,49400000.00,37200000.00,8100000.00,8900000.00,8200000.00,8500000.00,9100000.00,9900000.00,11800000.00,8100000.00,9100000.00,9700000.00,9000000.00,8700000.00,,7600000.00,,,,7500000.00,,,,13300000.00,,,,16900000.00,
currentDeferredRevenue,12603000.00,12834000.00,,,,,,,,,,,,,,5000.00,,,,29000.00,,,,5000.00,,,,,,,,,,,,658000.00,,,,,358000.00,,,,34000.00,,,,473000.00,,,,374000.00,,,,1290000.00,,,,2035000.00,,,,1104000.00,,,,1053000.00,,,,1129000.00,,,,,,,,,,,,,,,,,,,,,,,,,,,,,,,,,,,,,,,,,,,,,,,,,,,,,,,,,,,,,,,,,,,,,,,,,,,,,,,,,
netDebt,41557000.00,48076000.00,12929000.00,28029000.00,-49410000.00,-48378000.00,-80396000.00,-77374000.00,-65618000.00,-57838000.00,-34514000.00,-15624000.00,-38139000.00,-54485000.00,-72297000.00,-96876000.00,-107522000.00,-109985000.00,-115780000.00,-112974000.00,-128165000.00,-125477000.00,-109930000.00,-107704000.00,-97678000.00,-103687000.00,-98073000.00,-87342000.00,-78485000.00,-90771000.00,-83099000.00,-91877000.00,-95235000.00,-83980000.00,-88132000.00,-80184000.00,-97435000.00,-47998000.00,,-87379000.00,-60733000.00,-52044000.00,-34214000.00,-32503000.00,-47239000.00,-52054000.00,-32213000.00,-35989000.00,-37066000.00,-49560000.00,-27939000.00,-12685000.00,-29032000.00,-30303000.00,-38180000.00,-23380000.00,-16806000.00,-36728000.00,-21978000.00,-22311000.00,-18208000.00,-39045000.00,-22676000.00,-25957000.00,-23697000.00,-25076000.00,-21811000.00,-18307000.00,-17668000.00,-19312000.00,-12386000.00,-13336000.00,-7342000.00,-13135000.00,-8551000.00,-11591000.00,-8467000.00,-10259000.00,-6087000.00,-17688000.00,-16867000.00,-22947000.00,-22415000.00,-17281000.00,-15787000.00,-12189000.00,-3914000.00,-6875000.00,-2702000.00,4465000.00,-9513000.00,-11051000.00,-24240000.00,-17211000.00,-8674000.00,-38917000.00,-14200000.00,-32200000.00,-5500000.00,-8000000.00,-1100000.00,-2400000.00,3400000.00,-400000.00,500000.00,2600000.00,-900000.00,-1200000.00,2500000.00,1800000.00,5000000.00,8200000.00,8300000.00,9100000.00,9500000.00,11300000.00,7300000.00,4700000.00,2600000.00,300000.00,1000000.00,2200000.00,700000.00,2100000.00,1400000.00,1200000.00,2300000.00,2400000.00,1000000.00,3100000.00,3700000.00,3100000.00,3000000.00,2600000.00,2900000.00,3200000.00,1500000.00,2400000.00,2500000.00,,2400000.00,,,,4200000.00,,,,5900000.00,,,,8800000.00,
shortTermDebt,12132000.00,11746000.00,10542000.00,7094000.00,6987000.00,6536000.00,5551000.00,5841000.00,6229000.00,6517000.00,6666000.00,6162000.00,4642000.00,4641000.00,4396000.00,4419000.00,4387000.00,4213000.00,3162000.00,883000.00,568000.00,345000.00,341000.00,338000.00,306000.00,34000.00,,64000.00,43000.00,292000.00,373000.00,195000.00,357000.00,360000.00,852000.00,6208000.00,10000.00,112000.00,112000.00,19000.00,5583000.00,39000.00,64000.00,502000.00,7284000.00,2712000.00,620000.00,2353000.00,-473000.00,6133000.00,6011000.00,,4374000.00,,,,3319000.00,,,,2304000.00,,,,3707000.00,,,,7897000.00,,,,4790000.00,,,,,,,,,,,,,,,,,3000000.00,,,,,,,,,,,,,,,100000.00,100000.00,100000.00,100000.00,100000.00,100000.00,2400000.00,1700000.00,1700000.00,1100000.00,300000.00,1700000.00,700000.00,5300000.00,5300000.00,100000.00,400000.00,300000.00,300000.00,300000.00,200000.00,200000.00,200000.00,200000.00,300000.00,200000.00,200000.00,300000.00,300000.00,300000.00,400000.00,500000.00,600000.00,700000.00,800000.00,,700000.00,,,,1200000.00,,,,6500000.00,,,,2700000.00,
shortLongTermDebt,2500000.00,2500000.00,,,,,,,,,,,,,,,,0.00,0.00,0.00,0.00,0.00,1606000.00,1689000.00,1771000.00,34000.00,,64000.00,43000.00,292000.00,,195000.00,,,,943000.00,,,,,,,,,,,,,,,,,,,,,,,,,,,,,,,,,,,,,,,,,,,,,,,,,,,,,,,,,,,,,,,,,,,,,,,,,,,,,,,,,,,,,,,,,,,,,,,,,,,,,,,,,,,,,,,,,,,,,,
shortLongTermDebtTotal,57870000.00,57050000.00,55064000.00,48561000.00,37100000.00,19350000.00,18899000.00,20451000.00,30016000.00,30830000.00,24471000.00,23669000.00,14967000.00,15730000.00,15101000.00,16118000.00,17204000.00,17685000.00,15113000.00,4092000.00,2609000.00,1522000.00,1606000.00,1689000.00,1771000.00,,,,,,,,,,,,,,,,,,,,,,,,,,,,,,,,,,,,,,,,,,,3000000.00,3000000.00,3000000.00,9500000.00,11475000.00,11475000.00,11475000.00,11475000.00,11475000.00,11475000.00,11475000.00,11475000.00,11475000.00,11475000.00,11475000.00,11475000.00,11475000.00,11475000.00,11475000.00,11475000.00,11375000.00,11475000.00,14900000.00,11900000.00,11900000.00,11900000.00,9900000.00,9900000.00,9900000.00,9900000.00,6000000.00,8500000.00,5200000.00,9100000.00,7800000.00,6700000.00,4500000.00,7000000.00,7900000.00,2900000.00,3100000.00,6300000.00,6000000.00,7500000.00,11800000.00,12300000.00,11500000.00,11600000.00,13100000.00,10000000.00,9600000.00,9800000.00,3900000.00,4300000.00,3700000.00,4300000.00,3900000.00,4100000.00,3800000.00,4400000.00,3400000.00,4000000.00,3900000.00,4100000.00,3800000.00,4200000.00,3100000.00,4300000.00,4300000.00,4200000.00,3200000.00,3000000.00,,3800000.00,,,,5200000.00,,,,8300000.00,,,,12700000.00,
otherStockholderEquity,21653000.00,20943000.00,20571000.00,19965000.00,18218000.00,17541000.00,17020000.00,16913000.00,16375000.00,13655000.00,13494000.00,13340000.00,108870000.00,110401000.00,109275000.00,107976000.00,107536000.00,110137000.00,107417000.00,106766000.00,106492000.00,108174000.00,109378000.00,108607000.00,107546000.00,105605000.00,159332000.00,156016000.00,155541000.00,159559000.00,164441000.00,165214000.00,159768000.00,155122000.00,149218000.00,11693000.00,11693000.00,11693000.00,,11693000.00,132261000.00,128746000.00,124678000.00,122193000.00,118096000.00,115418000.00,119427000.00,115811000.00,118505000.00,114199000.00,111684000.00,108903000.00,105841000.00,109950000.00,107268000.00,104726000.00,102048000.00,100256000.00,99318000.00,96842000.00,94970000.00,90953000.00,88222000.00,85271000.00,82521000.00,79662000.00,77474000.00,77994000.00,11693000.00,11693000.00,11693000.00,11693000.00,70658000.00,70288000.00,74132000.00,72300000.00,71298000.00,70757000.00,70809000.00,69417000.00,68035000.00,68338000.00,67022000.00,65861000.00,64808000.00,63980000.00,63391000.00,62701000.00,61982000.00,61465000.00,59779000.00,58067000.00,56328000.00,55209000.00,53513000.00,51923000.00,50300000.00,49800000.00,50500000.00,49400000.00,48000000.00,47900000.00,46200000.00,44000000.00,42100000.00,41100000.00,39700000.00,38700000.00,37100000.00,35300000.00,33700000.00,31900000.00,31000000.00,30300000.00,26700000.00,24900000.00,24500000.00,23500000.00,23200000.00,22900000.00,23000000.00,23000000.00,22600000.00,22200000.00,21800000.00,38400000.00,38100000.00,37800000.00,37400000.00,38100000.00,36500000.00,36000000.00,35700000.00,35500000.00,36000000.00,35900000.00,35600000.00,35400000.00,35900000.00,,33100000.00,,,,-17400000.00,,,,33200000.00,,,,32800000.00,
propertyPlantEquipment,117254000.00,118617000.00,117678000.00,106425000.00,115897000.00,90965000.00,93242000.00,88036000.00,98290000.00,97826000.00,90643000.00,94134000.00,64469000.00,69280000.00,65381000.00,69046000.00,62733000.00,55555000.00,48917000.00,44623000.00,30918000.00,27304000.00,27744000.00,29362000.00,31958000.00,33105000.00,43809000.00,46325000.00,49516000.00,51617000.00,56624000.00,59715000.00,69866000.00,75841000.00,81635000.00,84871000.00,93631000.00,89818000.00,89818000.00,91908000.00,91865000.00,95700000.00,95644000.00,88417000.00,90712000.00,95471000.00,89591000.00,80818000.00,69235000.00,74783000.00,-269544000.00,56862000.00,47589000.00,45558000.00,43776000.00,43443000.00,42305000.00,33991000.00,36650000.00,37674000.00,35586000.00,40878000.00,41645000.00,43172000.00,39698000.00,42321000.00,42123000.00,44398000.00,43316000.00,43495000.00,42860000.00,41983000.00,39896000.00,31415000.00,31473000.00,30993000.00,29076000.00,25332000.00,24943000.00,25017000.00,24407000.00,24259000.00,23816000.00,23438000.00,22304000.00,23663000.00,22844000.00,23831000.00,23899000.00,24214000.00,25690000.00,27145000.00,27517000.00,28426000.00,27821000.00,29037000.00,,,,,,,,,,,,,,,,,,,,,,,,,,,,,,,,,,,,,,,,,,,,,,,,,,,,,,,,,,
totalCurrentAssets,274786000.00,205791000.00,234568000.00,250143000.00,326647000.00,408006000.00,370972000.00,273210000.00,265661000.00,260550000.00,227501000.00,187513000.00,177041000.00,176817000.00,175533000.00,247324000.00,236253000.00,231307000.00,252086000.00,229590000.00,275730000.00,268780000.00,249816000.00,245685000.00,208439000.00,198045000.00,213114000.00,192518000.00,174898000.00,189919000.00,172420000.00,176537000.00,213029000.00,258322000.00,232761000.00,250945000.00,356453000.00,388152000.00,388152000.00,367942000.00,351730000.00,374997000.00,327658000.00,325266000.00,324556000.00,288748000.00,249747000.00,326920000.00,304965000.00,275601000.00,286520000.00,285830000.00,246976000.00,202234000.00,203066000.00,220648000.00,202563000.00,201076000.00,199132000.00,166119000.00,169366000.00,302495000.00,447868000.00,371054000.00,311893000.00,257574000.00,254858000.00,239167000.00,241790000.00,230973000.00,260218000.00,254880000.00,270450000.00,276388000.00,207728000.00,221489000.00,209339000.00,200739000.00,190578000.00,188819000.00,185651000.00,166757000.00,194732000.00,232967000.00,179054000.00,170463000.00,192857000.00,189258000.00,199305000.00,308068000.00,283182000.00,294004000.00,420349000.00,351714000.00,350774000.00,324581000.00,264200000.00,207900000.00,138500000.00,108400000.00,93200000.00,87400000.00,62100000.00,68800000.00,87100000.00,91200000.00,73100000.00,79900000.00,91500000.00,88600000.00,75800000.00,71600000.00,58700000.00,60600000.00,48900000.00,47400000.00,41400000.00,42000000.00,44200000.00,39200000.00,38000000.00,46100000.00,48000000.00,55600000.00,46900000.00,52900000.00,40600000.00,10500000.00,11700000.00,10000000.00,9000000.00,10100000.00,12000000.00,12900000.00,10000000.00,10800000.00,11000000.00,9100000.00,8200000.00,,7900000.00,,,,7300000.00,,,,7700000.00,,,,17100000.00,
longTermInvestments,,,,,,,,,,,,,,,,,,0.00,0.00,0.00,425000.00,425000.00,425000.00,425000.00,3200000.00,7570000.00,2500000.00,2500000.00,2500000.00,4300000.00,2009000.00,,,,,,,,,,,,,,,,,,,,,,,,,,,,,,,,,,,,,,,,,,,,,,,,,,,,,,,,,,,,,,,,,,,,,,,,,,,,,,,,,,,,,,,,,,,,,,,,,,,,,,,,,,,,,,,,,,,,,,,,,,,
netTangibleAssets,,76211000.00,75433000.00,77004000.00,153117000.00,164514000.00,162395000.00,157069000.00,154573000.00,151151000.00,147115000.00,144986000.00,139780000.00,137399000.00,137861000.00,150044000.00,148177000.00,148172000.00,150699000.00,146598000.00,151267000.00,150024000.00,147329000.00,147119000.00,144353000.00,148314000.00,149524000.00,151312000.00,152407000.00,155488000.00,153012000.00,152510000.00,161842000.00,163078000.00,159667000.00,157497000.00,165094000.00,162167000.00,162167000.00,159120000.00,154685000.00,155504000.00,149275000.00,143873000.00,135858000.00,130906000.00,122643000.00,117257000.00,110682000.00,108353000.00,99327000.00,,,,,,,,,,,,,,,,,,,,,,,,,,,,,,,,,,,,,,,,,,,,,,,,,,,,,,,,,,,,,,,,,,,,,,,,,,,,,,,,,,,,,,,,,,,,,,,,,,,,,,,
shortTermInvestments,,,,,,,,,,,,,,,,,,0.00,0.00,0.00,0.00,0.00,0.00,0.00,0.00,0.00,0.00,0.00,0.00,0.00,0.00,0.00,0.00,0.00,0.00,0.00,0.00,,0.00,0.00,0.00,0.00,0.00,0.00,0.00,0.00,0.00,0.00,0.00,3559000.00,8748000.00,8881000.00,,,,,,,,,,,,,,,,,,,,,,,,,,,,,,,,,,,,,,,,,,,,,,,,,,,,,,,,,,,,,,,,,,,,,,,,,,,,,,,,,,,,,,,,,,,,,,,,,,,,,,
netReceivables,219773000.00,158902000.00,158126000.00,189039000.00,198795000.00,267636000.00,217595000.00,144215000.00,136363000.00,131760000.00,122719000.00,113087000.00,101708000.00,77460000.00,67436000.00,97103000.00,80204000.00,76716000.00,90073000.00,88026000.00,108662000.00,118533000.00,117590000.00,122670000.00,85424000.00,76411000.00,92593000.00,89897000.00,76035000.00,81793000.00,73672000.00,74400000.00,95637000.00,145707000.00,118941000.00,145404000.00,227261000.00,282452000.00,282452000.00,231444000.00,246027000.00,289719000.00,261620000.00,254398000.00,240518000.00,199628000.00,190133000.00,251618000.00,234995000.00,189285000.00,213155000.00,224005000.00,192485000.00,145400000.00,145972000.00,171781000.00,158112000.00,137924000.00,149636000.00,114806000.00,123030000.00,238759000.00,376213000.00,305311000.00,269652000.00,212046000.00,207278000.00,200433000.00,208633000.00,196186000.00,222412000.00,214705000.00,232355000.00,234804000.00,169254000.00,182392000.00,169680000.00,159590000.00,154455000.00,144359000.00,140425000.00,117851000.00,136756000.00,171995000.00,141852000.00,135189000.00,155201000.00,141081000.00,138926000.00,273605000.00,239085000.00,242012000.00,346152000.00,268420000.00,292161000.00,240482000.00,217000000.00,161700000.00,112500000.00,86200000.00,73900000.00,70700000.00,51600000.00,61300000.00,73800000.00,80800000.00,63500000.00,69600000.00,80200000.00,80100000.00,68800000.00,62800000.00,50500000.00,54300000.00,42900000.00,41100000.00,36000000.00,33900000.00,33700000.00,32900000.00,32200000.00,41000000.00,41400000.00,49900000.00,40300000.00,47100000.00,34800000.00,7300000.00,6900000.00,7200000.00,6800000.00,7600000.00,9100000.00,10400000.00,6600000.00,7600000.00,6600000.00,6500000.00,5900000.00,,5000000.00,,,,5000000.00,,,,4100000.00,,,,11300000.00,
longTermDebt,20000000.00,20625000.00,21250000.00,24375000.00,15000000.00,,,,8000000.00,8000000.00,,,,,,,,0.00,0.00,0.00,0.00,0.00,1265000.00,1351000.00,1465000.00,0.00,0.00,0.00,0.00,0.00,0.00,0.00,0.00,0.00,0.00,0.00,0.00,,0.00,0.00,0.00,0.00,0.00,0.00,0.00,0.00,0.00,0.00,0.00,0.00,0.00,,,,,,,,,,,,,,,,,3000000.00,3000000.00,3000000.00,9500000.00,11475000.00,11475000.00,11475000.00,11475000.00,11475000.00,11475000.00,11475000.00,11475000.00,11475000.00,11475000.00,11475000.00,11475000.00,11475000.00,11475000.00,11475000.00,11475000.00,11375000.00,11475000.00,11900000.00,11900000.00,11900000.00,11900000.00,9900000.00,9900000.00,9900000.00,,,,,,,,,,,,,,,,,,,,,,,,,,,,,,,,,,,,,,,,,,,,,,,,,,,,,,,,,,
inventory,27650000.00,26523000.00,22275000.00,26919000.00,29844000.00,61281000.00,42382000.00,18942000.00,24362000.00,29712000.00,29223000.00,19336000.00,15942000.00,19837000.00,10021000.00,26407000.00,24900000.00,19977000.00,29237000.00,22779000.00,34760000.00,21513000.00,19267000.00,12192000.00,22398000.00,15957000.00,20627000.00,13070000.00,16066000.00,12862000.00,13378000.00,7671000.00,14815000.00,17077000.00,14284000.00,13481000.00,23324000.00,36212000.00,36212000.00,39537000.00,27616000.00,24095000.00,22920000.00,30532000.00,28222000.00,26159000.00,17001000.00,29150000.00,20189000.00,18415000.00,20393000.00,18756000.00,14591000.00,14611000.00,11550000.00,16498000.00,15260000.00,13655000.00,10252000.00,11108000.00,14207000.00,16398000.00,24472000.00,21507000.00,14776000.00,13531000.00,13047000.00,9287000.00,7950000.00,8863000.00,11228000.00,10569000.00,11692000.00,13407000.00,14746000.00,13354000.00,11372000.00,12083000.00,10253000.00,9247000.00,6874000.00,3252000.00,7018000.00,7569000.00,6591000.00,8370000.00,8850000.00,13033000.00,10004000.00,20792000.00,21119000.00,27731000.00,35453000.00,51555000.00,35824000.00,33693000.00,21500000.00,7000000.00,10500000.00,7600000.00,8300000.00,5400000.00,6000000.00,1500000.00,5100000.00,4100000.00,4100000.00,4600000.00,4900000.00,3800000.00,3500000.00,3900000.00,3200000.00,3000000.00,3100000.00,3700000.00,2200000.00,2500000.00,2800000.00,2100000.00,1900000.00,2900000.00,2400000.00,3300000.00,3400000.00,2500000.00,2800000.00,1400000.00,1400000.00,1500000.00,1400000.00,1200000.00,1200000.00,1300000.00,1100000.00,1200000.00,1300000.00,1300000.00,1300000.00,,1100000.00,,,,1000000.00,,,,900000.00,,,,1800000.00,
accountsPayable,226613000.00,162787000.00,191704000.00,204422000.00,217143000.00,289381000.00,259498000.00,168224000.00,154860000.00,151113000.00,122155000.00,85991000.00,76565000.00,83416000.00,78251000.00,147851000.00,128613000.00,116989000.00,133331000.00,116068000.00,146901000.00,140301000.00,126049000.00,124706000.00,89339000.00,83228000.00,98034000.00,79950000.00,64131000.00,79941000.00,69288000.00,74157000.00,101716000.00,149306000.00,135249000.00,160794000.00,262035000.00,293692000.00,301870000.00,276935000.00,266137000.00,286565000.00,248106000.00,244205000.00,258352000.00,225013000.00,195696000.00,268723000.00,248714000.00,215547000.00,237545000.00,225397000.00,200772000.00,149957000.00,156403000.00,173938000.00,158251000.00,143817000.00,147635000.00,113405000.00,115272000.00,243625000.00,366636000.00,305659000.00,252394000.00,200196000.00,198131000.00,193652000.00,185735000.00,178279000.00,207576000.00,209092000.00,213668000.00,199717000.00,163096000.00,174521000.00,160387000.00,150151000.00,149480000.00,148071000.00,145047000.00,128173000.00,151834000.00,191177000.00,137244000.00,131534000.00,148894000.00,149455000.00,152153000.00,240710000.00,232237000.00,246409000.00,345503000.00,314480000.00,313639000.00,294910000.00,236500000.00,183200000.00,117000000.00,94900000.00,78400000.00,74100000.00,49500000.00,58300000.00,74800000.00,75900000.00,61900000.00,67600000.00,77400000.00,78100000.00,66800000.00,62400000.00,49500000.00,53100000.00,43000000.00,41300000.00,35400000.00,34600000.00,35400000.00,33700000.00,32300000.00,40000000.00,42100000.00,50400000.00,42000000.00,47700000.00,35600000.00,6200000.00,5800000.00,6800000.00,6400000.00,7500000.00,7800000.00,9800000.00,5900000.00,6900000.00,7200000.00,6700000.00,6500000.00,,,,,,,,,,,,,,,
totalPermanentEquity,,,,,,,,,,,,,,,,,,0.00,0.00,0.00,0.00,0.00,0.00,0.00,0.00,0.00,0.00,0.00,0.00,0.00,0.00,0.00,0.00,0.00,0.00,0.00,0.00,,0.00,0.00,0.00,0.00,0.00,0.00,0.00,0.00,0.00,0.00,0.00,0.00,0.00,,,,,,,,,,,,,,,,,,,,,,,,,,,,,,,,,,,,,,,,,,,,,,,,,,,,,,,,,,,,,,,,,,,,,,,,,,,,,,,,,,,,,,,,,,,,,,,,,,,,,,,
noncontrollingInterestInConsolidatedEntity,,,,,,,,,,,,,,,,,,0.00,0.00,0.00,0.00,0.00,0.00,0.00,0.00,0.00,0.00,0.00,0.00,0.00,0.00,0.00,0.00,0.00,0.00,0.00,0.00,,0.00,0.00,0.00,0.00,0.00,0.00,0.00,0.00,0.00,0.00,0.00,0.00,0.00,,,,,,,,,,,,,,,,,,,,,,,,,,,,,,,,,,,,,,,,,,,,,,,,,,,,,,,,,,,,,,,,,,,,,,,,,,,,,,,,,,,,,,,,,,,,,,,,,,,,,,,
temporaryEquityRedeemableNoncontrollingInterests,,,,,,,,,,,,,,,,,,0.00,0.00,0.00,0.00,0.00,0.00,0.00,0.00,0.00,0.00,0.00,0.00,0.00,0.00,0.00,0.00,0.00,0.00,0.00,0.00,,0.00,0.00,0.00,0.00,0.00,0.00,0.00,0.00,0.00,0.00,0.00,0.00,0.00,,,,,,,,,,,,,,,,,,,,,,,,,,,,,,,,,,,,,,,,,,,,,,,,,,,,,,,,,,,,,,,,,,,,,,,,,,,,,,,,,,,,,,,,,,,,,,,,,,,,,,,
accumulatedOtherComprehensiveIncome,,,,,,,,,,,,,-95720000.00,-97400000.00,-96363000.00,-95198000.00,-94884000.00,-97640000.00,-95346000.00,-94818000.00,-94655000.00,-96478000.00,-97685000.00,-96914000.00,-95853000.00,-93912000.00,-147639000.00,-144323000.00,-143848000.00,-147866000.00,-152748000.00,-153521000.00,-148075000.00,-143429000.00,-137525000.00,-133080000.00,-129420000.00,-130935000.00,0.00,-124919000.00,-120568000.00,-117053000.00,-112985000.00,-110500000.00,-106403000.00,-103725000.00,-107734000.00,-104118000.00,-106812000.00,-102506000.00,-99991000.00,-97210000.00,-94148000.00,-98257000.00,-95575000.00,-93033000.00,-90355000.00,-88563000.00,-87625000.00,-85149000.00,-83277000.00,-79260000.00,-76529000.00,-73578000.00,-70828000.00,-67969000.00,-65781000.00,-66301000.00,-63905000.00,-65860000.00,-63179000.00,-60875000.00,-58965000.00,-58595000.00,-62439000.00,-60607000.00,-59605000.00,-59064000.00,-59116000.00,-57724000.00,-56342000.00,-56645000.00,-55329000.00,-54168000.00,-53115000.00,-52287000.00,-51698000.00,-51008000.00,-50289000.00,-49772000.00,-48086000.00,-46374000.00,-44635000.00,-43516000.00,-41820000.00,-40230000.00,-38600000.00,-38100000.00,-38800000.00,-37700000.00,-36200000.00,-36200000.00,-34500000.00,-32300000.00,-30400000.00,-29400000.00,-28000000.00,-27000000.00,-25400000.00,-25400000.00,-23800000.00,-22000000.00,-21100000.00,-20400000.00,-18200000.00,-16400000.00,-15600000.00,-14700000.00,-14300000.00,-14100000.00,-14200000.00,-14200000.00,-13700000.00,-13400000.00,-13000000.00,-12900000.00,-12700000.00,-12300000.00,-11900000.00,-12600000.00,-12100000.00,-11700000.00,-11400000.00,-11100000.00,-11600000.00,-11500000.00,-11200000.00,-11000000.00,-11400000.00,,-11600000.00,,,,-12100000.00,,,,-12300000.00,,,,-12000000.00,
additionalPaidInCapital,,,,,,,,,,,,,,,,,,0.00,0.00,0.00,0.00,0.00,0.00,0.00,0.00,0.00,0.00,0.00,0.00,0.00,0.00,0.00,0.00,0.00,0.00,0.00,0.00,,0.00,0.00,0.00,0.00,0.00,0.00,0.00,0.00,0.00,0.00,0.00,0.00,0.00,,,,,,,,,,,,,,,,,,,,,,,,,,,,,,,,,,,,,,,,,,,,,,,,,,,,,,,,,,,,,,,,,,,,,,,,,,,,,,,,,,,,,,,,,,,,,,,,,,,,,,,
commonStockTotalEquity,,252000.00,252000.00,248000.00,438000.00,436000.00,435000.00,433000.00,432000.00,424000.00,423000.00,423000.00,423000.00,423000.00,423000.00,423000.00,423000.00,423000.00,422000.00,422000.00,422000.00,422000.00,422000.00,422000.00,422000.00,422000.00,422000.00,422000.00,422000.00,422000.00,422000.00,422000.00,422000.00,422000.00,422000.00,422000.00,422000.00,422000.00,422000.00,422000.00,422000.00,422000.00,422000.00,422000.00,422000.00,422000.00,422000.00,422000.00,422000.00,422000.00,422000.00,422000.00,422000.00,422000.00,422000.00,422000.00,422000.00,422000.00,422000.00,422000.00,422000.00,422000.00,422000.00,422000.00,422000.00,422000.00,422000.00,422000.00,422000.00,422000.00,422000.00,422000.00,422000.00,422000.00,422000.00,422000.00,422000.00,422000.00,422000.00,422000.00,422000.00,422000.00,422000.00,422000.00,422000.00,422000.00,422000.00,422000.00,422000.00,422000.00,422000.00,422000.00,422000.00,422000.00,422000.00,422000.00,400000.00,400000.00,400000.00,400000.00,400000.00,400000.00,400000.00,400000.00,400000.00,400000.00,400000.00,400000.00,400000.00,400000.00,400000.00,400000.00,400000.00,400000.00,400000.00,400000.00,,,,,,,,,,,,,,,,,,,,,,,,,,,,,,,,,,,,,,
preferredStockTotalEquity,,,,,,,,,,,,,,,,,,0.00,0.00,0.00,0.00,0.00,0.00,0.00,0.00,0.00,0.00,0.00,0.00,0.00,0.00,0.00,0.00,0.00,0.00,0.00,0.00,,0.00,0.00,0.00,0.00,0.00,0.00,0.00,0.00,0.00,0.00,0.00,0.00,0.00,,,,,,,,,,,,,,,,,,,,,,,,,,,,,,,,,,,,,,,,,,,,,,,,,,,,,,,,,,,,,,,,,,,,,,,,,,,,,,,,,,,,,,,,,,,,,,,,,,,,,,,
retainedEarningsTotalEquity,,70526000.00,70332000.00,72964000.00,150595000.00,149475000.00,148066000.00,143040000.00,141275000.00,140772000.00,137100000.00,135329000.00,130511000.00,128466000.00,125991000.00,138440000.00,136806000.00,137188000.00,138206000.00,134228000.00,139008000.00,137906000.00,135214000.00,135004000.00,132238000.00,136199000.00,137409000.00,139197000.00,140292000.00,143373000.00,140897000.00,140395000.00,149727000.00,150963000.00,147552000.00,145382000.00,152979000.00,150052000.00,150052000.00,147005000.00,142570000.00,143389000.00,137160000.00,131758000.00,123743000.00,118791000.00,110528000.00,105142000.00,98567000.00,96238000.00,87212000.00,,,,,,,,,,,,,,,,,,,,,,,,,,,,,,,,,,,,,,,,,,,,,,,,,,,,,,,,,,,,,,,,,,,,,,,,,,,,,,,,,,,,,,,,,,,,,,,,,,,,,,,
treasuryStock,,,,,,,,,,,,,,,,,,0.00,0.00,0.00,0.00,0.00,0.00,0.00,0.00,0.00,0.00,0.00,0.00,0.00,0.00,0.00,0.00,0.00,0.00,0.00,0.00,,0.00,0.00,0.00,0.00,0.00,0.00,0.00,0.00,0.00,0.00,0.00,0.00,0.00,,,,,,,,,,,,,,,,,,,,,,,,,,,,,,,,,,,,,,,,,,,,,,,,,,,,,,,,,,,,,,,,,,,,,,,,,,,,,,,,,,,,,,,,,,,,,,,,,,,,,,,
accumulatedAmortization,,,,,,,,,,,,,,,,,,0.00,0.00,0.00,0.00,0.00,,,,,,,,,,,,,,,,,,,,,,,,,,,,,,,,,,,,,,,,,,,,,,,,,,,,,,,,,,,,,,,,,,,,,,,,,,,,,,,,,,,,,,,,,,,,,,,,,,,,,,,,,,,,,,,,,,,,,,,,,,,,,,,,,,,,
nonCurrrentAssetsOther,3475000.00,3564000.00,3595000.00,3698000.00,3445000.00,2714000.00,2777000.00,3027000.00,2965000.00,2930000.00,2482000.00,2383000.00,2193000.00,2147000.00,2187000.00,3299000.00,3018000.00,2873000.00,2951000.00,4657000.00,6239000.00,6618000.00,6523000.00,7232000.00,4932000.00,5230000.00,4740000.00,5529000.00,5997000.00,5690000.00,6862000.00,6963000.00,5295000.00,4731000.00,4481000.00,4998000.00,5338000.00,4773000.00,5174000.00,4368000.00,4487000.00,3841000.00,3842000.00,4101000.00,4199000.00,3849000.00,3939000.00,4149000.00,4167000.00,2770000.00,3031000.00,2953000.00,6366000.00,2628000.00,3336000.00,3322000.00,3243000.00,3553000.00,3864000.00,3583000.00,3939000.00,2986000.00,6629000.00,5515000.00,5484000.00,3676000.00,4844000.00,5635000.00,4181000.00,2915000.00,1724000.00,1462000.00,2316000.00,2479000.00,1285000.00,438000.00,439000.00,154000.00,182000.00,184000.00,203000.00,415000.00,416000.00,416000.00,762000.00,1139000.00,1486000.00,2145000.00,3823000.00,178000.00,5158000.00,2186000.00,178000.00,323000.00,723000.00,177000.00,200000.00,200000.00,1300000.00,1400000.00,1300000.00,1300000.00,1300000.00,1200000.00,1300000.00,1300000.00,1300000.00,1200000.00,1200000.00,1600000.00,1200000.00,1000000.00,700000.00,900000.00,300000.00,300000.00,1200000.00,1400000.00,1800000.00,2500000.00,2800000.00,2900000.00,3000000.00,3100000.00,3400000.00,2600000.00,2500000.00,1600000.00,1500000.00,1800000.00,2000000.00,1600000.00,1500000.00,1300000.00,1700000.00,1500000.00,1500000.00,1700000.00,1700000.00,,1100000.00,,,,1000000.00,,,,1500000.00,,,,1200000.00,
deferredLongTermAssetCharges,,,,,,,,,,,,,,,,,,0.00,0.00,0.00,0.00,0.00,,,,,,,,,,,,,,,,,,,,142000.00,73000.00,34000.00,34000.00,587000.00,758000.00,,,433000.00,,,,,,,,,,,,,,,,,,,,,,,,,,,,,,,,,,,,,,,,,,,,,,,,,,,,,,,,,,,,,,,,,,,,,,,,,,,,,,,,,,,,,,,,,,,,,,,,,,,,,,,,
nonCurrentAssetsTotal,135809000.00,137691000.00,136995000.00,134016000.00,135476000.00,96617000.00,99145000.00,101493000.00,104764000.00,104456000.00,104801000.00,108674000.00,79419000.00,84517000.00,78123000.00,83518000.00,77592000.00,70457000.00,62549000.00,49280000.00,37582000.00,34347000.00,34692000.00,37019000.00,40090000.00,45905000.00,51049000.00,54354000.00,58013000.00,61607000.00,65495000.00,66678000.00,75772000.00,81250000.00,86763000.00,89869000.00,99447000.00,94992000.00,94992000.00,96670000.00,96352000.00,99683000.00,99559000.00,92552000.00,94945000.00,99907000.00,94288000.00,85614000.00,73875000.00,77986000.00,72868000.00,60127000.00,54329000.00,48666000.00,48126000.00,48261000.00,46838000.00,39305000.00,42320000.00,42868000.00,41560000.00,44961000.00,49378000.00,49791000.00,45182000.00,47123000.00,48088000.00,51180000.00,47497000.00,46423000.00,45769000.00,44283000.00,42212000.00,33894000.00,32758000.00,31431000.00,29515000.00,25486000.00,25125000.00,25201000.00,24610000.00,24674000.00,24232000.00,23854000.00,23066000.00,24802000.00,24330000.00,25976000.00,27722000.00,24392000.00,30848000.00,29331000.00,27695000.00,28749000.00,28544000.00,29214000.00,28800000.00,26400000.00,27400000.00,27600000.00,29100000.00,28400000.00,27400000.00,27000000.00,27200000.00,23000000.00,20700000.00,18700000.00,19400000.00,18100000.00,19300000.00,22200000.00,21700000.00,22600000.00,22300000.00,22800000.00,20900000.00,17800000.00,16600000.00,11900000.00,12300000.00,11300000.00,10800000.00,10900000.00,11200000.00,10000000.00,10000000.00,9000000.00,8900000.00,9100000.00,9500000.00,8300000.00,7600000.00,7000000.00,7100000.00,7100000.00,7300000.00,7300000.00,7200000.00,,6400000.00,,,,6300000.00,,,,7800000.00,,,,8300000.00,
capitalLeaseObligations,35370000.00,33925000.00,31314000.00,24186000.00,22100000.00,19350000.00,18899000.00,20451000.00,22016000.00,22830000.00,24471000.00,23669000.00,14967000.00,15730000.00,15101000.00,16118000.00,17204000.00,17685000.00,15113000.00,3209000.00,2041000.00,1177000.00,1265000.00,1351000.00,1465000.00,,,,,,,,,,,,,,,,,,,,,,,,,,,,,,,,,,,,,,,,,,,,,,,,,,,,,,,,,,,,,,,,,,,,,,,,,,,,,,,,,,,,,,,,,,,,,,,,,,,,,,,,,,,,,,,,,,,,,,,,,,,,,,,,,
longTermDebtTotal,42292000.00,41318000.00,39927000.00,24375000.00,15000000.00,8609000.00,8903000.00,9672000.00,8000000.00,8000000.00,12202000.00,11507000.00,4011000.00,4647000.00,3818000.00,4376000.00,4927000.00,5473000.00,3428000.00,3209000.00,2041000.00,1177000.00,1265000.00,1351000.00,1465000.00,,,,,,,,,,,,,,,,,,,,,,,,,,,,,,,,,,,,,,,,,,,,,,,,,,,,,,,,,,,,,,,,,,,,,,,,,,,,,,,,,,,,,,,,,,,,,,,,,,,,,,,,,,,,,,,,,,,,,,,,,,,,,,,,,
nonCurrentLiabilitiesOther,,3986000.00,4595000.00,19551000.00,12408000.00,15220000.00,15739000.00,16986000.00,18146000.00,18655000.00,20130000.00,19815000.00,11935000.00,12687000.00,12290000.00,13272000.00,14366000.00,15022000.00,13489000.00,1525000.00,1414000.00,1405000.00,1334000.00,1273000.00,1263000.00,1236000.00,2090000.00,2329000.00,2351000.00,2436000.00,2426000.00,2469000.00,2463000.00,2484000.00,2497000.00,2464000.00,2443000.00,2579000.00,2579000.00,2591000.00,2564000.00,1917000.00,1864000.00,1822000.00,1886000.00,1866000.00,1741000.00,,,1452000.00,,,,,,,,,,,,,,,,,,,,,,,,,,,,,,,,,,,,,,,,,,,,,,,,,,,,,,,,,,,,,,,,,,,,,,,,,,,,,,,,,,,,,,,,,,,,,,,,,,,,,,,,
nonCurrentLiabilitiesTotal,63933000.00,63187000.00,61535000.00,59922000.00,47641000.00,26199000.00,27617000.00,28306000.00,37206000.00,37748000.00,32030000.00,32547000.00,19482000.00,20206000.00,22349000.00,19624000.00,20129000.00,20305000.00,18593000.00,9005000.00,6110000.00,5098000.00,5245000.00,5987000.00,8671000.00,7462000.00,9302000.00,9486000.00,9201000.00,8498000.00,9106000.00,10508000.00,13595000.00,15287000.00,13803000.00,14714000.00,18516000.00,18995000.00,18995000.00,20663000.00,21228000.00,20016000.00,18526000.00,18146000.00,17561000.00,16692000.00,13037000.00,12462000.00,12064000.00,14120000.00,8765000.00,6485000.00,4152000.00,2684000.00,1442000.00,1408000.00,1409000.00,1829000.00,1489000.00,1435000.00,1358000.00,3758000.00,8432000.00,7203000.00,6312000.00,6037000.00,7281000.00,10559000.00,8337000.00,9333000.00,15052000.00,16419000.00,15877000.00,16855000.00,16129000.00,15929000.00,15729000.00,15407000.00,15392000.00,15378000.00,15364000.00,14080000.00,14619000.00,14616000.00,14258000.00,15766000.00,17368000.00,18387000.00,18860000.00,15525000.00,16054000.00,16903000.00,15988000.00,13001000.00,12825000.00,12644000.00,12200000.00,7900000.00,10200000.00,6100000.00,9900000.00,8300000.00,7400000.00,5300000.00,7800000.00,8600000.00,3700000.00,3900000.00,7100000.00,6400000.00,5600000.00,10600000.00,11100000.00,11000000.00,12300000.00,12500000.00,10600000.00,5900000.00,6200000.00,4500000.00,4800000.00,4400000.00,4900000.00,4600000.00,4900000.00,4200000.00,4800000.00,3800000.00,4300000.00,4200000.00,5100000.00,4700000.00,5200000.00,4200000.00,5400000.00,5700000.00,5800000.00,5400000.00,5000000.00,,8400000.00,,,,10400000.00,,,,8400000.00,,,,16400000.00,
negativeGoodwill,,,,,,,,,,,,,,,,,,0.00,0.00,0.00,0.00,0.00,,,,,,,,,,,,,,,,,,,,,,,,,,,,,,,,,,,,,,,,,,,,,,,,,,,,,,,,,,,,,,,,,,,,,,,,,,,,,,,,,,,,,,,,,,,,,,,,,,,,,,,,,,,,,,,,,,,,,,,,,,,,,,,,,,,,
warrants,,,,,,,,,,,,,,,,,,0.00,0.00,0.00,0.00,0.00,,,,,,,,,,,,,,,,,,,,,,,,,,,,,,,,,,,,,,,,,,,,,,,,,,,,,,,,,,,,,,,,,,,,,,,,,,,,,,,,,,,,,,,,,,,,,,,,,,,,,,,,,,,,,,,,,,,,,,,,,,,,,,,,,,,,
preferredStockRedeemable,,,,,,,,,,,,,,,,,,0.00,0.00,0.00,0.00,0.00,,,,,,,,,,,,,,,,,,,,,,,,,,,,,,,,,,,,,,,,,,,,,,,,,,,,,,,,,,,,,,,,,,,,,,,,,,,,,,,,,,,,,,,,,,,,,,,,,,,,,,,,,,,,,,,,,,,,,,,,,,,,,,,,,,,,
capitalSurpluse,21653000.00,20943000.00,20571000.00,19965000.00,18218000.00,17541000.00,17020000.00,16913000.00,16375000.00,13655000.00,13494000.00,13340000.00,13150000.00,13001000.00,12912000.00,12778000.00,12652000.00,12497000.00,12071000.00,11948000.00,11837000.00,11696000.00,11693000.00,11693000.00,11693000.00,11693000.00,11693000.00,11693000.00,11693000.00,11693000.00,11693000.00,11693000.00,11693000.00,11693000.00,11693000.00,11693000.00,11693000.00,11693000.00,11693000.00,11693000.00,11693000.00,11693000.00,11693000.00,11693000.00,11693000.00,11693000.00,11693000.00,11693000.00,11693000.00,11693000.00,11693000.00,,,,,,,,,,,,,,,,,,,,,,,,,,,,,,,,,,,,,,,,,,,,,,,,,,,,,,,,,,,,,,,,,,,,,,,,,,,,,,,,,,,,,,,,,,,,,,,,,,,,,,,
liabilitiesAndStockholdersEquity,410595000.00,343482000.00,371563000.00,384159000.00,462123000.00,504623000.00,470117000.00,374703000.00,370425000.00,365006000.00,332302000.00,296187000.00,256460000.00,261334000.00,253656000.00,330842000.00,313845000.00,301764000.00,314635000.00,278870000.00,313312000.00,303127000.00,284508000.00,282704000.00,248529000.00,243950000.00,264163000.00,246872000.00,232911000.00,251526000.00,237915000.00,243215000.00,288801000.00,339572000.00,319524000.00,340814000.00,455900000.00,483144000.00,483144000.00,464612000.00,448082000.00,474680000.00,427217000.00,417818000.00,419501000.00,388655000.00,344035000.00,412534000.00,378840000.00,353587000.00,359388000.00,345957000.00,301305000.00,250900000.00,251192000.00,268909000.00,249401000.00,240381000.00,241452000.00,208987000.00,210926000.00,347456000.00,497246000.00,420845000.00,357075000.00,304697000.00,302946000.00,290347000.00,289287000.00,277396000.00,305987000.00,299163000.00,312662000.00,310282000.00,240486000.00,252920000.00,238854000.00,226225000.00,215703000.00,214020000.00,210261000.00,191431000.00,218964000.00,256821000.00,202120000.00,195265000.00,217187000.00,215234000.00,227027000.00,332460000.00,314030000.00,323335000.00,448044000.00,380463000.00,379318000.00,353795000.00,293000000.00,234300000.00,165900000.00,136000000.00,122300000.00,115800000.00,89500000.00,95800000.00,114300000.00,114200000.00,93800000.00,98600000.00,110900000.00,106700000.00,95100000.00,93800000.00,80400000.00,83200000.00,71200000.00,70200000.00,62300000.00,59800000.00,60800000.00,51100000.00,50300000.00,57400000.00,58800000.00,66500000.00,58100000.00,62900000.00,50600000.00,19500000.00,20600000.00,19100000.00,18500000.00,18400000.00,19600000.00,19900000.00,17100000.00,17900000.00,18300000.00,16400000.00,15400000.00,,14300000.00,,,,13600000.00,,,,15500000.00,,,,25400000.00,
cashAndShortTermInvestments,16313000.00,8974000.00,42135000.00,20532000.00,86510000.00,67728000.00,99295000.00,97825000.00,95634000.00,88668000.00,58985000.00,39293000.00,53106000.00,70215000.00,87398000.00,112994000.00,124726000.00,127670000.00,130893000.00,117066000.00,130774000.00,126999000.00,111536000.00,109393000.00,99449000.00,103687000.00,98073000.00,87342000.00,78485000.00,90771000.00,83099000.00,91877000.00,95235000.00,83980000.00,88132000.00,80184000.00,97435000.00,47998000.00,47998000.00,87379000.00,60733000.00,52044000.00,34214000.00,32503000.00,47239000.00,52054000.00,32213000.00,35989000.00,37066000.00,53119000.00,36687000.00,21566000.00,29032000.00,30303000.00,38180000.00,23380000.00,16806000.00,36728000.00,21978000.00,22311000.00,18208000.00,39045000.00,22676000.00,25957000.00,23697000.00,25076000.00,21811000.00,21307000.00,20668000.00,22312000.00,21886000.00,24811000.00,18817000.00,24610000.00,20026000.00,23066000.00,19942000.00,21734000.00,17562000.00,29163000.00,28342000.00,34422000.00,33890000.00,28756000.00,27262000.00,23664000.00,15389000.00,18250000.00,14177000.00,10435000.00,21413000.00,22951000.00,36140000.00,27111000.00,18574000.00,48817000.00,24100000.00,38200000.00,14000000.00,13200000.00,10200000.00,10200000.00,3300000.00,4900000.00,6500000.00,5300000.00,3800000.00,4300000.00,3800000.00,4200000.00,2500000.00,3600000.00,4000000.00,2400000.00,2100000.00,1800000.00,2700000.00,4900000.00,7200000.00,3600000.00,3300000.00,1500000.00,3600000.00,1800000.00,2700000.00,2600000.00,2100000.00,1000000.00,3000000.00,800000.00,400000.00,700000.00,1200000.00,500000.00,1400000.00,1100000.00,2700000.00,800000.00,500000.00,,1400000.00,,,,1000000.00,,,,2400000.00,,,,3900000.00,
propertyPlantAndEquipmentGross,,,,,,,,,,97826000.00,98417000.00,102185000.00,72922000.00,77879000.00,74471000.00,78622000.00,72870000.00,65648000.00,59598000.00,44623000.00,30918000.00,27304000.00,27744000.00,29362000.00,31958000.00,33105000.00,43809000.00,46325000.00,49516000.00,51617000.00,56624000.00,59715000.00,69866000.00,75841000.00,81635000.00,84871000.00,93631000.00,89818000.00,220753000.00,91908000.00,91865000.00,95700000.00,95644000.00,88417000.00,90712000.00,95471000.00,89591000.00,80818000.00,69235000.00,74783000.00,69562000.00,56862000.00,47589000.00,45558000.00,43776000.00,43443000.00,42305000.00,33991000.00,36650000.00,37674000.00,35586000.00,40878000.00,41645000.00,43172000.00,39698000.00,42321000.00,42123000.00,44398000.00,43316000.00,43495000.00,42860000.00,41983000.00,39896000.00,31415000.00,31473000.00,30993000.00,29076000.00,25332000.00,24943000.00,25017000.00,24407000.00,24259000.00,23816000.00,23438000.00,22304000.00,23663000.00,22844000.00,23831000.00,23899000.00,24214000.00,25690000.00,27145000.00,27517000.00,28426000.00,27821000.00,29037000.00,28600000.00,26200000.00,26100000.00,26200000.00,27800000.00,27100000.00,26100000.00,25800000.00,25900000.00,21700000.00,19400000.00,17500000.00,18200000.00,16500000.00,17400000.00,19600000.00,18900000.00,19900000.00,21900000.00,22100000.00,19700000.00,16400000.00,14800000.00,9400000.00,9500000.00,8400000.00,7800000.00,7800000.00,7800000.00,7400000.00,7500000.00,7400000.00,7400000.00,7300000.00,7500000.00,6700000.00,6100000.00,5700000.00,5400000.00,5600000.00,5800000.00,5600000.00,5500000.00,,5300000.00,,,,5300000.00,,,,6300000.00,,,,7100000.00,
propertyPlantAndEquipmentNet,117254000.00,118617000.00,117678000.00,114145000.00,115897000.00,90965000.00,93242000.00,95149000.00,98290000.00,97826000.00,98417000.00,102185000.00,72922000.00,77879000.00,74471000.00,78622000.00,72870000.00,65648000.00,59598000.00,44623000.00,30918000.00,27304000.00,27744000.00,29362000.00,31958000.00,33105000.00,43809000.00,46325000.00,49516000.00,51617000.00,56624000.00,59715000.00,69866000.00,75841000.00,81635000.00,84871000.00,93631000.00,89818000.00,,91908000.00,91865000.00,95700000.00,95644000.00,88417000.00,90712000.00,95471000.00,89591000.00,80818000.00,69235000.00,74783000.00,69562000.00,56862000.00,47589000.00,45558000.00,43776000.00,43443000.00,42305000.00,33991000.00,36650000.00,37674000.00,35586000.00,40878000.00,41645000.00,43172000.00,39698000.00,42321000.00,42123000.00,44398000.00,43316000.00,43495000.00,42860000.00,41983000.00,39896000.00,31415000.00,31473000.00,30993000.00,29076000.00,25332000.00,24943000.00,25017000.00,24407000.00,24259000.00,23816000.00,23438000.00,22304000.00,23663000.00,22844000.00,23831000.00,23899000.00,24214000.00,25690000.00,27145000.00,27517000.00,28426000.00,27821000.00,29037000.00,28600000.00,26200000.00,26100000.00,26200000.00,27800000.00,27100000.00,26100000.00,25800000.00,25900000.00,21700000.00,19400000.00,17500000.00,18200000.00,16500000.00,17400000.00,19600000.00,18900000.00,19900000.00,21900000.00,22100000.00,19700000.00,16400000.00,14800000.00,9400000.00,9500000.00,8400000.00,7800000.00,7800000.00,7800000.00,7400000.00,7500000.00,7400000.00,7400000.00,7300000.00,7500000.00,6700000.00,6100000.00,5700000.00,5400000.00,5600000.00,5800000.00,5600000.00,5500000.00,,5300000.00,,,,5300000.00,,,,6300000.00,,,,7100000.00,
accumulatedDepreciation,,,,,,,,,,,,,,,,,,0.00,0.00,0.00,0.00,0.00,,,,-93912000.00,-147639000.00,-144323000.00,-143848000.00,-147866000.00,-152748000.00,-153521000.00,-148075000.00,-143429000.00,-137525000.00,-133080000.00,-129420000.00,-130935000.00,-130935000.00,-124919000.00,-120568000.00,-117053000.00,-112985000.00,-110500000.00,-106403000.00,-103725000.00,-107734000.00,,,-102506000.00,,,,,,,,,,,,,,,,,,,,,,,,,,,,,,,,,,,,,,,,,,,,,,,,,,,,,,,,,,,,,,,,,,,,,,,,,,,,,,,,,,,,,,,,,,,,,,,,,,,,,,,,
netWorkingCapital,22185000.00,17217000.00,15695000.00,19083000.00,81416000.00,97034000.00,93993000.00,87199000.00,90524000.00,88143000.00,78246000.00,72965000.00,84147000.00,77579000.00,83552000.00,,,,,,,,,,,,,,,,,,,,,,,,,,,,,,,,,,,,,,,,,,,,,,,,,,,,,,,,,,,,,,,,,,,,,,,,,,,,,,,,,,,,,,,,,,,,,,,,,,,,,,,,,,,,,,,,,,,,,,,,,,,,,,,,,,,,,,,,,,,
netInvestedCapital,116561000.00,112346000.00,112405000.00,117552000.00,184251000.00,167452000.00,165521000.00,160386000.00,166082000.00,162851000.00,151017000.00,149092000.00,144084000.00,141890000.00,139326000.00,,,,,,,,,,,,,,,,,,,,,,,,,,,,,,,,,,,,,,,,,,,,,,,,,,,,,,,,,,,,,,,,,,,,,,,,,,,,,,,,,,,,,,,,,,,,,,,,,,,,,,,,,,,,,,,,,,,,,,,,,,,,,,,,,,,,,,,,,,,
commonStockSharesOutstanding,2570000.00,2561000.00,2517000.00,3106410.00,4420000.00,4404000.00,4394000.00,4414062.00,4297000.00,4273000.00,4271000.00,4267153.00,4253000.00,4253000.00,4250000.00,4211111.00,4238000.00,4227000.00,4218000.00,4228571.00,4219000.00,4218000.00,4218000.00,4218000.00,4218000.00,4218000.00,4218000.00,4200000.00,4221569.00,4218000.00,4217596.00,4223116.00,4400000.00,4217596.00,4217596.00,4221519.00,4190217.00,4217596.00,,4217596.00,5450000.00,4217596.00,4220000.00,4218421.00,4227374.00,4215816.00,4207812.00,4217596.00,4217596.00,4217596.00,4217596.00,4217596.00,4217596.00,4217596.00,4217596.00,4172093.00,4172093.00,4217596.00,4217600.00,4217596.00,4217596.00,4212081.00,4217596.00,4251923.00,4251923.00,4198529.00,4226966.00,4145455.00,4145455.00,4192500.00,4206250.00,4237209.00,4237209.00,4203968.00,4286364.00,4192647.00,4192647.00,4225243.00,4140741.00,4263636.00,4263636.00,4206250.00,4205882.00,4350000.00,4350000.00,4217596.00,4217596.00,4217596.00,4250000.00,4196000.00,4176923.00,4181395.00,4181395.00,4263462.00,4221212.00,4189796.00,4189796.00,4217596.00,4217596.00,4217596.00,4217596.00,4217596.00,4217596.00,4217596.00,4217596.00,4215596.00,4213596.00,4213596.00,4213596.00,4203098.00,4198098.00,4198098.00,4198098.00,4197597.00,4183096.00,4182096.00,4182096.00,4117647.00,4230769.00,4285714.00,4285714.00,3750000.00,3750000.00,4000000.00,4000000.00,4375000.00,4166667.00,4000000.00,4000000.00,4161000.00,3783000.00,3783000.00,3783000.00,3783000.00,3783000.00,3783000.00,3783000.00,3672000.00,3672000.00,3672000.00,3672000.00,3479000.00,3479000.00,3479000.00,3479000.00,3479000.00,3479000.00,3479000.00,3479000.00,3479000.00,3454000.00,3454000.00,3454000.00,3401000.00
investments,-1375000.00,-3005000.00,-1459000.00,1844000.00,-34438000.00,-571000.00,-2838000.00,-2053000.00,-5757000.00,-3121000.00,835000.00,-10320000.00,1031000.00,-9792000.00,-582000.00,-9589000.00,-10775000.00,-9630000.00,-6043000.00,0.00,0.00,0.00,603000.00,-1067000.00,92000.00,-129000.00,476000.00,-4700000.00,-169000.00,-2500000.00,-2200000.00,-4700000.00,,,,-4700000.00,,,,,,,,,,,,,,,,,,,,,,,,,,,,,,,,,,,,,,,,,,,,,,,,,,,,,,,,,,,,,,,,,,,,,,,,,,,,,,,,,,,,,,,,,,,,,,,,,,,,,,,,,,,,,,,,,,,,,,
changeToLiabilities,,-29003000.00,-15167000.00,-14325000.00,-74219000.00,33322000.00,90436000.00,11942000.00,4470000.00,27704000.00,36178000.00,9622000.00,-6548000.00,7740000.00,-66878000.00,14775000.00,12904000.00,-15076000.00,20346000.00,-34577000.00,7994000.00,15847000.00,2228000.00,33852000.00,7073000.00,-15956000.00,18830000.00,14453000.00,-16030000.00,11834000.00,-3221000.00,-34098000.00,-47723000.00,16127000.00,-21876000.00,-104887000.00,-32034000.00,16739000.00,16739000.00,13478000.00,-26860000.00,40911000.00,3207000.00,-9965000.00,27628000.00,30679000.00,-70639000.00,24033000.00,47662000.00,19976000.00,39060000.00,27528000.00,40521000.00,,,15704000.00,43011000.00,28985000.00,32297000.00,,,,116300000.00,53722000.00,62366000.00,9113000.00,8456000.00,3128000.00,,,,,52086000.00,,,,17678000.00,,4433000.00,2814000.00,7361000.00,,14919000.00,54752000.00,,,,,,,,,142956000.00,79598000.00,80846000.00,58290000.00,,,,,,,,,,,,,,,,,,,,,,,,,,,,,,,,,,,,,,,,,,,,,,,,,,,,,,,,,,
totalCashflowsFromInvestingActivities,-5839000.00,-3005000.00,-1459000.00,1844000.00,-34438000.00,-571000.00,-2838000.00,-2053000.00,-5757000.00,-3121000.00,835000.00,-10320000.00,1031000.00,-9792000.00,-582000.00,-9589000.00,-10775000.00,-9630000.00,-6043000.00,-13763000.00,-3764000.00,-1477000.00,-131000.00,1380000.00,-25000.00,-1080000.00,-491000.00,-499000.00,-1867000.00,90000.00,-5492000.00,-4346000.00,-1352000.00,-1118000.00,-3256000.00,-5998000.00,-5494000.00,-4642000.00,-4642000.00,-7837000.00,-5234000.00,-6381000.00,-12216000.00,-3868000.00,-5452000.00,-9853000.00,-16113000.00,-10288000.00,0.00,0.00,0.00,,,,,,,,,,,,,,,2791000.00,7839000.00,,,,,,,,,,,,,,,,,,,,,,1565000.00,,,,,,,,,,,,,,,,,,,,,,,,,,,,,,,,,,,,,,,,,,,,,,,,,,,,,,,,,,,,,,,,,
netBorrowings,,-625000.00,-625000.00,7696000.00,13815000.00,-1167000.00,-1139000.00,-8000000.00,-1117000.00,6891000.00,-1014000.00,-1804000.00,-607000.00,-538000.00,-532000.00,-526000.00,-520000.00,-433000.00,-218000.00,-207000.00,-121000.00,-84000.00,-83000.00,-118000.00,-118000.00,-118000.00,-118000.00,-118000.00,,,,-118000.00,,,,-118000.00,,,,,,,,,,,,,,,,,,,,,,,,,,,,,,,,,,,,,,,,,,,,,,,,,,,,,,,,,,,,,,,,,,,,,,,,,,,,,,,,,,,,,,,,,,,,,,,,,,,,,,,,,,,,,,,,,,,,,,
totalCashFromFinancingActivities,-2941000.00,-2904000.00,-2333000.00,-62636000.00,12761000.00,-1942000.00,-2207000.00,-9846000.00,353000.00,-1646000.00,-4539000.00,-1677000.00,-1626000.00,-1623000.00,-1602000.00,-1542000.00,-1536000.00,-1449000.00,-1146000.00,-1134000.00,-1049000.00,-1012000.00,-1011000.00,-1045000.00,-928000.00,-928000.00,-928000.00,-927000.00,-928000.00,-928000.00,-928000.00,-928000.00,-928000.00,-929000.00,-927000.00,-927000.00,-928000.00,-928000.00,-928000.00,-928000.00,-928000.00,-927000.00,-928000.00,-2615000.00,-2615000.00,0.00,0.00,0.00,-2404000.00,0.00,0.00,,-2277000.00,,,,-2109000.00,,,-2109000.00,-2109000.00,,,-1982000.00,-1982000.00,,-3000000.00,8475000.00,-1771000.00,-6500000.00,-1975000.00,-1560000.00,-1560000.00,,,-1265000.00,-1265000.00,,,,-970000.00,,,-548000.00,-548000.00,,100000.00,-1100000.00,-2973000.00,3000000.00,,,1452000.00,,,,3500000.00,-2500000.00,3300000.00,-3900000.00,900000.00,1000000.00,2200000.00,-2400000.00,-1300000.00,5000000.00,-200000.00,-3100000.00,,-1600000.00,-4300000.00,-400000.00,500000.00,,-1500000.00,3200000.00,300000.00,-200000.00,5800000.00,-400000.00,700000.00,-700000.00,400000.00,-200000.00,300000.00,-600000.00,1100000.00,-700000.00,100000.00,-300000.00,400000.00,-500000.00,900000.00,-1400000.00,-400000.00,-200000.00,300000.00,300000.00,,,,,,,,,,,,,,,,
changeToOperatingActivities,,,,,3369000.00,3126000.00,87000.00,-2390000.00,126000.00,2183000.00,-720000.00,-904000.00,363000.00,2436000.00,1756000.00,-3753000.00,1105000.00,1235000.00,3258000.00,-537000.00,1072000.00,50516.46,1090000.00,-1122000.00,1209000.00,-1963000.00,86000.00,104000.00,-2591000.00,-1461000.00,,5916000.00,,,,6206000.00,,,,,,,,,,,,,,,,,,,,,,,,,,,,,,,,,,,,,,,,,,,,,,,,,,,,,,,,,,,,,,,,,,,,,,,,,,,,,,,,,,,,,,,,,,,,,,,,,,,,,,,,,,,,,,,,,,,,,,
changeInCash,7130000.00,-33224000.00,19915000.00,-62847000.00,18333000.00,-32564000.00,828000.00,4895000.00,6721000.00,24339000.00,19297000.00,-5906000.00,-20226000.00,-18028000.00,-26030000.00,-7374000.00,-2917000.00,1653000.00,13827000.00,-13708000.00,3775000.00,15463000.00,2143000.00,9944000.00,-4238000.00,5614000.00,10731000.00,8857000.00,-12286000.00,7672000.00,-8778000.00,-3358000.00,11255000.00,-4152000.00,7948000.00,-17251000.00,49437000.00,-39381000.00,-39381000.00,26646000.00,8689000.00,17830000.00,1711000.00,-14736000.00,-4815000.00,19841000.00,-3776000.00,-1077000.00,-12494000.00,21621000.00,15254000.00,-16347000.00,-1271000.00,-7877000.00,14800000.00,6574000.00,-19922000.00,14750000.00,-333000.00,4103000.00,-20837000.00,16369000.00,-3281000.00,2260000.00,-1379000.00,3265000.00,504000.00,639000.00,-1644000.00,426000.00,-2925000.00,5994000.00,-5793000.00,4584000.00,-3040000.00,3124000.00,-1792000.00,4172000.00,-11601000.00,821000.00,-6080000.00,532000.00,5134000.00,1494000.00,3598000.00,8275000.00,-2861000.00,4073000.00,3742000.00,-10978000.00,-1538000.00,-13189000.00,9029000.00,8537000.00,-30243000.00,24680000.00,-14100000.00,24200000.00,800000.00,3000000.00,,6900000.00,-1600000.00,-1600000.00,1100000.00,1600000.00,-500000.00,500000.00,-500000.00,1700000.00,-1100000.00,-400000.00,1600000.00,300000.00,300000.00,-900000.00,300000.00,-2200000.00,5800000.00,-400000.00,700000.00,-700000.00,400000.00,-200000.00,300000.00,-600000.00,1100000.00,-700000.00,100000.00,-300000.00,400000.00,-500000.00,900000.00,-1400000.00,-400000.00,-200000.00,300000.00,300000.00,,,,,,,,,,,,,,,,
beginPeriodCashFlow,17758000.00,50982000.00,31067000.00,93914000.00,75581000.00,108145000.00,107317000.00,102422000.00,95701000.00,71362000.00,52065000.00,57971000.00,78197000.00,96225000.00,122255000.00,129629000.00,132546000.00,130893000.00,117066000.00,130774000.00,126999000.00,111536000.00,109393000.00,99449000.00,103687000.00,98073000.00,87342000.00,78485000.00,90771000.00,83099000.00,91877000.00,95235000.00,83980000.00,88132000.00,80184000.00,97435000.00,47998000.00,87379000.00,60733000.00,60733000.00,52044000.00,34214000.00,32503000.00,47239000.00,52054000.00,32213000.00,35989000.00,37066000.00,49560000.00,27939000.00,12685000.00,29032000.00,30303000.00,38180000.00,23380000.00,16806000.00,36728000.00,21978000.00,22311000.00,18208000.00,39045000.00,22676000.00,25957000.00,23697000.00,25076000.00,21811000.00,21307000.00,20668000.00,22312000.00,21886000.00,24811000.00,18817000.00,24610000.00,20026000.00,23066000.00,19942000.00,21734000.00,17562000.00,29163000.00,28342000.00,34422000.00,33890000.00,28756000.00,27262000.00,23664000.00,15389000.00,18250000.00,14177000.00,10435000.00,21413000.00,22951000.00,36140000.00,27111000.00,18574000.00,48817000.00,24137000.00,38200000.00,14000000.00,13200000.00,10200000.00,10200000.00,3300000.00,4900000.00,6500000.00,5400000.00,3800000.00,4300000.00,3800000.00,4200000.00,2500000.00,3600000.00,4000000.00,2400000.00,2100000.00,1800000.00,2700000.00,,5800000.00,2900000.00,3300000.00,,400000.00,2500000.00,2700000.00,,1100000.00,2300000.00,3000000.00,,400000.00,700000.00,1200000.00,,,2500000.00,2700000.00,300000.00,,,,,,,,,,,,,,,,,
endPeriodCashFlow,24888000.00,17758000.00,50982000.00,31067000.00,93914000.00,75581000.00,108145000.00,107317000.00,102422000.00,95701000.00,71362000.00,52065000.00,57971000.00,78197000.00,96225000.00,122255000.00,129629000.00,132546000.00,130893000.00,117066000.00,130774000.00,126999000.00,111536000.00,109393000.00,99449000.00,103687000.00,98073000.00,87342000.00,78485000.00,90771000.00,83099000.00,91877000.00,95235000.00,83980000.00,88132000.00,80184000.00,97435000.00,47998000.00,26646000.00,87379000.00,60733000.00,52044000.00,34214000.00,32503000.00,47239000.00,52054000.00,32213000.00,35989000.00,37066000.00,49560000.00,27939000.00,12685000.00,29032000.00,30303000.00,38180000.00,23380000.00,16806000.00,36728000.00,21978000.00,22311000.00,18208000.00,39045000.00,22676000.00,25957000.00,23697000.00,25076000.00,21811000.00,21307000.00,20668000.00,22312000.00,21886000.00,24811000.00,18817000.00,24610000.00,20026000.00,23066000.00,19942000.00,21734000.00,17562000.00,29163000.00,28342000.00,34422000.00,33890000.00,28756000.00,27262000.00,23664000.00,15389000.00,18250000.00,14177000.00,10435000.00,21413000.00,22951000.00,36140000.00,27111000.00,18574000.00,48817000.00,24100000.00,38200000.00,14000000.00,13200000.00,10200000.00,10200000.00,3300000.00,4900000.00,6500000.00,5400000.00,3800000.00,4300000.00,3700000.00,4200000.00,2500000.00,3600000.00,4000000.00,2400000.00,2100000.00,1800000.00,300000.00,-2200000.00,5800000.00,2900000.00,700000.00,-700000.00,400000.00,2500000.00,2700000.00,-600000.00,1100000.00,2300000.00,100000.00,-300000.00,400000.00,700000.00,900000.00,-1400000.00,-400000.00,2500000.00,300000.00,300000.00,,,,,,,,,,,,,,,,
totalCashFromOperatingActivities,11446000.00,-27315000.00,23707000.00,-2055000.00,40010000.00,-30051000.00,5873000.00,16794000.00,12125000.00,29106000.00,23001000.00,6091000.00,-19631000.00,-6613000.00,-23846000.00,3757000.00,9394000.00,12732000.00,21016000.00,1189000.00,8588000.00,17952000.00,3285000.00,9609000.00,-3285000.00,7622000.00,12150000.00,10283000.00,-9491000.00,8510000.00,-2358000.00,1916000.00,13535000.00,-2105000.00,12131000.00,-10326000.00,55859000.00,-33811000.00,-33811000.00,35411000.00,14851000.00,25138000.00,14855000.00,-10868000.00,3252000.00,29694000.00,12337000.00,9211000.00,-1627000.00,26871000.00,29853000.00,718000.00,10434000.00,-2875000.00,18997000.00,10372000.00,-4694000.00,15983000.00,2012000.00,8984000.00,-15160000.00,20793000.00,-1170000.00,9176000.00,4584000.00,8313000.00,-8190000.00,4494000.00,4241000.00,10297000.00,2884000.00,10593000.00,6123000.00,5882000.00,418000.00,5859000.00,3728000.00,5806000.00,-10055000.00,3011000.00,-3516000.00,2055000.00,7299000.00,3255000.00,4717000.00,10546000.00,-2708000.00,6139000.00,3342000.00,-18752000.00,1680000.00,-9825000.00,8345000.00,10842000.00,-29762000.00,26717000.00,-14100000.00,27300000.00,-1100000.00,6500000.00,2100000.00,8800000.00,-1400000.00,2800000.00,7900000.00,900000.00,2800000.00,4200000.00,1200000.00,4000000.00,4300000.00,1700000.00,1700000.00,1000000.00,3300000.00,-700000.00,1600000.00,,3500000.00,1100000.00,2700000.00,-400000.00,1700000.00,-300000.00,-100000.00,1500000.00,900000.00,-800000.00,2700000.00,1100000.00,400000.00,1000000.00,1000000.00,600000.00,1100000.00,-1300000.00,1900000.00,500000.00,,,,,,,,,,,,,,,,
issuanceOfCapitalStock,0.00,0.00,549000.00,1441000.00,0.00,,,326000.00,,,,,,,,,,,,,,,,,,,,,,,,,,,,,,,,,,,,,,,,,,,,,,,,,,,,,,,,,,,,,,,,,,,,,,,,,,,,,,,,,,,,,,,,,,,,,,,,,,,,,,,,,,,,,,,,,,,,,,,,,,,,,,,,,,,,,,,,,,,,,,,,,,
depreciation,6936000.00,7303000.00,7050000.00,6598000.00,6008000.00,5088000.00,5013000.00,5094000.00,4849000.00,4801000.00,5053000.00,4963000.00,4859000.00,4278000.00,4473000.00,13052000.00,3441000.00,4284000.00,3589000.00,10654000.00,1833000.00,2262000.00,2412000.00,13599000.00,1329000.00,3563000.00,3969000.00,18792000.00,4514000.00,4756000.00,5115000.00,23717000.00,5968000.00,6030000.00,6088000.00,24615000.00,6228000.00,-6106000.00,6109000.00,6106000.00,22275000.00,5373000.00,5392000.00,5529000.00,20714000.00,5450000.00,5026000.00,4163000.00,16260000.00,0.00,0.00,3422000.00,11817000.00,,,2844000.00,10320000.00,,,2431000.00,4216000.00,3085000.00,3034000.00,3038000.00,4346000.00,2272000.00,2275000.00,2491000.00,2308000.00,2741000.00,2394000.00,2042000.00,1947000.00,1585000.00,2070000.00,1458000.00,2203000.00,1479000.00,1472000.00,1418000.00,1714000.00,1317000.00,1342000.00,1292000.00,1803000.00,1470000.00,1183000.00,1109000.00,1614000.00,1683000.00,1700000.00,1729000.00,1703000.00,1700000.00,1697000.00,1645000.00,1200000.00,1600000.00,1500000.00,1800000.00,2300000.00,2000000.00,2100000.00,2200000.00,1100000.00,2000000.00,1200000.00,1600000.00,200000.00,1600000.00,3200000.00,1200000.00,1800000.00,3100000.00,1800000.00,900000.00,900000.00,500000.00,400000.00,400000.00,200000.00,500000.00,400000.00,400000.00,200000.00,400000.00,400000.00,400000.00,400000.00,500000.00,400000.00,300000.00,400000.00,200000.00,400000.00,300000.00,300000.00,300000.00,,,,,,,,,,,,,,,,
otherCashflowsFromInvestingActivities,3078000.00,-3005000.00,-1459000.00,1844000.00,331000.00,-571000.00,-2838000.00,10329000.00,-5757000.00,1316000.00,835000.00,-14475000.00,1057000.00,-2867000.00,1630000.00,-4895000.00,1542000.00,751000.00,2308000.00,484000.00,1264000.00,385000.00,735000.00,1559000.00,332000.00,22000.00,515000.00,799000.00,507000.00,3192000.00,918000.00,381000.00,162000.00,50000.00,409000.00,1870000.00,5072000.00,-323000.00,-323000.00,-67000.00,-765000.00,454000.00,179000.00,35000.00,2431000.00,1666000.00,275000.00,4934000.00,0.00,0.00,0.00,,,,,,,587000.00,,,502000.00,290000.00,529000.00,,,,,,,,,,,,,,,,,,,,,,,,,,,,,,,,,,,,,,,,,,,,,,,,,,,,,,,,,,,,,,,,,,,,,,,,,,,,,,,,,,,,,,,,,,,
dividendsPaid,-619000.00,-608000.00,-681000.00,-595000.00,1054000.00,1058000.00,1068000.00,1045000.00,1034000.00,1037000.00,1025000.00,1018000.00,1019000.00,1028000.00,1016000.00,1016000.00,1016000.00,1016000.00,928000.00,927000.00,928000.00,928000.00,928000.00,927000.00,928000.00,928000.00,928000.00,927000.00,928000.00,928000.00,928000.00,928000.00,928000.00,929000.00,927000.00,927000.00,928000.00,928000.00,928000.00,928000.00,928000.00,927000.00,928000.00,0.00,2615000.00,0.00,0.00,0.00,2404000.00,0.00,0.00,,2277000.00,,,,2109000.00,,,,2109000.00,,,,1982000.00,,,,1771000.00,,,,1560000.00,,,,1265000.00,,,,970000.00,,,,548000.00,,,,548000.00,,,,548000.00,,,,,,,,,,,,,,,,,,,,,,,,,,,,,,,,,,,,,,,100000.00,100000.00,300000.00,400000.00,300000.00,,,,,,,,,,,,,,,,,,
changeToInventory,-1127000.00,-4248000.00,4644000.00,2925000.00,32080000.00,-18899000.00,-23440000.00,5420000.00,5350000.00,-489000.00,-9887000.00,-5714000.00,3895000.00,-9816000.00,16386000.00,-1507000.00,-4923000.00,9260000.00,-6458000.00,11981000.00,-13247000.00,-2246000.00,-7075000.00,10206000.00,-6441000.00,4670000.00,-7557000.00,2996000.00,-3204000.00,516000.00,-5707000.00,7144000.00,2262000.00,-2793000.00,-803000.00,9843000.00,12888000.00,3325000.00,3325000.00,-11921000.00,-3521000.00,-1175000.00,7612000.00,-2310000.00,-2063000.00,-9158000.00,12149000.00,-10507000.00,-1774000.00,1978000.00,-1637000.00,-4165000.00,20000.00,-3061000.00,4948000.00,-1238000.00,-1605000.00,-3403000.00,856000.00,3099000.00,2191000.00,8074000.00,-2965000.00,-6731000.00,-1245000.00,-484000.00,-3760000.00,-1337000.00,913000.00,2365000.00,-659000.00,1123000.00,1807000.00,1247000.00,-1392000.00,-1982000.00,137000.00,-1830000.00,-1006000.00,-2373000.00,-3622000.00,3766000.00,551000.00,-1924000.00,1779000.00,480000.00,4183000.00,-3029000.00,10788000.00,327000.00,6612000.00,7722000.00,16102000.00,-15731000.00,-2131000.00,-12218000.00,-14500000.00,3600000.00,-3000000.00,700000.00,-2900000.00,700000.00,-4600000.00,3600000.00,-1000000.00,,500000.00,300000.00,-1100000.00,-300000.00,400000.00,-700000.00,-400000.00,200000.00,600000.00,-1500000.00,300000.00,300000.00,-700000.00,-200000.00,1000000.00,-500000.00,900000.00,100000.00,-900000.00,400000.00,,,100000.00,-100000.00,,,,,100000.00,100000.00,,,,,,,,,,,,,,,,,,
changeToAccountReceivables,-60869000.00,-300000.00,30916000.00,9483000.00,73777000.00,-55177000.00,-74660000.00,-7617000.00,-4258000.00,-14841000.00,-11268000.00,-5069000.00,-27196000.00,-14514000.00,41617000.00,-16893000.00,-3292000.00,14678000.00,-2866000.00,23520000.00,9978000.00,-1348000.00,4200000.00,-40163000.00,-8353000.00,15549000.00,-1968000.00,-13601000.00,8306000.00,-8849000.00,-1224000.00,23772000.00,50087000.00,-26766000.00,25501000.00,81816000.00,53276000.00,-51876000.00,0.00,16533000.00,43769000.00,-28354000.00,-5144000.00,-15041000.00,-39560000.00,-9384000.00,63054000.00,-18930000.00,-46260000.00,23639000.00,9012000.00,-31878000.00,-47447000.00,2019000.00,25471000.00,-14300000.00,-17980000.00,11660000.00,-38302000.00,8107000.00,141250000.00,25946000.00,,-41448000.00,-67613000.00,,,3230000.00,23630000.00,33242000.00,3388000.00,12916000.00,-55842000.00,,,-13103000.00,-26579000.00,,,,,3921000.00,,,5676000.00,11472000.00,,,168311000.00,66217000.00,107067000.00,104140000.00,,,,,,,,,,,,,,,,,,,,,,,,,,,,,,,,,,,,,,,,,,,,,,,,,,,,,,,,,,,,,,
salePurchaseOfStock,549000.00,549000.00,549000.00,-69928000.00,283000.00,283000.00,,7674000.00,2504000.00,,,,,,,,,0.00,0.00,0.00,0.00,0.00,0.00,0.00,0.00,0.00,0.00,0.00,0.00,0.00,0.00,0.00,0.00,0.00,0.00,0.00,0.00,87379000.00,0.00,87379000.00,0.00,0.00,0.00,0.00,0.00,0.00,0.00,0.00,0.00,0.00,0.00,,,,,,,,,,,,,,,,,,,,,,,,,,,,,,,,,,,,,,,,,,,,,,,,,,,,,,,,,,,,,,,,,,,,,,,,,,,,,,,,,,,,,,,,,,,,,,,,,,,,,,,
otherCashflowsFromFinancingActivities,38000000.00,20000000.00,18000000.00,70321000.00,15000000.00,30283000.00,-2838000.00,-7674000.00,2504000.00,500000.00,-2500000.00,-10320000.00,1031000.00,-57000.00,-54000.00,-9589000.00,-10775000.00,-9630000.00,-6043000.00,-13763000.00,-3764000.00,-1477000.00,-131000.00,-118000.00,-25000.00,-1080000.00,-491000.00,-499000.00,-1867000.00,90000.00,-5492000.00,-4346000.00,-1352000.00,-1118000.00,-3256000.00,-5998000.00,-5494000.00,-4642000.00,,-7837000.00,928000.00,-6381000.00,-928000.00,-3868000.00,-5452000.00,-9853000.00,-16113000.00,-10288000.00,-8463000.00,-5250000.00,-14599000.00,-17065000.00,-9428000.00,-5002000.00,-4197000.00,-3798000.00,-13119000.00,-1233000.00,-2345000.00,-4881000.00,-3568000.00,-4424000.00,-2111000.00,-6916000.00,-3981000.00,-5048000.00,-3000000.00,-3855000.00,-4114000.00,-6500000.00,-1975000.00,-4599000.00,-9916000.00,-748000.00,-3458000.00,-2735000.00,-4255000.00,-1634000.00,-1546000.00,-2190000.00,-970000.00,-1523000.00,-2165000.00,-1761000.00,-548000.00,-2271000.00,100000.00,-1100000.00,-2973000.00,3000000.00,-3218000.00,-3364000.00,1452000.00,-2305000.00,-481000.00,-2037000.00,3500000.00,-2500000.00,3300000.00,-3900000.00,900000.00,1000000.00,2200000.00,-2400000.00,-1300000.00,5000000.00,-200000.00,-3100000.00,-1700000.00,-1600000.00,-4300000.00,-400000.00,500000.00,-600000.00,-1500000.00,3200000.00,300000.00,-200000.00,5800000.00,-400000.00,700000.00,-700000.00,400000.00,-200000.00,300000.00,-600000.00,1100000.00,-700000.00,100000.00,-300000.00,400000.00,-400000.00,1000000.00,-1100000.00,-400000.00,100000.00,300000.00,300000.00,,,,,,,,,,,,,,,,
changeToNetincome,,721000.00,-1796000.00,3713000.00,-3212000.00,-1651000.00,418000.00,1643000.00,-101000.00,-762000.00,-863000.00,692000.00,-697000.00,1390000.00,-2741000.00,-1532000.00,-443000.00,38000.00,1146000.00,2204000.00,-439000.00,-534000.00,-651000.00,-2205000.00,4848000.00,-314000.00,-272000.00,1252000.00,1837000.00,-1968000.00,-1238000.00,5897000.00,-756000.00,490000.00,-164000.00,3354000.00,-2911000.00,-1155000.00,-1155000.00,296000.00,3799000.00,756000.00,1337000.00,655000.00,3662000.00,3932000.00,-989000.00,242000.00,,,,,,,,,,,,,,,,,,,,,,,,,,,,,,,,,,,,,,1958000.00,,,,,,,,,,,,,,,,,,,,,,,,,,,,,,,,,,,,,,,,,,,,,,,,,,,,,,,,,,,,,,,,,,,,
capitalExpenditures,3009000,4008000,1900000,694000,2014000,1089000,3694000,2453000,6327000,3432000,170000,1419000,709000,668000,2212000,10318000,12304000,4770000,8351000,3975000,5028000,1862000,866000,179000,357000,1102000,1006000,1298000,2374000,602000,4210000,4727000,1514000,1168000,3665000,7868000,10566000,4319000,4319000,7770000,4469000,6835000,12395000,3903000,7883000,11519000,16388000,15222000,12070000,10944000,15286000,14976000,9336000,5060000,4218000,3807000,12885000,2225000,2373000,4907000,3908000,4185000,2710000,6885000,3737000,4974000,3661000,3469000,3268000,3399000,3304000,4631000,10713000,2252000,2673000,3490000,5900000,2520000,1546000,2195000,2199000,1528000,2283000,1761000,812000,2311000,448000,1051000,1783000,207000,245000,1356000,861000,2305000,481000,2037000,3500000,1900000,1300000,900000,3300000,3000000,2500000,2000000,5500000,4300000,3200000,1000000,1900000,700000,1400000,2000000,800000,1200000,1500000,3400000,4200000,2000000,6000000,700000,1300000,1100000,400000,400000,800000,400000,400000,600000,500000,400000,1100000,900000,900000,600000,200000,100000,500000,400000,,,,,,,,,,,,,,,,
changeReceivables,,-300000.00,30885000.00,9499000.00,73794000.00,-55225000.00,-74612000.00,-7614000.00,-4259000.00,-14832000.00,-11281000.00,-5227000.00,-27044000.00,-14514000.00,41618000.00,-16894000.00,-3292000.00,14678000.00,-2889000.00,23543000.00,9979000.00,-1348000.00,4200000.00,-40158000.00,-7936000.00,15398000.00,-1968000.00,-13601000.00,8306000.00,-8849000.00,-1224000.00,23772000.00,50087000.00,-26766000.00,25501000.00,81816000.00,53276000.00,-51876000.00,-51876000.00,16533000.00,43769000.00,-28354000.00,-5144000.00,-15041000.00,-39560000.00,-9384000.00,63054000.00,-18930000.00,,,,,,,,,,,,,,,,,,,,,,,,,,,,,,,,,,,,,,,,,,,,,,,,,,,,,,,,,,,,,,,,,,,,,,,,,,,,,,,,,,,,,,,,,,,,,,,,,,,,,,,,,,
cashFlowsOtherOperating,,-2615000.00,90000.00,-3196000.00,86000.00,4838000.00,1968000.00,-2516000.00,270000.00,7291000.00,993000.00,-4091000.00,2831000.00,806000.00,-5277000.00,1887000.00,115000.00,-458000.00,374000.00,-1754000.00,-74000.00,351000.00,1033000.00,1394000.00,-1036000.00,543000.00,8000.00,944000.00,-2761000.00,-1183000.00,2487000.00,1974000.00,4005000.00,-557000.00,1312000.00,-2516000.00,14854000.00,-10928000.00,-10928000.00,5556000.00,-8426000.00,471000.00,-3879000.00,2249000.00,-57000.00,-88000.00,-1650000.00,3635000.00,,,,,,,,,,,,,,,,,,,,,,,,,,,,,,,,,,,,,,,,,,,,,,,,,,,,,,,,,,,,,,,,,,,,,,,,,,,,,,,,,,,,,,,,,,,,,,,,,,,,,,,,,,
exchangeRateChanges,,,,,,,,,,,,,,,,,,0.00,0.00,0.00,0.00,0.00,,,,,,,,,,,,,,,,,,,,,,,,,,,,,,,,,,,,,,,,,,,,,,,,,,,,,,,,,,,,,,,,,,,,,,,,,,,,,,,,,,,,,,,,,,,,,,,,,,,,,,,,,,,,,,,,,,,,,,,,,,,,,,,,,,,,
cashAndCashEquivalentsChanges,,-33224000.00,19915000.00,-62847000.00,18333000.00,-32564000.00,828000.00,4895000.00,6721000.00,24339000.00,19297000.00,-5906000.00,-20226000.00,-18028000.00,-26030000.00,-7374000.00,-2917000.00,1653000.00,13827000.00,-13708000.00,3775000.00,15463000.00,2143000.00,9944000.00,-4238000.00,5614000.00,10731000.00,8857000.00,-12286000.00,7672000.00,-8778000.00,-3358000.00,11255000.00,-4152000.00,7948000.00,-17251000.00,49437000.00,-39381000.00,-39381000.00,26646000.00,8689000.00,17830000.00,1711000.00,-14736000.00,-4815000.00,19841000.00,-3776000.00,-1077000.00,,,,,,,,,,,,,,,,,,,,,,,,,,,,,,,,,,,,,,,,,,,,,,,,,,,,,,,,,,,,,,,,,,,,,,,,,,,,,,,,,,,,,,,,,,,,,,,,,,,,,,,,,,
changeInWorkingCapital,1749000.00,-33350000.00,20318000.00,-2753000.00,35024000.00,-35925000.00,-5470000.00,8585000.00,5809000.00,20358000.00,15889000.00,-11920000.00,-26904000.00,-15726000.00,-14154000.00,-4002000.00,4676000.00,8525000.00,12251000.00,77000.00,4424000.00,12643000.00,472000.00,5912000.00,-8119000.00,4116000.00,9391000.00,5461000.00,-13519000.00,2040000.00,-7809000.00,-2593000.00,8094000.00,-14328000.00,4126000.00,-12561000.00,48286000.00,-42879000.00,,23484000.00,5962000.00,12063000.00,2107000.00,-25039000.00,-13603000.00,12247000.00,3049000.00,-1708000.00,-20650000.00,5521000.00,19909000.00,-8075000.00,1629000.00,-10867000.00,13344000.00,5470000.00,-8855000.00,10841000.00,-4530000.00,3865000.00,-19792000.00,24903000.00,-12595000.00,4010000.00,-2769000.00,349000.00,-10367000.00,417000.00,-161000.00,6292000.00,-4512000.00,4450000.00,-2947000.00,-522000.00,-3561000.00,2076000.00,110000.00,166000.00,-12809000.00,-3543000.00,-8504000.00,-1741000.00,-4326000.00,2020000.00,16615000.00,8820000.00,-7330000.00,-3151000.00,14121000.00,-13132000.00,2457000.00,-14266000.00,3752000.00,6349000.00,-33880000.00,22614000.00,-17200000.00,23900000.00,-6000000.00,4600000.00,-2100000.00,7100000.00,-3900000.00,-200000.00,5000000.00,-3400000.00,1300000.00,100000.00,-1800000.00,1100000.00,-1400000.00,-400000.00,-100000.00,-200000.00,800000.00,-2500000.00,300000.00,-1400000.00,300000.00,-300000.00,2000000.00,-1400000.00,1100000.00,-1400000.00,900000.00,400000.00,-400000.00,-1600000.00,1400000.00,-100000.00,-300000.00,600000.00,-200000.00,-800000.00,200000.00,-2000000.00,800000.00,-100000.00,,,,,,,,,,,,,,,,
stockBasedCompensation,389000.00,372000.00,283000.00,310000.00,254000.00,263000.00,195000.00,213000.00,224000.00,232000.00,185000.00,190000.00,149000.00,170000.00,134000.00,126000.00,155000.00,74000.00,123000.00,111000.00,141000.00,,-26000.00,-10932000.00,6062000.00,,10000.00,-14177000.00,,,100000.00,-7126000.00,,,-265000.00,-12020000.00,,,,354000.00,-14186000.00,,,17000.00,-10521000.00,,,-2685000.00,2203000.00,,,-2357000.00,-10019000.00,,,334000.00,-6589000.00,,,-718000.00,4390000.00,2384000.00,-166000.00,-12000.00,-410000.00,2979000.00,-11847000.00,-18000.00,323000.00,-64000.00,,,-861000.00,,,-183000.00,-1086000.00,,,,,,,,,,,,,,,,,,,,100000.00,-100000.00,,-700000.00,,,,,-200000.00,,,,400000.00,,,-200000.00,-200000.00,,,,,,,,,,,-100000.00,,,,,,,,,,,,,,,,,,,,,,,,,,,,,,
otherNonCashItems,-659000.00,-3121000.00,-521000.00,1434000.00,-2037000.00,-1060000.00,-516000.00,-186000.00,-275000.00,-187000.00,-105000.00,-880000.00,-839000.00,7000.00,-183000.00,-8664000.00,1000.00,3949000.00,-689000.00,-7426000.00,8000.00,1812000.00,-2000.00,-21000.00,748000.00,4774000.00,-420000.00,62000.00,5386000.00,3679000.00,158000.00,14000.00,7481000.00,6353000.00,34000.00,6000.00,3977000.00,6738000.00,,655000.00,128000.00,4673000.00,5930000.00,-254000.00,-2555000.00,5881000.00,3450000.00,2893000.00,-2778000.00,8382000.00,4191000.00,-452000.00,3284000.00,3225000.00,3536000.00,1000.00,-3875000.00,5082000.00,6461000.00,2395000.00,7240000.00,-2254000.00,4118000.00,287000.00,1429000.00,224000.00,190000.00,219000.00,985000.00,31000.00,86000.00,205000.00,152000.00,-199000.00,23000.00,-526000.00,-92000.00,-191000.00,164000.00,3945000.00,2253000.00,1652000.00,8198000.00,-2550000.00,-13814000.00,67000.00,2602000.00,7261000.00,-8704000.00,-6254000.00,-16000.00,18000.00,849000.00,326000.00,-565000.00,-45000.00,300000.00,100000.00,100000.00,100000.00,1200000.00,-400000.00,-100000.00,-200000.00,300000.00,-100000.00,-100000.00,-400000.00,-300000.00,,-100000.00,-400000.00,200000.00,-1600000.00,100000.00,-200000.00,-400000.00,-100000.00,1000000.00,100000.00,-200000.00,-100000.00,-100000.00,100000.00,-100000.00,-200000.00,-100000.00,200000.00,100000.00,100000.00,,,200000.00,100000.00,-100000.00,100000.00,-100000.00,-100000.00,,,,,,,,,,,,,,,,
freeCashFlow,8437000.00,-31323000.00,21807000.00,-2749000.00,37996000.00,-31140000.00,2179000.00,14341000.00,5798000.00,25674000.00,22831000.00,4672000.00,-20340000.00,-7281000.00,-26058000.00,-6561000.00,-2910000.00,7962000.00,12665000.00,-2786000.00,3560000.00,16090000.00,2419000.00,9430000.00,-3642000.00,6520000.00,11144000.00,8985000.00,-11865000.00,7908000.00,-6568000.00,-2811000.00,12021000.00,-3273000.00,8466000.00,-18194000.00,45293000.00,-38130000.00,,27641000.00,10382000.00,18303000.00,2460000.00,-14771000.00,-4631000.00,18175000.00,-4051000.00,-6011000.00,-13697000.00,15927000.00,14567000.00,-14258000.00,1098000.00,-7935000.00,14779000.00,6565000.00,-17579000.00,13758000.00,-361000.00,4077000.00,-19068000.00,16608000.00,-3880000.00,2291000.00,847000.00,3339000.00,-11851000.00,1025000.00,973000.00,6898000.00,-420000.00,5962000.00,-4590000.00,3630000.00,-2255000.00,2369000.00,-2172000.00,3286000.00,-11601000.00,816000.00,-5715000.00,527000.00,5016000.00,1494000.00,3905000.00,8235000.00,-3156000.00,5088000.00,1559000.00,-18959000.00,1435000.00,-11181000.00,7484000.00,8537000.00,-30243000.00,24680000.00,-17600000.00,25400000.00,-2400000.00,5600000.00,-1200000.00,5800000.00,-3900000.00,800000.00,2400000.00,-3400000.00,-400000.00,3200000.00,-700000.00,3300000.00,2900000.00,-300000.00,900000.00,-200000.00,1800000.00,-4100000.00,-2600000.00,-2000000.00,-2500000.00,400000.00,1400000.00,-1500000.00,1300000.00,-700000.00,-900000.00,1100000.00,500000.00,-1400000.00,2200000.00,700000.00,-700000.00,100000.00,100000.00,,900000.00,-1400000.00,1400000.00,100000.00,,,,,,,,,,,,,,,,
researchDevelopment,,,,,,,,,,,,,,,,,,0.00,0.00,0.00,0.00,0.00,0.00,0.00,0.00,0.00,0.00,0.00,0.00,0.00,0.00,0.00,0.00,0.00,0.00,0.00,0.00,0.00,0.00,0.00,0.00,0.00,0.00,0.00,0.00,0.00,0.00,0.00,0.00,0.00,0.00,0.00,0.00,0.00,0.00,0.00,0.00,0.00,0.00,0.00,0.00,0.00,0.00,0.00,0.00,0.00,0.00,0.00,0.00,0.00,0.00,0.00,0.00,0.00,0.00,0.00,0.00,0.00,0.00,0.00,0.00,0.00,0.00,0.00,0.00,0.00,0.00,0.00,0.00,0.00,0.00,0.00,0.00,0.00,0.00,0.00,,,,,,,,,,,,,,,,,,,,,,,,,,,,,,,,,,,,,,,,,,,,,,,,,,,,,,,,,,
effectOfAccountingCharges,,,,,,,,,,,,,,,,,,0.00,0.00,0.00,0.00,0.00,0.00,0.00,0.00,0.00,0.00,0.00,0.00,0.00,0.00,0.00,0.00,0.00,0.00,0.00,0.00,0.00,0.00,0.00,0.00,0.00,0.00,0.00,0.00,0.00,0.00,0.00,0.00,0.00,0.00,0.00,0.00,0.00,0.00,0.00,0.00,0.00,0.00,0.00,0.00,0.00,0.00,0.00,0.00,0.00,0.00,0.00,0.00,0.00,0.00,0.00,0.00,0.00,0.00,0.00,0.00,0.00,0.00,0.00,0.00,0.00,0.00,0.00,0.00,0.00,0.00,0.00,0.00,0.00,0.00,0.00,0.00,0.00,0.00,0.00,,,,,,,,,,,,,,,,,,,,,,,,,,,,,,,,,,,,,,,,,,,,,,,,,,,,,,,,,,
incomeBeforeTax,3017000.00,1548000.00,-3122000.00,-8992000.00,3212000.00,3127000.00,8058000.00,3538000.00,2160000.00,6193000.00,3765000.00,5088000.00,6091000.00,3011000.00,-19725000.00,3296000.00,819000.00,46000.00,6342000.00,-5586000.00,2814000.00,4781000.00,1445000.00,4054000.00,-5298000.00,-757000.00,-1426000.00,72000.00,-2747000.00,5697000.00,2442000.00,-13738000.00,-314000.00,7016000.00,4991000.00,-10643000.00,5848000.00,6121000.00,6121000.00,8454000.00,345000.00,10767000.00,10047000.00,12634000.00,12398000.00,13847000.00,8582000.00,9402000.00,7678000.00,13718000.00,5843000.00,8523000.00,3371000.00,4100000.00,2675000.00,2555000.00,-1888000.00,1213000.00,4350000.00,2826000.00,-11391000.00,-9827000.00,7308000.00,3352000.00,2088000.00,4244000.00,18019000.00,1163000.00,1777000.00,2466000.00,5936000.00,5554000.00,10975000.00,7098000.00,2861000.00,4384000.00,3764000.00,6652000.00,1685000.00,1819000.00,825000.00,1220000.00,3419000.00,4018000.00,135000.00,274000.00,875000.00,932000.00,-5600000.00,-1645000.00,-2514000.00,2697000.00,2764000.00,3566000.00,4304000.00,3300000.00,2800000.00,2100000.00,3400000.00,800000.00,900000.00,200000.00,700000.00,1600000.00,2100000.00,2400000.00,1200000.00,3000000.00,3100000.00,1400000.00,2700000.00,1600000.00,100000.00,-300000.00,700000.00,1000000.00,900000.00,1100000.00,1800000.00,900000.00,700000.00,500000.00,400000.00,700000.00,-800000.00,800000.00,1100000.00,,,,,,,,,,,,,,,,,,,,,,,,,,,
minorityInterest,,,,,,,,,,,,,,,,,,0.00,0.00,0.00,0.00,0.00,0.00,0.00,0.00,0.00,0.00,0.00,0.00,0.00,124000.00,0.00,0.00,0.00,0.00,0.00,0.00,0.00,0.00,0.00,0.00,0.00,0.00,0.00,0.00,0.00,0.00,0.00,0.00,0.00,0.00,0.00,0.00,0.00,0.00,0.00,0.00,0.00,0.00,0.00,0.00,0.00,0.00,0.00,0.00,0.00,0.00,0.00,0.00,0.00,0.00,0.00,0.00,0.00,0.00,0.00,0.00,0.00,0.00,0.00,0.00,0.00,0.00,0.00,0.00,0.00,0.00,0.00,0.00,0.00,0.00,0.00,0.00,0.00,0.00,0.00,,,,,,,,,,,,,,,,,,,,,,,,,,,,,,,,,,,,,,,,,,,,,,,,,,,,,,,,,,
sellingGeneralAdministrative,4162000.00,1715000.00,4772000.00,4858000.00,4630000.00,4211000.00,4018000.00,3862000.00,3502000.00,2961000.00,3376000.00,3254000.00,1405000.00,2731000.00,2894000.00,2193000.00,2739000.00,2582000.00,2684000.00,2837000.00,1533000.00,2284000.00,2283000.00,2823000.00,2787000.00,1460000.00,2637000.00,4158000.00,2114000.00,1938000.00,2200000.00,2189000.00,2101000.00,2318000.00,3331000.00,1912000.00,2300000.00,2147000.00,2147000.00,2254000.00,1556000.00,2535000.00,2703000.00,2266000.00,2469000.00,2603000.00,2465000.00,2232000.00,2389000.00,2727000.00,2488000.00,2109000.00,2385000.00,2257000.00,2138000.00,2264000.00,2643000.00,2252000.00,2384000.00,2310000.00,9667000.00,2038000.00,2503000.00,2917000.00,10974000.00,2307000.00,2582000.00,2602000.00,8536000.00,2110000.00,2004000.00,2116000.00,9668000.00,1959000.00,2383000.00,2152000.00,7867000.00,1640000.00,1851000.00,1603000.00,1652000.00,1640000.00,1566000.00,1441000.00,1827000.00,1712000.00,2230000.00,2404000.00,1383000.00,2075000.00,2685000.00,1751000.00,1868000.00,1478000.00,1578000.00,1539000.00,2600000.00,700000.00,700000.00,700000.00,900000.00,700000.00,600000.00,500000.00,1000000.00,500000.00,500000.00,500000.00,900000.00,600000.00,600000.00,700000.00,600000.00,500000.00,500000.00,600000.00,400000.00,600000.00,500000.00,500000.00,500000.00,500000.00,400000.00,700000.00,500000.00,500000.00,600000.00,500000.00,400000.00,400000.00,400000.00,500000.00,600000.00,600000.00,600000.00,700000.00,400000.00,600000.00,500000.00,,,,,,,,,,,,,,,
sellingAndMarketingExpenses,719925000.00,585272000.00,608476000.00,707728000.00,814394000.00,962516000.00,747555000.00,1930042000.00,543228000.00,463092000.00,304023000.00,950426000.00,245184000.00,140141000.00,337221000.00,1327515000.00,434609000.00,467040000.00,420541000.00,430812000.00,449367000.00,431683000.00,373638000.00,1267275000.00,282229000.00,301176000.00,288615000.00,1043775000.00,243704000.00,278529000.00,236394000.00,1875885000.00,423014000.00,581237000.00,537748000.00,4050497000.00,1153249000.00,1139004000.00,,927204000.00,3863057000.00,1039767000.00,944619000.00,932942000.00,3297827000.00,774732000.00,810722000.00,857430000.00,3136838000.00,782772000.00,802320000.00,678358000.00,2144082000.00,484412000.00,529428000.00,518090000.00,1889583000.00,562834000.00,501507000.00,327112000.00,4074677000.00,1264609000.00,1256183000.00,945637000.00,2558545000.00,680085000.00,548348000.00,469141000.00,2167502000.00,604977000.00,573597000.00,468488000.00,6494000.00,,,512320000.00,2011669000.00,388859000.00,,,,,,,,,,,,,,,,,,,,,,,,,,,,,,,,,,,,,,,,,,,,,,,,,,,,,,,,,,,,,,,,,,,,,,,,,,,,
grossProfit,8087000.00,3495000.00,2142000.00,-3472000.00,7623000.00,7171000.00,12166000.00,7534000.00,5803000.00,9296000.00,7227000.00,8456000.00,7461000.00,5666000.00,-17046000.00,5080000.00,3042000.00,1939000.00,7937000.00,-3369000.00,3772000.00,6582000.00,3360000.00,6580000.00,1497000.00,2079000.00,1803000.00,162000.00,-2747000.00,7539000.00,4539000.00,-13738000.00,-314000.00,9239000.00,8248000.00,-10643000.00,5848000.00,8223000.00,14332000.00,10666000.00,345000.00,13270000.00,10047000.00,12634000.00,12398000.00,13847000.00,8582000.00,15777000.00,14954000.00,20353000.00,12193000.00,14006000.00,9071000.00,9153000.00,7500000.00,2555000.00,3573000.00,5935000.00,9261000.00,7541000.00,-5139000.00,-4921000.00,12670000.00,8956000.00,9501000.00,8392000.00,10374000.00,5920000.00,6000000.00,7119000.00,10214000.00,9655000.00,16072000.00,10751000.00,7308000.00,7993000.00,8266000.00,10256000.00,5018000.00,4864000.00,4164000.00,4158000.00,6241000.00,6629000.00,3755000.00,3430000.00,4292000.00,4408000.00,-7840000.00,2125000.00,1798000.00,6027000.00,5723000.00,6632000.00,7287000.00,6427000.00,6300000.00,4100000.00,5600000.00,2700000.00,3800000.00,3100000.00,3500000.00,4300000.00,4100000.00,5100000.00,2500000.00,4900000.00,4300000.00,3600000.00,6700000.00,3500000.00,2400000.00,2500000.00,3200000.00,2600000.00,2200000.00,2200000.00,2100000.00,2000000.00,1400000.00,1400000.00,1300000.00,1900000.00,100000.00,1800000.00,2100000.00,1300000.00,1800000.00,1700000.00,1200000.00,1000000.00,1600000.00,1300000.00,1600000.00,1400000.00,1700000.00,1400000.00,1400000.00,19800000.00,17200000.00,18500000.00,17100000.00,15600000.00,16400000.00,17900000.00,16600000.00,15500000.00,15600000.00,16200000.00,14200000.00,21000000.00,33200000.00,32400000.00
reconciledDepreciation,6936000.00,7303000.00,7050000.00,2042000.00,6008000.00,5088000.00,5013000.00,5094000.00,4849000.00,4801000.00,5053000.00,4963000.00,4859000.00,4278000.00,4473000.00,4375000.00,4393000.00,4284000.00,3589000.00,3640000.00,2340000.00,2262000.00,2412000.00,2827000.00,3240000.00,3563000.00,3969000.00,4407000.00,4514000.00,4756000.00,5115000.00,5631000.00,5968000.00,6030000.00,6088000.00,6172000.00,6228000.00,6109000.00,,6106000.00,5981000.00,5373000.00,5392000.00,5529000.00,6075000.00,5450000.00,5026000.00,4163000.00,4890000.00,4050000.00,3898000.00,3422000.00,3392000.00,2875000.00,2706000.00,2844000.00,2803000.00,2537000.00,2549000.00,2431000.00,4216000.00,3085000.00,3034000.00,3038000.00,4346000.00,2272000.00,2275000.00,2491000.00,2308000.00,2741000.00,2394000.00,2042000.00,1947000.00,1585000.00,2070000.00,1458000.00,2203000.00,1479000.00,1472000.00,1418000.00,1714000.00,1317000.00,1342000.00,1292000.00,1803000.00,1470000.00,1183000.00,1109000.00,1614000.00,1683000.00,1700000.00,1729000.00,1703000.00,1700000.00,1697000.00,1645000.00,1200000.00,1600000.00,1500000.00,1800000.00,2300000.00,2000000.00,2100000.00,2200000.00,1100000.00,2000000.00,1200000.00,1600000.00,200000.00,1600000.00,3200000.00,1200000.00,1800000.00,3100000.00,1800000.00,900000.00,900000.00,500000.00,400000.00,400000.00,200000.00,500000.00,400000.00,400000.00,200000.00,400000.00,400000.00,400000.00,400000.00,500000.00,400000.00,300000.00,400000.00,200000.00,400000.00,300000.00,300000.00,300000.00,300000.00,,,,,,,,,,,,,,,
ebit,472000.00,2350000.00,-2426000.00,-8330000.00,2993000.00,2960000.00,8148000.00,-1412000.00,2338000.00,6397000.00,3985000.00,281000.00,6161000.00,3079000.00,-19575000.00,-867000.00,1061000.00,88000.00,5909000.00,-9177000.00,2840000.00,4796000.00,1464000.00,1244000.00,-920000.00,879000.00,-675000.00,-4019000.00,-7261000.00,5697000.00,2442000.00,-19369000.00,-6282000.00,7016000.00,4995000.00,-16815000.00,-380000.00,6121000.00,6121000.00,8454000.00,-5636000.00,10768000.00,4655000.00,7105000.00,6323000.00,8397000.00,3556000.00,9403000.00,7679000.00,13718000.00,5850000.00,8523000.00,3375000.00,4101000.00,2675000.00,-289000.00,-1886000.00,1228000.00,4352000.00,2832000.00,-11564000.00,-10044000.00,7113000.00,3001000.00,1672000.00,3813000.00,5517000.00,827000.00,1386000.00,2268000.00,5816000.00,5497000.00,10951000.00,7207000.00,2855000.00,4383000.00,3770000.00,6657000.00,1695000.00,1843000.00,798000.00,1201000.00,3333000.00,3896000.00,125000.00,248000.00,879000.00,895000.00,-10837000.00,-1633000.00,-2584000.00,2547000.00,1512000.00,3315000.00,3675000.00,3171000.00,2200000.00,1700000.00,3400000.00,-500000.00,300000.00,400000.00,800000.00,1500000.00,1800000.00,2500000.00,600000.00,2300000.00,3200000.00,1500000.00,2900000.00,1400000.00,-200000.00,-1100000.00,900000.00,1100000.00,1000000.00,1100000.00,500000.00,1100000.00,700000.00,400000.00,500000.00,800000.00,-600000.00,900000.00,1100000.00,400000.00,1000000.00,800000.00,400000.00,200000.00,600000.00,500000.00,700000.00,400000.00,1000000.00,500000.00,600000.00,,,,,,,,,,,,,,,
ebitda,7408000.00,9653000.00,4624000.00,-1476000.00,9339000.00,8351000.00,13185000.00,3682000.00,7187000.00,11198000.00,9038000.00,5244000.00,11020000.00,7357000.00,-15102000.00,3508000.00,5454000.00,4372000.00,9498000.00,-5537000.00,5180000.00,7058000.00,3876000.00,4071000.00,2320000.00,4442000.00,3294000.00,388000.00,-2747000.00,10453000.00,7557000.00,-13738000.00,-314000.00,13046000.00,11083000.00,-10643000.00,5848000.00,12230000.00,,14560000.00,345000.00,16141000.00,10047000.00,12634000.00,12398000.00,13847000.00,8582000.00,13566000.00,12569000.00,17768000.00,9748000.00,11945000.00,6767000.00,6976000.00,5381000.00,2555000.00,917000.00,3765000.00,6901000.00,5263000.00,-7348000.00,-6959000.00,10147000.00,6039000.00,6018000.00,6085000.00,7792000.00,3318000.00,3694000.00,5009000.00,8210000.00,7539000.00,12898000.00,8792000.00,4925000.00,5841000.00,5973000.00,8136000.00,3167000.00,3261000.00,2512000.00,2518000.00,4675000.00,5188000.00,1928000.00,1718000.00,2062000.00,2004000.00,-9223000.00,50000.00,-884000.00,4276000.00,3215000.00,5015000.00,5372000.00,4816000.00,3400000.00,3300000.00,4900000.00,1300000.00,2600000.00,2400000.00,2900000.00,3700000.00,2900000.00,4500000.00,1800000.00,3900000.00,3400000.00,3100000.00,6100000.00,2600000.00,1600000.00,2000000.00,2700000.00,2000000.00,1900000.00,1600000.00,900000.00,1500000.00,900000.00,900000.00,900000.00,1200000.00,-400000.00,1300000.00,1500000.00,800000.00,1400000.00,1300000.00,800000.00,500000.00,1000000.00,700000.00,1100000.00,700000.00,1300000.00,800000.00,900000.00,19800000.00,-48500000.00,18500000.00,17100000.00,15600000.00,-47100000.00,17900000.00,16600000.00,15500000.00,-48500000.00,16200000.00,14200000.00,21000000.00,-90500000.00,32400000.00
depreciationAndAmortization,6936000.00,7303000.00,7050000.00,6854000.00,6346000.00,5391000.00,5037000.00,5094000.00,4849000.00,4801000.00,5053000.00,4963000.00,4859000.00,4278000.00,4473000.00,4375000.00,4393000.00,4284000.00,3589000.00,3640000.00,2340000.00,2262000.00,2412000.00,2827000.00,3240000.00,3563000.00,3969000.00,4407000.00,4514000.00,4756000.00,5115000.00,5631000.00,5968000.00,6030000.00,6088000.00,6172000.00,6228000.00,6109000.00,,6106000.00,5981000.00,5373000.00,5392000.00,5529000.00,6075000.00,5450000.00,5026000.00,4163000.00,4890000.00,4050000.00,3898000.00,3422000.00,3392000.00,2875000.00,2706000.00,2844000.00,2803000.00,2537000.00,2549000.00,2431000.00,4216000.00,3085000.00,3034000.00,3038000.00,4346000.00,2272000.00,2275000.00,2491000.00,2308000.00,2741000.00,2394000.00,2042000.00,1947000.00,1585000.00,2070000.00,1458000.00,2203000.00,1479000.00,1472000.00,1418000.00,1714000.00,1317000.00,1342000.00,1292000.00,1803000.00,1470000.00,1183000.00,1109000.00,1614000.00,1683000.00,1700000.00,1729000.00,1703000.00,1700000.00,1697000.00,1645000.00,1200000.00,1600000.00,1500000.00,1800000.00,2300000.00,2000000.00,2100000.00,2200000.00,1100000.00,2000000.00,1200000.00,1600000.00,200000.00,1600000.00,3200000.00,1200000.00,1800000.00,3100000.00,1800000.00,900000.00,900000.00,500000.00,400000.00,400000.00,200000.00,500000.00,400000.00,400000.00,200000.00,400000.00,400000.00,400000.00,400000.00,500000.00,400000.00,300000.00,400000.00,200000.00,400000.00,300000.00,300000.00,300000.00,300000.00,,,,,,,,,,,,,,,
nonOperatingIncomeNetOther,,570000.00,204000.00,256000.00,338000.00,303000.00,24000.00,10000.00,37000.00,62000.00,134000.00,147000.00,,144000.00,365000.00,621000.00,758000.00,806000.00,1154000.00,669000.00,601000.00,498000.00,387000.00,314000.00,-4000000.00,-1375000.00,159000.00,14000.00,-925000.00,-40000.00,103000.00,90000.00,64000.00,95000.00,78000.00,96000.00,118000.00,45000.00,45000.00,42000.00,95000.00,33000.00,32000.00,38000.00,70000.00,78000.00,21000.00,21000.00,,142000.00,43000.00,,,,,,,,,,,,,,,,,,,,,,,,,,,,,,,,,,,,,,,,,,,,,,,,,,,,,,,,,,,,,,,,,,,,,,,,,,,,,,,,,,,,,,,,,,,,,,,,,,,,,,,
operatingIncome,3925000.00,1780000.00,-2426000.00,-8330000.00,2993000.00,2960000.00,8148000.00,3672000.00,2301000.00,6335000.00,3851000.00,5202000.00,6056000.00,2935000.00,-19940000.00,2887000.00,303000.00,-643000.00,5253000.00,-6206000.00,2239000.00,4298000.00,1077000.00,3757000.00,-1290000.00,619000.00,-1584000.00,-64000.00,-1822000.00,5601000.00,2339000.00,-13820000.00,-377000.00,6921000.00,4917000.00,-10739000.00,5732000.00,6076000.00,6076000.00,8412000.00,1007000.00,10735000.00,10036000.00,12598000.00,12334000.00,13770000.00,8563000.00,9382000.00,7675000.00,13576000.00,5807000.00,8475000.00,3294000.00,4021000.00,2656000.00,2575000.00,-1873000.00,1146000.00,4328000.00,2800000.00,-11564000.00,-10044000.00,7113000.00,3001000.00,1672000.00,3813000.00,17595000.00,827000.00,1386000.00,2268000.00,5816000.00,5497000.00,10951000.00,7069000.00,2855000.00,4383000.00,3770000.00,6657000.00,1695000.00,1843000.00,798000.00,1201000.00,3333000.00,3896000.00,125000.00,248000.00,879000.00,895000.00,-10837000.00,-1633000.00,-2584000.00,2547000.00,2152000.00,3454000.00,4012000.00,3288000.00,2500000.00,1900000.00,3400000.00,200000.00,600000.00,400000.00,800000.00,1600000.00,2000000.00,2400000.00,900000.00,2700000.00,3100000.00,1500000.00,2900000.00,1600000.00,-200000.00,-1100000.00,900000.00,1100000.00,900000.00,1100000.00,1200000.00,1100000.00,700000.00,400000.00,500000.00,800000.00,-600000.00,900000.00,1100000.00,400000.00,1000000.00,800000.00,400000.00,200000.00,600000.00,400000.00,700000.00,400000.00,1000000.00,500000.00,600000.00,19800000.00,-48500000.00,18500000.00,17100000.00,15600000.00,-47100000.00,17900000.00,16600000.00,15500000.00,-48500000.00,16200000.00,14200000.00,21000000.00,-90500000.00,32400000.00
otherOperatingExpenses,756689000.00,622986000.00,652792000.00,756051000.00,849908000.00,989090000.00,766097000.00,641116000.00,565880000.00,480409000.00,321640000.00,244553000.00,260848000.00,149351000.00,373417000.00,428452000.00,450004000.00,485076000.00,439915000.00,448855000.00,465652000.00,448119000.00,386179000.00,404703000.00,296601000.00,314583000.00,303921000.00,298807000.00,259624000.00,287562000.00,248192000.00,361993000.00,440207000.00,593637000.00,550656000.00,860379000.00,1168122000.00,1153855000.00,6109000.00,940777000.00,967751000.00,1050035000.00,955827000.00,940867000.00,864078000.00,781678000.00,822892000.00,868107000.00,883636000.00,788114000.00,818403000.00,688713000.00,625295000.00,498434000.00,544485000.00,531230000.00,513491000.00,575153000.00,510742000.00,337341000.00,636574000.00,1298366000.00,1273239000.00,962987000.00,878141000.00,696482000.00,552153000.00,485539000.00,537191000.00,622730000.00,589184000.00,482531000.00,489427000.00,787548000.00,539543000.00,523425000.00,558524000.00,543906000.00,493921000.00,459472000.00,421631000.00,398042000.00,423634000.00,469394000.00,514938000.00,624720000.00,653281000.00,528156000.00,877269000.00,1239844000.00,1273233000.00,1339403000.00,1283124000.00,1749724000.00,1968366000.00,2008040000.00,1631500000.00,1069100000.00,763100000.00,523800000.00,550000000.00,542000000.00,463800000.00,415000000.00,573400000.00,449500000.00,441100000.00,491400000.00,453300000.00,370300000.00,381100000.00,283300000.00,268900000.00,209700000.00,191100000.00,160800000.00,142000000.00,195900000.00,158200000.00,134600000.00,143200000.00,181600000.00,185100000.00,183100000.00,169500000.00,194100000.00,158700000.00,26000000.00,30200000.00,33300000.00,27700000.00,26200000.00,35100000.00,28800000.00,20300000.00,23700000.00,21900000.00,23100000.00,22900000.00,,65700000.00,,,,63500000.00,,,,64100000.00,,,,123700000.00,
interestExpense,-1027000.00,802000.00,696000.00,918000.00,119000.00,136000.00,114000.00,144000.00,178000.00,204000.00,220000.00,156000.00,70000.00,68000.00,150000.00,212000.00,242000.00,117000.00,65000.00,49000.00,26000.00,15000.00,19000.00,17000.00,8000.00,1000.00,1000.00,136000.00,245000.00,96000.00,103000.00,8000.00,1000.00,95000.00,4000.00,96000.00,2000.00,45000.00,0.00,42000.00,95000.00,1000.00,21000.00,2000.00,6000.00,1000.00,2000.00,1000.00,1000.00,142000.00,7000.00,48000.00,4000.00,1000.00,19000.00,31000.00,2000.00,15000.00,2000.00,6000.00,51000.00,91000.00,41000.00,4000.00,59000.00,12000.00,32000.00,31000.00,47000.00,40000.00,44000.00,28000.00,48000.00,28000.00,32000.00,20000.00,29000.00,44000.00,21000.00,40000.00,2000.00,44000.00,29000.00,25000.00,25000.00,8000.00,37000.00,51000.00,21000.00,62000.00,24000.00,21000.00,28000.00,27000.00,45000.00,72000.00,,,,,,100000.00,,,,,,100000.00,,100000.00,200000.00,200000.00,200000.00,100000.00,100000.00,100000.00,100000.00,100000.00,100000.00,,100000.00,100000.00,,100000.00,,100000.00,100000.00,,100000.00,100000.00,100000.00,100000.00,100000.00,100000.00,100000.00,100000.00,100000.00,100000.00,100000.00,,,,,,,,,,,,,,,
taxProvision,759000.00,721000.00,-1123000.00,-1723000.00,1022000.00,651000.00,1968000.00,713000.00,614000.00,1484000.00,957000.00,-758000.00,3018000.00,-492000.00,-8298000.00,643000.00,179000.00,40000.00,1434000.00,,,,,,,,,,,,,,,,,,,,,,,,,,,,,,,,,,,,,,,,,,,,,,,,,,,,,,,,,,,,,,,,,,,,,,,,,,,,,,,,,,,,,,,,,,,,,,,,,,,,,,,,,,,,,,,,,,,,,,,,,,,,,,,,,,,,,,,
interestIncome,119000.00,570000.00,492000.00,662000.00,338000.00,303000.00,24000.00,134000.00,141000.00,62000.00,134000.00,42000.00,35000.00,144000.00,365000.00,621000.00,758000.00,731000.00,591000.00,,,,,,,,,,,,,,,,,,,,,,,,,,,,,,,,,,,,,,,,,,,,,,,,,,,,,,,,,,,,,,,,,,,,,,,,,,,,,,,,,,,,,,,,,,,,,,,,,,,,,,,,,,,,,,,,,,,,,,,,,,,,,,,,,,,,,,,
netInterestIncome,-908000.00,-232000.00,-492000.00,-662000.00,219000.00,167000.00,-90000.00,-134000.00,-141000.00,-142000.00,-86000.00,-114000.00,35000.00,76000.00,215000.00,409000.00,516000.00,614000.00,591000.00,,,,,,,,,,,,,,,,,,,,,,,,,,,,,,,,,,,,,,,,,,,,,,,,,,,,,,,,,,,,,,,,,,,,,,,,,,,,,,,,,,,,,,,,,,,,,,,,,,,,,,,,,,,,,,,,,,,,,,,,,,,,,,,,,,,,,,,
extraordinaryItems,,,,,,,,,,,,,,,,,,0.00,0.00,0.00,0.00,0.00,0.00,0.00,0.00,0.00,0.00,0.00,0.00,0.00,0.00,0.00,0.00,0.00,0.00,0.00,0.00,0.00,0.00,0.00,0.00,0.00,0.00,0.00,0.00,0.00,0.00,0.00,0.00,0.00,0.00,0.00,0.00,0.00,0.00,0.00,0.00,0.00,0.00,0.00,0.00,0.00,0.00,0.00,0.00,0.00,0.00,0.00,0.00,0.00,0.00,0.00,0.00,0.00,0.00,0.00,0.00,0.00,0.00,0.00,0.00,0.00,0.00,0.00,0.00,0.00,0.00,0.00,55000.00,0.00,-55000.00,55000.00,0.00,0.00,0.00,0.00,,,,,,,,,,,,,,,,,,,,,,,,,,,,,,,,,,,,,,,,,,,,,,,,,,,,,,,,,,
nonRecurring,,,,,,,,,,,,,,,,,,0.00,0.00,0.00,0.00,0.00,0.00,3000.00,30000.00,-15000.00,3000.00,313000.00,-1565000.00,313000.00,0.00,12082000.00,0.00,0.00,0.00,8009000.00,0.00,0.00,0.00,0.00,0.00,0.00,0.00,0.00,0.00,0.00,0.00,0.00,0.00,0.00,0.00,0.00,0.00,0.00,0.00,0.00,0.00,0.00,0.00,0.00,0.00,0.00,0.00,0.00,0.00,0.00,0.00,0.00,0.00,0.00,0.00,0.00,0.00,0.00,0.00,0.00,0.00,0.00,0.00,0.00,0.00,0.00,0.00,0.00,0.00,0.00,0.00,0.00,0.00,0.00,0.00,0.00,0.00,0.00,0.00,0.00,,,,,,,,,,,,,,,,,,,,,,,,,,,,,,,,,,,,,,,,,,,,,,,,,,,,,,,,,,
otherItems,,,,,,,,,,,,,,,,,,0.00,0.00,0.00,0.00,0.00,0.00,0.00,0.00,0.00,0.00,0.00,0.00,0.00,0.00,0.00,0.00,0.00,0.00,0.00,0.00,0.00,0.00,0.00,0.00,0.00,0.00,0.00,0.00,0.00,0.00,0.00,0.00,0.00,0.00,0.00,0.00,0.00,0.00,0.00,0.00,0.00,0.00,0.00,0.00,0.00,0.00,0.00,0.00,0.00,0.00,0.00,0.00,0.00,0.00,0.00,0.00,0.00,0.00,0.00,0.00,0.00,0.00,0.00,0.00,0.00,0.00,0.00,0.00,0.00,0.00,0.00,0.00,0.00,0.00,0.00,0.00,0.00,0.00,0.00,,,,,,,,,,,,,,,,,,,,,,,,,,,,,,,,,,,,,,,,,,,,,,,,,,,,,,,,,,
incomeTaxExpense,-759000.00,721000.00,-1123000.00,-1723000.00,1022000.00,651000.00,1968000.00,713000.00,614000.00,1484000.00,957000.00,-758000.00,3018000.00,-492000.00,-8298000.00,643000.00,179000.00,40000.00,1434000.00,-1738000.00,779000.00,1161000.00,307000.00,361000.00,-2265000.00,-475000.00,-566000.00,240000.00,-594000.00,2157000.00,888000.00,-5334000.00,-6000.00,2676000.00,1894000.00,-3669000.00,1993000.00,2146000.00,2146000.00,3091000.00,56000.00,3797000.00,3705000.00,4607000.00,4750000.00,5510000.00,3085000.00,3352000.00,2945000.00,4692000.00,2254000.00,2940000.00,981000.00,1338000.00,990000.00,761000.00,-794000.00,574000.00,1616000.00,956000.00,-5059000.00,-3551000.00,2483000.00,1141000.00,85000.00,1389000.00,6733000.00,251000.00,693000.00,789000.00,1898000.00,1910000.00,3961000.00,2102000.00,975000.00,1533000.00,1564000.00,2300000.00,567000.00,628000.00,-196000.00,393000.00,1334000.00,1525000.00,22000.00,85000.00,320000.00,337000.00,-1911000.00,-596000.00,-885000.00,954000.00,980000.00,1349000.00,1518000.00,1235000.00,1100000.00,500000.00,1000000.00,200000.00,100000.00,100000.00,300000.00,600000.00,500000.00,800000.00,400000.00,1100000.00,1000000.00,500000.00,1000000.00,500000.00,-100000.00,-400000.00,300000.00,400000.00,300000.00,400000.00,700000.00,300000.00,300000.00,200000.00,100000.00,300000.00,300000.00,100000.00,100000.00,200000.00,200000.00,200000.00,100000.00,100000.00,,200000.00,100000.00,100000.00,100000.00,,200000.00,,,,,,,,,,,,,,,
totalRevenue,760614000.00,624766000.00,650162000.00,747721000.00,852901000.00,992050000.00,774245000.00,644788000.00,568181000.00,486744000.00,325491000.00,249755000.00,266904000.00,152286000.00,353477000.00,431339000.00,450307000.00,484433000.00,445168000.00,442649000.00,467891000.00,452417000.00,387256000.00,408460000.00,295311000.00,315202000.00,303087000.00,298969000.00,256877000.00,293163000.00,250531000.00,348255000.00,439893000.00,600558000.00,555573000.00,849736000.00,1173970000.00,1159931000.00,1159931000.00,949189000.00,968096000.00,1060770000.00,965874000.00,953501000.00,876476000.00,795525000.00,831474000.00,877489000.00,891311000.00,801690000.00,824210000.00,697188000.00,628589000.00,502455000.00,547141000.00,533785000.00,511618000.00,576299000.00,515070000.00,340141000.00,625010000.00,1288322000.00,1280352000.00,965988000.00,879813000.00,700295000.00,569748000.00,486366000.00,538577000.00,624998000.00,595000000.00,488028000.00,500378000.00,794617000.00,542398000.00,527808000.00,562294000.00,550563000.00,495616000.00,461315000.00,422429000.00,399243000.00,426967000.00,473290000.00,515063000.00,624968000.00,654160000.00,529051000.00,866432000.00,1238211000.00,1270649000.00,1341950000.00,1285276000.00,1753178000.00,1972378000.00,2011328000.00,1634000000.00,1071000000.00,766500000.00,524000000.00,550600000.00,542400000.00,464600000.00,416600000.00,575400000.00,451900000.00,442000000.00,494100000.00,456400000.00,371800000.00,384000000.00,284900000.00,268900000.00,208600000.00,192000000.00,161900000.00,142900000.00,197000000.00,159400000.00,135700000.00,143900000.00,182000000.00,185600000.00,183900000.00,168900000.00,195000000.00,159800000.00,26400000.00,31200000.00,34100000.00,28100000.00,26400000.00,35700000.00,29200000.00,21000000.00,24100000.00,22900000.00,23600000.00,23500000.00,19800000.00,17200000.00,18500000.00,17100000.00,15600000.00,16400000.00,17900000.00,16600000.00,15500000.00,15600000.00,16200000.00,14200000.00,21000000.00,33200000.00,32400000.00
totalOperatingExpenses,724087000.00,1715000.00,4772000.00,4858000.00,4630000.00,4211000.00,4018000.00,3862000.00,3502000.00,2961000.00,3376000.00,3254000.00,1405000.00,2731000.00,2894000.00,2193000.00,2739000.00,2582000.00,2684000.00,2837000.00,1533000.00,2284000.00,2283000.00,2823000.00,2787000.00,1460000.00,2637000.00,4158000.00,2114000.00,1938000.00,2200000.00,2189000.00,2101000.00,2318000.00,3331000.00,1912000.00,2300000.00,2147000.00,8256000.00,2254000.00,1556000.00,2535000.00,2703000.00,2266000.00,-12170000.00,8053000.00,7491000.00,6395000.00,7279000.00,6777000.00,6386000.00,5531000.00,5777000.00,5132000.00,4844000.00,5108000.00,5446000.00,4789000.00,4933000.00,4741000.00,6425000.00,5123000.00,5557000.00,5955000.00,7829000.00,4579000.00,-7221000.00,5093000.00,4614000.00,4851000.00,4398000.00,4158000.00,5121000.00,3682000.00,4453000.00,3610000.00,4496000.00,3599000.00,3323000.00,3021000.00,3366000.00,2957000.00,2908000.00,2733000.00,3630000.00,3182000.00,3413000.00,3513000.00,2997000.00,3758000.00,4382000.00,3480000.00,3571000.00,3178000.00,3275000.00,3139000.00,3800000.00,2200000.00,2200000.00,2500000.00,3200000.00,2700000.00,2700000.00,2700000.00,2100000.00,2700000.00,1600000.00,2200000.00,1200000.00,2100000.00,3800000.00,1900000.00,2400000.00,3600000.00,2300000.00,1500000.00,1300000.00,1100000.00,900000.00,900000.00,700000.00,1000000.00,800000.00,1100000.00,700000.00,900000.00,1000000.00,900000.00,800000.00,900000.00,800000.00,800000.00,1000000.00,900000.00,900000.00,1000000.00,700000.00,900000.00,800000.00,,-65700000.00,,,,-63500000.00,,,,-64100000.00,,,,-123700000.00,
costOfRevenue,752527000.00,621271000.00,648020000.00,751193000.00,845278000.00,984879000.00,762079000.00,637254000.00,562378000.00,477448000.00,318264000.00,241299000.00,259443000.00,146620000.00,370523000.00,426259000.00,447265000.00,482494000.00,437231000.00,446018000.00,464119000.00,445835000.00,383896000.00,401880000.00,293814000.00,313123000.00,301284000.00,298807000.00,259624000.00,285624000.00,245992000.00,361993000.00,440207000.00,591319000.00,547325000.00,860379000.00,1168122000.00,1151708000.00,1145599000.00,938523000.00,967751000.00,1047500000.00,955827000.00,940867000.00,864078000.00,781678000.00,822892000.00,861712000.00,876357000.00,781337000.00,812017000.00,683182000.00,619518000.00,493302000.00,539641000.00,531230000.00,508045000.00,570364000.00,505809000.00,332600000.00,630149000.00,1293243000.00,1267682000.00,957032000.00,870312000.00,691903000.00,559374000.00,480446000.00,532577000.00,617879000.00,584786000.00,478373000.00,484306000.00,783866000.00,535090000.00,519815000.00,554028000.00,540307000.00,490598000.00,456451000.00,418265000.00,395085000.00,420726000.00,466661000.00,511308000.00,621538000.00,649868000.00,524643000.00,874272000.00,1236086000.00,1268851000.00,1335923000.00,1279553000.00,1746546000.00,1965091000.00,2004901000.00,1627700000.00,1066900000.00,760900000.00,521300000.00,546800000.00,539300000.00,461100000.00,412300000.00,571300000.00,446800000.00,439500000.00,489200000.00,452100000.00,368200000.00,377300000.00,281400000.00,266500000.00,206100000.00,188800000.00,159300000.00,140700000.00,194800000.00,157300000.00,133700000.00,142500000.00,180600000.00,184300000.00,182000000.00,168800000.00,193200000.00,157700000.00,25100000.00,29400000.00,32400000.00,26900000.00,25400000.00,34100000.00,27900000.00,19400000.00,22700000.00,21200000.00,22200000.00,22100000.00,,,,,,,,,,,,,,,
totalOtherIncomeExpenseNet,-908000.00,-232000.00,-696000.00,-662000.00,219000.00,167000.00,-90000.00,-144000.00,-141000.00,-142000.00,-86000.00,-114000.00,35000.00,76000.00,215000.00,409000.00,516000.00,75000.00,498000.00,620000.00,575000.00,483000.00,368000.00,-3000.00,-4370000.00,-1635000.00,-750000.00,-226000.00,245000.00,96000.00,103000.00,82000.00,63000.00,95000.00,74000.00,-15496000.00,2198000.00,45000.00,0.00,42000.00,95000.00,32000.00,11000.00,-1315000.00,64000.00,77000.00,19000.00,20000.00,3000.00,142000.00,36000.00,48000.00,77000.00,79000.00,19000.00,-20000.00,-15000.00,67000.00,22000.00,26000.00,173000.00,217000.00,195000.00,351000.00,416000.00,431000.00,12078000.00,336000.00,391000.00,198000.00,120000.00,57000.00,24000.00,29000.00,6000.00,1000.00,-6000.00,-5000.00,-10000.00,-24000.00,27000.00,19000.00,86000.00,122000.00,10000.00,26000.00,-4000.00,37000.00,5237000.00,-12000.00,70000.00,150000.00,640000.00,139000.00,337000.00,117000.00,300000.00,200000.00,,700000.00,300000.00,-200000.00,-100000.00,100000.00,200000.00,,300000.00,400000.00,-100000.00,-100000.00,-200000.00,200000.00,200000.00,900000.00,-200000.00,-100000.00,-100000.00,100000.00,700000.00,-200000.00,100000.00,100000.00,-100000.00,-100000.00,-200000.00,-100000.00,100000.00,,,,,,,,,,,,,,,,,,,,,,,,,,,
discontinuedOperations,,,,,,,,,,,,,,,,,,0.00,0.00,0.00,0.00,0.00,0.00,0.00,0.00,0.00,0.00,0.00,0.00,0.00,0.00,0.00,0.00,0.00,0.00,304000.00,0.00,0.00,0.00,0.00,0.00,0.00,0.00,0.00,0.00,0.00,0.00,0.00,0.00,0.00,0.00,0.00,0.00,0.00,0.00,0.00,0.00,0.00,0.00,0.00,0.00,0.00,0.00,0.00,0.00,0.00,0.00,0.00,0.00,0.00,0.00,0.00,0.00,0.00,0.00,0.00,0.00,0.00,0.00,0.00,0.00,0.00,0.00,0.00,0.00,0.00,0.00,0.00,0.00,0.00,0.00,0.00,0.00,0.00,0.00,0.00,,,,,,,,,,,,,,,,,,,,,,,,,,,,,,,,,,,,,,,,,,,,,,,,,,,,,,,,,,
netIncomeFromContinuingOps,2258000.00,827000.00,-1999000.00,-7269000.00,2190000.00,2476000.00,6090000.00,2825000.00,1546000.00,4709000.00,2808000.00,8919000.00,3073000.00,3503000.00,-11427000.00,2653000.00,640000.00,6000.00,4908000.00,-3848000.00,2035000.00,3620000.00,1138000.00,3693000.00,-3033000.00,-282000.00,-860000.00,-168000.00,-983000.00,3540000.00,1554000.00,-8404000.00,-308000.00,4340000.00,3097000.00,-10065000.00,3855000.00,3975000.00,3975000.00,8454000.00,-11327000.00,10767000.00,10047000.00,12634000.00,7648000.00,8337000.00,5497000.00,6050000.00,0.00,9026000.00,3589000.00,0.00,0.00,0.00,0.00,0.00,0.00,0.00,0.00,0.00,0.00,0.00,0.00,0.00,0.00,0.00,0.00,0.00,0.00,0.00,0.00,0.00,0.00,0.00,0.00,0.00,0.00,0.00,0.00,0.00,0.00,0.00,0.00,0.00,0.00,0.00,0.00,0.00,0.00,0.00,0.00,0.00,0.00,0.00,0.00,0.00,,,,,,,,,,,,,,,,,,,,,,,,,,,,,,,,,,,,,,,,,,,,,,,,,,,,,,,,,,
netIncomeApplicableToCommonShares,2258000.00,827000.00,-1999000.00,-7269000.00,2190000.00,2476000.00,6090000.00,2825000.00,1546000.00,4709000.00,2808000.00,8919000.00,3073000.00,3503000.00,-11427000.00,2653000.00,640000.00,6000.00,4908000.00,-3848000.00,2035000.00,3620000.00,1138000.00,3693000.00,-3033000.00,-282000.00,-860000.00,-168000.00,-2153000.00,3404000.00,1430000.00,-8404000.00,-308000.00,4340000.00,3097000.00,-6670000.00,3855000.00,3975000.00,3975000.00,5363000.00,109000.00,7156000.00,6330000.00,8015000.00,7567000.00,8263000.00,5386000.00,6575000.00,5044000.00,9026000.00,3589000.00,5778000.00,2390000.00,2762000.00,1685000.00,1794000.00,3510000.00,639000.00,2734000.00,1870000.00,0.00,-4825000.00,4825000.00,2211000.00,2003000.00,2855000.00,11286000.00,912000.00,1124000.00,1677000.00,4038000.00,3644000.00,7014000.00,4996000.00,1849000.00,2910000.00,2180000.00,4301000.00,1066000.00,1191000.00,1021000.00,827000.00,2085000.00,2493000.00,603000.00,105000.00,556000.00,2105000.00,0.00,0.00,-1743000.00,1743000.00,1784000.00,2217000.00,2786000.00,2053000.00,,,,,,,,,,,,,,,,,,,,,,,,,,,,,,,,,,,,,,,,,,,,,,,,,,,,,,,,,,
preferredStockAndOtherAdjustments,,,,,,,,,,,,,,,,,,0.00,0.00,0.00,0.00,0.00,,,,,,,,,,,,,,,,,,,,,,,,,,,,,,,,,,,,,,,,,,,,,,,,,,,,,,,,,,,,,,,,,,,,,,,,,,,,,,,,,,,,,,,,,,,,,,,,,,,,,,,,,,,,,,,,,,,,,,,,,,,,,,,,,,,,
