,2023-09-30,2023-06-30,2023-03-31,2022-12-31,2022-09-30,2022-06-30,2022-03-31,2021-12-31,2021-09-30,2021-06-30,2021-03-31,2020-12-31,2020-09-30,2020-06-30,2020-03-31,2019-12-31,2019-09-30,2019-06-30,2019-03-31,2018-12-31,2018-09-30,2018-06-30,2018-03-31,2017-12-31,2017-09-30,2017-06-30,2017-03-31,2016-12-31,2016-09-30,2016-06-30,2016-03-31,2015-12-31,2015-09-30,2015-06-30,2015-03-31,2014-12-31,2014-09-30,2014-06-30,2014-03-31,2013-12-31,2013-09-30,2013-06-30,2013-03-31,2012-12-31,2012-09-30,2012-06-30,2012-03-31,2011-12-31,2011-09-30,2011-06-30,2011-03-31,2010-12-31,2010-09-30,2010-06-30,2010-03-31,2009-12-31,2009-09-30,2009-06-30,2009-03-31,2008-12-31,2008-09-30,2008-06-30,2008-03-31,2007-12-31,2007-09-30,2007-06-30,2007-03-31,2006-12-31,2006-09-30,2006-06-30,2006-03-31,2005-12-31,2005-09-30,2005-06-30,2005-03-31,2004-12-31,2004-09-30,2004-06-30,2004-03-31,2003-12-31,2003-09-30,2003-06-30,2003-03-31,2002-12-31,2002-09-30,2002-06-30,2002-03-31,2001-12-31,2001-03-31,2000-12-31,2001-09-30,2001-06-30
date,2023-09-30,2023-06-30,2023-03-31,2022-12-31,2022-09-30,2022-06-30,2022-03-31,2021-12-31,2021-09-30,2021-06-30,2021-03-31,2020-12-31,2020-09-30,2020-06-30,2020-03-31,2019-12-31,2019-09-30,2019-06-30,2019-03-31,2018-12-31,2018-09-30,2018-06-30,2018-03-31,2017-12-31,2017-09-30,2017-06-30,2017-03-31,2016-12-31,2016-09-30,2016-06-30,2016-03-31,2015-12-31,2015-09-30,2015-06-30,2015-03-31,2014-12-31,2014-09-30,2014-06-30,2014-03-31,2013-12-31,2013-09-30,2013-06-30,2013-03-31,2012-12-31,2012-09-30,2012-06-30,2012-03-31,2011-12-31,2011-09-30,2011-06-30,2011-03-31,2010-12-31,2010-09-30,2010-06-30,2010-03-31,2009-12-31,2009-09-30,2009-06-30,2009-03-31,2008-12-31,2008-09-30,2008-06-30,2008-03-31,2007-12-31,2007-09-30,2007-06-30,2007-03-31,2006-12-31,2006-09-30,2006-06-30,2006-03-31,2005-12-31,2005-09-30,2005-06-30,2005-03-31,2004-12-31,2004-09-30,2004-06-30,2004-03-31,2003-12-31,2003-09-30,2003-06-30,2003-03-31,2002-12-31,2002-09-30,2002-06-30,2002-03-31,2001-12-31,2001-03-31,2000-12-31,,
filing_date,2023-10-27,2023-07-28,2023-04-28,2023-03-01,2022-10-28,2022-07-28,2022-05-04,2022-03-01,2021-10-26,2021-07-28,2021-04-27,2021-03-01,2020-11-03,2020-07-31,2020-05-11,2020-03-02,2019-10-30,2019-07-31,2019-05-08,2019-02-28,2018-10-24,2018-07-25,2018-04-26,2018-02-27,2017-10-25,2017-07-26,2017-04-27,2017-02-23,2016-10-26,2016-07-27,2016-04-27,2016-02-19,2015-10-22,2015-07-23,2015-04-22,2015-02-24,2014-10-22,2014-07-23,2014-04-24,2014-02-25,2013-10-24,2013-07-24,2013-04-24,2013-02-21,2012-10-24,2012-07-26,2012-04-26,2012-02-22,2011-10-26,2011-07-27,2011-04-27,2011-02-28,2010-10-28,2010-07-28,2010-04-30,2010-03-01,2009-10-30,2009-07-31,2009-04-30,2009-03-16,2008-10-30,2008-07-31,2008-05-07,2008-02-29,2007-11-07,2007-08-09,2007-05-09,2007-03-08,2006-11-07,2006-08-08,2006-05-09,2006-03-16,2005-10-09,2005-08-05,2005-05-06,2005-03-15,2004-11-08,2004-08-06,2004-05-10,2004-03-11,2003-11-14,2003-08-14,2003-05-15,2003-03-25,2002-11-14,2002-08-14,2002-05-08,,,,,
currency_symbol,USD,USD,USD,USD,USD,USD,USD,USD,USD,USD,USD,USD,USD,USD,USD,USD,USD,USD,USD,USD,USD,USD,USD,USD,USD,USD,USD,USD,USD,USD,USD,USD,USD,USD,USD,USD,USD,USD,USD,USD,USD,USD,USD,USD,USD,USD,USD,USD,USD,USD,USD,USD,USD,USD,USD,USD,USD,USD,USD,USD,USD,USD,USD,USD,USD,USD,USD,USD,USD,USD,USD,USD,USD,USD,USD,USD,USD,USD,USD,USD,USD,USD,USD,USD,USD,USD,USD,USD,USD,USD,,
totalAssets,8255000000.00,8165900000.00,8182800000.00,8021400000.00,7816300000.00,7638800000.00,7860100000.00,8002600000.00,3571400000.00,3524900000.00,3582300000.00,3676300000.00,3530600000.00,2934400000.00,3069200000.00,2911300000.00,2816500000.00,2814000000.00,2904900000.00,2695400000.00,2516300000.00,2520900000.00,2429400000.00,2356700000.00,2269800000.00,2367000000.00,2399700000.00,2336100000.00,2326500000.00,2372100000.00,2335500000.00,2305900000.00,2243400000.00,2311800000.00,2177600000.00,2192000000.00,1925500000.00,1935900000.00,1873500000.00,1888600000.00,1775500000.00,1755300000.00,1657600000.00,1661400000.00,1490200000.00,1490400000.00,1482600000.00,1419400000.00,1308900000.00,1338200000.00,1441500000.00,1486300000.00,1326500000.00,1338700000.00,1346600000.00,1400900000.00,1271600000.00,1426300000.00,1472300000.00,1654300000.00,2064500000.00,2163400000.00,2019700000.00,2016300000.00,1915357000.00,1987556000.00,1978212000.00,2030837000.00,1930747000.00,1974287000.00,1963756000.00,1930800000.00,1782181000.00,1888499000.00,1938975000.00,1897959000.00,1793917000.00,1937606000.00,1881042000.00,1814279000.00,1676093000.00,1691230000.00,1619168000.00,1605644000.00,1503873000.00,1532560000.00,1504372000.00,1460657000.00,,1404200000.00,,
intangibleAssets,1800100000.00,1800100000.00,1800100000.00,1800100000.00,1327300000.00,1327300000.00,1335700000.00,1335700000.00,425200000.00,425200000.00,425200000.00,425200000.00,101900000.00,113200000.00,113200000.00,121700000.00,65800000.00,65800000.00,65800000.00,65800000.00,69500000.00,69500000.00,60400000.00,49600000.00,54700000.00,54700000.00,54800000.00,48500000.00,48500000.00,48500000.00,48500000.00,48500000.00,130200000.00,131200000.00,102900000.00,152600000.00,61900000.00,61900000.00,58100000.00,93100000.00,52800000.00,28400000.00,28400000.00,63400000.00,18700000.00,18700000.00,18700000.00,52100000.00,18800000.00,18800000.00,18800000.00,55200000.00,,,,18500000.00,,,,15700000.00,560500000.00,560400000.00,560700000.00,536469000.00,516591000.00,501884000.00,39518000.00,39518000.00,449785000.00,450362000.00,42853000.00,42853000.00,467188000.00,464947000.00,461189000.00,505834000.00,455184000.00,457162000.00,430625000.00,407336000.00,476271000.00,446426000.00,402133000.00,402133000.00,399198000.00,408713000.00,392287000.00,392856000.00,,364164000.00,,
earningAssets,,,,,,,,,,,,,,,,,,,,,,,,,,,,,,,,,,,,,,,,,,,,,,,,,,,,,,,,,,,,,,,,,,,,,,,,,,,,,,,,,,,,,,,,,,,,
otherCurrentAssets,812800000.00,346600000.00,298800000.00,181700000.00,298600000.00,257500000.00,1112800000.00,157700000.00,183400000.00,179700000.00,182100000.00,141800000.00,170100000.00,110600000.00,122100000.00,90400000.00,128900000.00,128400000.00,120600000.00,92500000.00,125500000.00,130700000.00,119200000.00,94600000.00,117700000.00,129200000.00,103900000.00,88500000.00,93700000.00,97200000.00,94600000.00,84100000.00,96100000.00,100100000.00,95400000.00,85200000.00,79900000.00,323400000.00,317200000.00,66100000.00,75200000.00,292200000.00,66000000.00,331700000.00,270600000.00,160400000.00,167800000.00,170200000.00,115600000.00,123500000.00,149200000.00,202900000.00,138300000.00,135700000.00,152800000.00,143600000.00,149800000.00,250100000.00,171900000.00,104600000.00,84400000.00,91900000.00,96100000.00,93626000.00,20228000.00,18976000.00,22359000.00,70389000.00,12451000.00,19677000.00,49310000.00,51498000.00,60538000.00,44660000.00,16065000.00,33553000.00,46517000.00,131786000.00,44040000.00,45228000.00,47405000.00,44846000.00,29265000.00,33600000.00,37974000.00,35388000.00,38680000.00,25253000.00,,19694000.00,,
totalLiab,994500000.00,5097400000.00,5133600000.00,5118100000.00,5173500000.00,5228400000.00,5677600000.00,5887100000.00,2270100000.00,2376600000.00,2584300000.00,2770800000.00,2718700000.00,2221300000.00,2408300000.00,2265000000.00,2216500000.00,2257700000.00,2400300000.00,2222200000.00,2035300000.00,2070400000.00,2005100000.00,1962500000.00,1922500000.00,2048900000.00,2101500000.00,2056400000.00,2070900000.00,2152500000.00,2093700000.00,1991400000.00,1928900000.00,1944100000.00,1799100000.00,1747100000.00,1401600000.00,1407100000.00,1361800000.00,1398000000.00,1304600000.00,1301700000.00,1228600000.00,1258600000.00,1104800000.00,1127200000.00,1134600000.00,1092800000.00,995500000.00,1027000000.00,1133700000.00,1199200000.00,1047700000.00,1073000000.00,1094100000.00,1157300000.00,1030600000.00,1193000000.00,1245800000.00,1431600000.00,1473600000.00,1571000000.00,1432600000.00,1432075000.00,1328171000.00,1399628000.00,1408854000.00,1419004000.00,1328431000.00,1386657000.00,1397474000.00,1383034000.00,1256539000.00,1384043000.00,1445368000.00,1417936000.00,1325943000.00,1482015000.00,1438182000.00,1380572000.00,1221564000.00,1253247000.00,1186979000.00,1178693000.00,1072934000.00,1116326000.00,1098559000.00,1117106000.00,,1082318000.00,,
totalStockholderEquity,3248500000.00,3068500000.00,3049200000.00,2903300000.00,2642800000.00,2410400000.00,2182500000.00,2115500000.00,1301300000.00,1148300000.00,998000000.00,905500000.00,811900000.00,713100000.00,660900000.00,646300000.00,600000000.00,556300000.00,504600000.00,473200000.00,481000000.00,450500000.00,424300000.00,394200000.00,347300000.00,318100000.00,298200000.00,279700000.00,255600000.00,219600000.00,241800000.00,314500000.00,314500000.00,367700000.00,378500000.00,444900000.00,523900000.00,528800000.00,511700000.00,490600000.00,470900000.00,453600000.00,429000000.00,402800000.00,385400000.00,363200000.00,348000000.00,326600000.00,313400000.00,311200000.00,307800000.00,287100000.00,278800000.00,265700000.00,252500000.00,243600000.00,241000000.00,233300000.00,226500000.00,222700000.00,590900000.00,592400000.00,587100000.00,584225000.00,587186000.00,587928000.00,569358000.00,611833000.00,602316000.00,587630000.00,566282000.00,547766000.00,525642000.00,504456000.00,493607000.00,480023000.00,467974000.00,455591000.00,442860000.00,433707000.00,454529000.00,437983000.00,432189000.00,426951000.00,430939000.00,416234000.00,405813000.00,343551000.00,,321882000.00,,
deferredLongTermLiab,,101700000.00,99300000.00,100700000.00,,,,,35300000.00,34600000.00,36200000.00,34600000.00,24700000.00,24700000.00,24900000.00,26000000.00,20400000.00,20700000.00,21300000.00,21700000.00,17400000.00,16600000.00,16300000.00,12500000.00,9100000.00,9000000.00,9200000.00,8900000.00,18700000.00,13700000.00,12200000.00,13700000.00,4500000.00,4200000.00,5300000.00,3900000.00,0.00,0.00,0.00,0.00,0.00,0.00,0.00,0.00,0.00,0.00,0.00,0.00,0.00,0.00,,,,,,,,,,,,,,,,,,,,,,,,,,,,,,,,,,,,,,,,,,
otherCurrentLiab,-100000.00,8800000.00,23000000.00,376400000.00,65000000.00,4500000.00,20800000.00,417300000.00,459500000.00,5100000.00,6000000.00,220800000.00,22500000.00,299200000.00,268700000.00,218000000.00,315000000.00,295000000.00,17700000.00,81100000.00,291300000.00,283300000.00,293000000.00,121500000.00,277800000.00,268300000.00,327700000.00,137400000.00,45300000.00,4900000.00,5000000.00,107800000.00,30400000.00,29600000.00,27100000.00,97100000.00,216700000.00,237500000.00,235900000.00,89200000.00,194700000.00,204800000.00,209300000.00,147400000.00,191900000.00,183800000.00,198500000.00,89900000.00,179500000.00,183800000.00,188900000.00,37700000.00,152000000.00,153400000.00,140800000.00,103500000.00,159500000.00,170400000.00,176100000.00,31600000.00,8000000.00,13200000.00,1800000.00,111576000.00,1377000.00,90553000.00,86499000.00,79222000.00,93756000.00,5659000.00,23590000.00,107065000.00,32891000.00,27618000.00,5087000.00,94028000.00,31243000.00,89722000.00,37877000.00,78727000.00,86910000.00,81890000.00,77226000.00,77325000.00,88441000.00,72732000.00,85635000.00,79260000.00,,56682000.00,,
commonStock,400000.00,400000.00,400000.00,400000.00,400000.00,400000.00,400000.00,400000.00,400000.00,400000.00,400000.00,400000.00,400000.00,400000.00,400000.00,400000.00,400000.00,400000.00,400000.00,400000.00,400000.00,400000.00,400000.00,400000.00,400000.00,400000.00,400000.00,400000.00,400000.00,400000.00,400000.00,400000.00,400000.00,400000.00,400000.00,400000.00,400000.00,400000.00,400000.00,400000.00,400000.00,400000.00,400000.00,400000.00,400000.00,400000.00,400000.00,400000.00,400000.00,400000.00,400000.00,400000.00,400000.00,400000.00,400000.00,400000.00,400000.00,400000.00,400000.00,400000.00,400000.00,400000.00,400000.00,363000.00,363000.00,362000.00,352000.00,351000.00,349000.00,347000.00,349000.00,344000.00,344000.00,342000.00,342000.00,342000.00,341000.00,341000.00,340000.00,340000.00,340000.00,340000.00,340000.00,340000.00,340000.00,340000.00,340000.00,,,,,
capitalStock,400000.00,400000.00,400000.00,400000.00,400000.00,400000.00,400000.00,400000.00,400000.00,400000.00,,,,,,,,,,,,,,,,,,,,,,,,,,,,,,,,,,,,,,,,,,,,,,,,,,,,,,,,,,,,,,,,,,,,,,,,,,,,,,,,,,
retainedEarnings,2950400000.00,2781100000.00,2763300000.00,2610100000.00,2338200000.00,2133300000.00,1931900000.00,1881300000.00,1740800000.00,1593800000.00,1441700000.00,1348900000.00,1259800000.00,1163600000.00,1114000000.00,1094500000.00,1050900000.00,1009300000.00,957700000.00,922700000.00,887100000.00,842800000.00,799500000.00,750300000.00,707800000.00,677100000.00,645000000.00,611500000.00,544400000.00,512000000.00,475300000.00,444300000.00,403200000.00,352100000.00,311000000.00,275100000.00,263300000.00,230800000.00,194900000.00,163500000.00,136600000.00,113900000.00,86900000.00,54400000.00,31600000.00,10900000.00,-10200000.00,-27800000.00,-49300000.00,-61600000.00,-75800000.00,-95700000.00,-101100000.00,-113600000.00,-126400000.00,-133800000.00,-134000000.00,-141400000.00,-146900000.00,-140000000.00,225400000.00,226500000.00,222600000.00,219356000.00,215558000.00,203979000.00,190118000.00,196393000.00,191073000.00,180543000.00,161539000.00,148986000.00,128484000.00,113532000.00,97545000.00,87905000.00,75060000.00,62944000.00,48196000.00,37832000.00,58259000.00,42014000.00,29742000.00,22645000.00,17146000.00,2501000.00,-10278000.00,,23016000.00,,,
otherLiab,,,,,529900000.00,528100000.00,518100000.00,524400000.00,76700000.00,76000000.00,83200000.00,74100000.00,62200000.00,62000000.00,54100000.00,55500000.00,49400000.00,48200000.00,48200000.00,52400000.00,47700000.00,45800000.00,28600000.00,29200000.00,31600000.00,31500000.00,30000000.00,29900000.00,36100000.00,37000000.00,35400000.00,29500000.00,29900000.00,25100000.00,25200000.00,23400000.00,22200000.00,21400000.00,21000000.00,20500000.00,20000000.00,18600000.00,18000000.00,17400000.00,17500000.00,17600000.00,17100000.00,17400000.00,26300000.00,28000000.00,29400000.00,28500000.00,30300000.00,32900000.00,32300000.00,29700000.00,31900000.00,27600000.00,29700000.00,28800000.00,26500000.00,25500000.00,36900000.00,34816000.00,34776000.00,35803000.00,35345000.00,29948000.00,30090000.00,30419000.00,30427000.00,28094000.00,28668000.00,39927000.00,37971000.00,35821000.00,36780000.00,27901000.00,23023000.00,42239000.00,37254000.00,15310000.00,15367000.00,15705000.00,19467000.00,20044000.00,37443000.00,14561000.00,,17817000.00,,
goodWill,1783400000.00,1783400000.00,1783400000.00,1783400000.00,2208200000.00,2230800000.00,2234600000.00,2271700000.00,569500000.00,563200000.00,563200000.00,562200000.00,888600000.00,206500000.00,206500000.00,201700000.00,272100000.00,213200000.00,213200000.00,181200000.00,181200000.00,181200000.00,176100000.00,160800000.00,160800000.00,160800000.00,160700000.00,128100000.00,128000000.00,130200000.00,130200000.00,130200000.00,130200000.00,131200000.00,102900000.00,104000000.00,61900000.00,61900000.00,58100000.00,54500000.00,52800000.00,28400000.00,28400000.00,28400000.00,18700000.00,18700000.00,18700000.00,18700000.00,18800000.00,18800000.00,18800000.00,18900000.00,,,,,,,,,499800000.00,499700000.00,500000000.00,483301000.00,468123000.00,456416000.00,447021000.00,447996000.00,449785000.00,450362000.00,456008000.00,457405000.00,467188000.00,464947000.00,461189000.00,461650000.00,455184000.00,457162000.00,430625000.00,404143000.00,464763000.00,434596000.00,400666000.00,402133000.00,399198000.00,396223000.00,392287000.00,392856000.00,,364164000.00,,
otherAssets,133700000.00,117400000.00,98100000.00,-100000.00,63000000.00,153800000.00,75200000.00,-122100000.00,8800000.00,9200000.00,9300000.00,328000.00,9800000.00,10000000.00,9800000.00,10000000.00,10100000.00,7700000.00,8500000.00,1000000.00,9600000.00,10000000.00,248300000.00,220400000.00,226100000.00,226700000.00,227000000.00,188300000.00,189100000.00,189100000.00,189500000.00,190100000.00,199800000.00,201800000.00,167200000.00,173700000.00,134200000.00,134900000.00,131400000.00,128500000.00,130400000.00,105000000.00,107400000.00,109200000.00,105200000.00,107500000.00,111800000.00,116100000.00,129200000.00,134900000.00,141800000.00,150600000.00,118400000.00,128200000.00,127500000.00,136200000.00,132600000.00,136100000.00,152800000.00,157900000.00,605200000.00,607000000.00,609000000.00,585297000.00,566649000.00,554323000.00,535762000.00,535189000.00,541526000.00,544492000.00,551291000.00,552163000.00,565962000.00,567368000.00,564313000.00,559165000.00,563543000.00,567319000.00,541635000.00,535279000.00,560042000.00,502837000.00,467899000.00,468931000.00,465890000.00,464615000.00,446138000.00,450997000.00,425234000.00,410945000.00,,
cash,41600000.00,77500000.00,296800000.00,235300000.00,141300000.00,100100000.00,284300000.00,189400000.00,330600000.00,102300000.00,27800000.00,1400000.00,4100000.00,613200000.00,388600000.00,3500000.00,1800000.00,9600000.00,10900000.00,8300000.00,6800000.00,2500000.00,4800000.00,4700000.00,2800000.00,2700000.00,3100000.00,3400000.00,3700000.00,1800000.00,4400000.00,2800000.00,3900000.00,1900000.00,1100000.00,2900000.00,11100000.00,7000000.00,6100000.00,5400000.00,1300000.00,67000000.00,100000.00,6200000.00,5900000.00,8700000.00,4300000.00,11400000.00,8200000.00,23200000.00,7900000.00,21300000.00,9100000.00,27000000.00,29400000.00,84700000.00,33700000.00,41900000.00,35700000.00,91600000.00,21400000.00,34800000.00,25700000.00,53354000.00,40794000.00,48680000.00,94497000.00,129170000.00,133475000.00,89097000.00,59874000.00,57194000.00,25998000.00,11049000.00,39253000.00,28093000.00,18255000.00,14879000.00,45986000.00,106711000.00,48804000.00,24575000.00,38077000.00,22613000.00,51640000.00,67143000.00,78112000.00,60506000.00,,47241000.00,,
cashAndEquivalents,41600000.00,77500000.00,296800000.00,235300000.00,141300000.00,100100000.00,284300000.00,178900000.00,330600000.00,102300000.00,,,,,,,,,,,,,,,,,,,,,,,,,,,,,,,,,,,,,,,,,,,,,,,,,,,,,,,,,,,,,,,,,,,,,,,,,,,,,,,,,,
totalCurrentLiabilities,994500000.00,1049600000.00,1068300000.00,1033400000.00,1158700000.00,1156900000.00,1584800000.00,1598000000.00,659200000.00,759300000.00,1048700000.00,1223400000.00,1212700000.00,893200000.00,1186000000.00,1247000000.00,1235100000.00,1272600000.00,1416800000.00,1277100000.00,1135500000.00,1169000000.00,1101100000.00,1058200000.00,980400000.00,1103200000.00,1153400000.00,1104900000.00,1099800000.00,1173900000.00,1114400000.00,1007800000.00,1146600000.00,1156600000.00,1088800000.00,1041100000.00,787300000.00,848200000.00,810000000.00,834200000.00,773300000.00,702300000.00,738200000.00,779800000.00,655400000.00,710300000.00,702500000.00,636300000.00,500400000.00,472200000.00,567300000.00,635800000.00,516700000.00,526700000.00,534500000.00,598800000.00,478100000.00,626500000.00,675600000.00,854500000.00,775300000.00,876100000.00,867100000.00,871667000.00,776251000.00,848263000.00,849927000.00,881055000.00,798003000.00,841092000.00,850864000.00,838226000.00,714062000.00,829333000.00,889628000.00,847510000.00,765172000.00,933129000.00,836585000.00,757026000.00,648191000.00,742593000.00,708921000.00,692873000.00,609086000.00,621857000.00,631427000.00,609997000.00,,628622000.00,,
currentDeferredRevenue,226700000.00,223600000.00,221800000.00,256000000.00,205900000.00,201200000.00,196400000.00,217700000.00,-459500000.00,,,8700000.00,,-299200000.00,-264600000.00,26000000.00,-315000000.00,-295000000.00,,21700000.00,-291300000.00,-283300000.00,-293000000.00,12500000.00,-277800000.00,-268300000.00,-327700000.00,8900000.00,,,,11800000.00,,,,10200000.00,-216700000.00,-226100000.00,-224500000.00,9400000.00,-194700000.00,-199800000.00,-209300000.00,10900000.00,,,,7700000.00,,,,7600000.00,,,,8600000.00,,,,105100000.00,,,,12291000.00,82864000.00,,,13961000.00,,86228000.00,84975000.00,19825000.00,103635000.00,88993000.00,88884000.00,15576000.00,94430000.00,90390000.00,95402000.00,,,,,,,,,,,,,
netDebt,3476800000.00,3452200000.00,3273500000.00,3453500000.00,3459800000.00,3581700000.00,3777100000.00,4371800000.00,1399100000.00,1734800000.00,2008800000.00,2363800000.00,2205800000.00,1240500000.00,1690800000.00,1877400000.00,1846400000.00,1901800000.00,2015500000.00,1950600000.00,1689500000.00,1738800000.00,1662400000.00,1689700000.00,1601200000.00,1737400000.00,1731500000.00,1786000000.00,1696000000.00,1824300000.00,1755500000.00,1740300000.00,1595700000.00,1614200000.00,1467200000.00,1549000000.00,1151600000.00,1152600000.00,1119800000.00,1211100000.00,1088600000.00,1016300000.00,1001200000.00,1016500000.00,457600000.00,917100000.00,914700000.00,920800000.00,781500000.00,792000000.00,907500000.00,941600000.00,856300000.00,859700000.00,891600000.00,887800000.00,805500000.00,961700000.00,1004300000.00,1128300000.00,1199200000.00,1252700000.00,1139700000.00,1096184000.00,1068065000.00,1111636000.00,1079662000.00,1048761000.00,962445000.00,1065231000.00,1082714000.00,1054137000.00,971165000.00,1111432000.00,1155558000.00,1152007000.00,1070041000.00,1189820000.00,1171106000.00,1087834000.00,975502000.00,1060456000.00,988556000.00,992958000.00,842556000.00,887040000.00,859112000.00,,,,,
shortTermDebt,166100000.00,129700000.00,151300000.00,253600000.00,116300000.00,138400000.00,487400000.00,799100000.00,199700000.00,302300000.00,588100000.00,896300000.00,772200000.00,594000000.00,913200000.00,921300000.00,920100000.00,977600000.00,1092300000.00,1092400000.00,844200000.00,885700000.00,808100000.00,831800000.00,702600000.00,834900000.00,825700000.00,876700000.00,783400000.00,898200000.00,828200000.00,802700000.00,851700000.00,857900000.00,788500000.00,873200000.00,570600000.00,610700000.00,574100000.00,673200000.00,578600000.00,497500000.00,528900000.00,556700000.00,463500000.00,526500000.00,504000000.00,493100000.00,320900000.00,288400000.00,378400000.00,428000000.00,364700000.00,373300000.00,393700000.00,443700000.00,318600000.00,456100000.00,499500000.00,671600000.00,612100000.00,678600000.00,692100000.00,675687000.00,643188000.00,694534000.00,696279000.00,723921000.00,639637000.00,683585000.00,671479000.00,638904000.00,523345000.00,646073000.00,718560000.00,684828000.00,590941000.00,703175000.00,659992000.00,635417000.00,520357000.00,616137000.00,590392000.00,575428000.00,480185000.00,509085000.00,507535000.00,,,,,
shortLongTermDebt,144800000.00,108500000.00,128700000.00,230000000.00,92000000.00,114000000.00,461200000.00,773300000.00,159400000.00,270800000.00,514500000.00,673900000.00,684900000.00,520100000.00,777500000.00,690100000.00,777000000.00,833300000.00,941700000.00,38800000.00,13100000.00,13100000.00,13500000.00,12900000.00,15700000.00,1831200000.00,825700000.00,14000000.00,783400000.00,898200000.00,,13900000.00,,,,27400000.00,,,,,,,,,,,,,,,,,,,,,,,,,,,,,,,,,,,,,,,,,,,,,,,,,,,,,,,,
shortLongTermDebtTotal,3518400000.00,3529700000.00,3570300000.00,3688800000.00,3601100000.00,3681800000.00,4061400000.00,4561200000.00,1729700000.00,1837100000.00,2036600000.00,2365200000.00,2209900000.00,1853700000.00,2079400000.00,1880900000.00,1848200000.00,1911400000.00,2026400000.00,1958900000.00,1696300000.00,1741300000.00,1667200000.00,1694400000.00,1604000000.00,1740100000.00,1734600000.00,1789400000.00,1699700000.00,1826100000.00,1759900000.00,1743100000.00,1599600000.00,1616100000.00,1468300000.00,1551900000.00,1162700000.00,1159600000.00,1125900000.00,1216500000.00,1089900000.00,1083300000.00,1001300000.00,1022700000.00,463500000.00,925800000.00,919000000.00,932200000.00,789700000.00,815200000.00,915400000.00,962900000.00,865400000.00,886700000.00,921000000.00,972500000.00,839200000.00,1003600000.00,1040000000.00,1219900000.00,1220600000.00,1287500000.00,1165400000.00,1149538000.00,1108859000.00,1160316000.00,1174159000.00,1177931000.00,1095920000.00,1154328000.00,1142588000.00,1111331000.00,997163000.00,1122481000.00,1194811000.00,1180100000.00,1088296000.00,1204699000.00,1217092000.00,1194545000.00,1024306000.00,1085031000.00,1026633000.00,1015571000.00,894196000.00,954183000.00,937224000.00,,,,,
otherStockholderEquity,220500000.00,215600000.00,223700000.00,218400000.00,230100000.00,225700000.00,221100000.00,234500000.00,-436200000.00,-440000000.00,-443100000.00,-438200000.00,-441600000.00,-444200000.00,-447200000.00,-445700000.00,-447800000.00,-450600000.00,-452600000.00,-450500000.00,-409200000.00,-394700000.00,-376800000.00,-355600000.00,-359100000.00,-357400000.00,-345500000.00,-330100000.00,-282800000.00,-285800000.00,-227900000.00,-126700000.00,-84500000.00,17300000.00,69200000.00,170900000.00,261000000.00,298500000.00,316700000.00,326500000.00,334200000.00,339600000.00,342600000.00,349600000.00,355700000.00,355000000.00,361500000.00,358500000.00,367000000.00,377700000.00,388300000.00,388400000.00,386800000.00,385800000.00,384700000.00,382700000.00,380900000.00,379200000.00,379800000.00,367900000.00,367200000.00,367600000.00,367600000.00,367115000.00,373423000.00,385047000.00,381014000.00,417166000.00,412968000.00,408763000.00,406669000.00,402023000.00,401462000.00,398458000.00,398366000.00,398062000.00,397660000.00,396958000.00,396083000.00,396018000.00,395952000.00,395684000.00,402196000.00,404088000.00,443909000.00,443849000.00,446207000.00,,,,,
propertyPlantEquipment,2191100000.00,1940200000.00,1930500000.00,1941000000.00,2152500000.00,1974000000.00,1988400000.00,1990000000.00,1412700000.00,1390600000.00,950800000.00,956200000.00,945400000.00,922800000.00,924400000.00,909700000.00,943400000.00,918900000.00,915400000.00,886100000.00,877600000.00,871900000.00,854500000.00,834200000.00,823000000.00,822300000.00,824100000.00,815400000.00,800300000.00,803500000.00,776700000.00,772800000.00,761600000.00,765200000.00,726100000.00,741600000.00,700100000.00,677500000.00,656100000.00,651500000.00,634300000.00,578600000.00,566000000.00,565800000.00,520100000.00,527700000.00,518700000.00,510800000.00,509500000.00,493000000.00,480700000.00,458400000.00,444700000.00,441900000.00,440900000.00,449100000.00,438400000.00,468900000.00,468100000.00,476700000.00,479900000.00,460800000.00,251200000.00,238581000.00,210688000.00,209471000.00,204782000.00,202584000.00,201053000.00,198825000.00,194621000.00,193457000.00,206900000.00,205982000.00,201154000.00,195788000.00,191078000.00,183099000.00,270451000.00,266991000.00,259553000.00,258602000.00,277735000.00,286930000.00,273350000.00,262803000.00,258379000.00,256402000.00,,218153000.00,,
totalCurrentAssets,2054900000.00,2003900000.00,2050200000.00,1909800000.00,1812600000.00,1601500000.00,1813900000.00,2051500000.00,1150500000.00,1132500000.00,1317600000.00,1405700000.00,1298000000.00,1591700000.00,1753200000.00,1602600000.00,1448000000.00,1529500000.00,1628600000.00,1552000000.00,1375500000.00,1386000000.00,1326600000.00,1302100000.00,1220700000.00,1318000000.00,1348600000.00,1332400000.00,1337100000.00,1379500000.00,1369300000.00,1343000000.00,1282000000.00,1344800000.00,1284300000.00,1276700000.00,1091200000.00,1123500000.00,1095600000.00,1108600000.00,1010800000.00,1071700000.00,984200000.00,986400000.00,864900000.00,855200000.00,852100000.00,792500000.00,670200000.00,710300000.00,819000000.00,877300000.00,763400000.00,768600000.00,778200000.00,815600000.00,700600000.00,821300000.00,851400000.00,1019700000.00,979400000.00,1095600000.00,1159500000.00,1192422000.00,1138020000.00,1223762000.00,1237668000.00,1293064000.00,1188168000.00,1230970000.00,1217844000.00,1185180000.00,1009519000.00,1116385000.00,1174008000.00,1143506000.00,1039296000.00,1187188000.00,1068956000.00,1012009000.00,856498000.00,929791000.00,873534000.00,849783000.00,764633000.00,805142000.00,799855000.00,,,,,
longTermInvestments,291800000.00,287300000.00,280800000.00,235000000.00,173500000.00,105300000.00,115400000.00,123500000.00,,,,,,,,,,,,400000.00,2900000.00,2300000.00,1600000.00,,,,,,,,,,,,,,,,,,,,,,,,,,,,,,,,,,,,,,,,,,,,,,,,,,,,,,,,,,,,,,,,,,,,,
netTangibleAssets,,1994300000.00,1981900000.00,3617000000.00,-1147700000.00,-443800000.00,-1491900000.00,306600000.00,306600000.00,159900000.00,300400000.00,214800000.00,85000000.00,471000000.00,389900000.00,375500000.00,322400000.00,339900000.00,285000000.00,226200000.00,230300000.00,199800000.00,187800000.00,183800000.00,131800000.00,102600000.00,82700000.00,103100000.00,79100000.00,40900000.00,63100000.00,135800000.00,184300000.00,236500000.00,275600000.00,340900000.00,462000000.00,466900000.00,453600000.00,436100000.00,418100000.00,425200000.00,400600000.00,374400000.00,366700000.00,344500000.00,329300000.00,307900000.00,294600000.00,292400000.00,,,,,,,,,,,,,,,,,,,,,,,,,,,,,,,,,,,,,,,,,,
shortTermInvestments,7400000.00,10300000.00,5500000.00,5400000.00,7900000.00,10800000.00,12500000.00,11000000.00,,,,,,,,11000000.00,,,,,0.00,0.00,0.00,0.00,0.00,0.00,0.00,0.00,0.00,0.00,0.00,0.00,0.00,0.00,0.00,8000000.00,0.00,0.00,0.00,0.00,0.00,0.00,0.00,0.00,0.00,0.00,0.00,0.00,0.00,0.00,,,,,,,,8000000.00,,,,,,,,,,,,,913000.00,913000.00,909000.00,1813000.00,1799000.00,1645000.00,1623000.00,1640000.00,1637000.00,1591000.00,1591000.00,1545000.00,1545000.00,1499000.00,1499000.00,1455000.00,1455000.00,1410000.00,,1304000.00,,
netReceivables,-41600000.00,342800000.00,322800000.00,446200000.00,338400000.00,389300000.00,392300000.00,469500000.00,206900000.00,258700000.00,306600000.00,337400000.00,245500000.00,202800000.00,154100000.00,348000000.00,261100000.00,271200000.00,274000000.00,343300000.00,252100000.00,257100000.00,261500000.00,321800000.00,240500000.00,237400000.00,254200000.00,321000000.00,240800000.00,244300000.00,226900000.00,295200000.00,236100000.00,246200000.00,249600000.00,262600000.00,199700000.00,227400000.00,220000000.00,236600000.00,177400000.00,201000000.00,194200000.00,223700000.00,76900000.00,77700000.00,77800000.00,79000000.00,74600000.00,67600000.00,84700000.00,102600000.00,84600000.00,81500000.00,89800000.00,79000000.00,82000000.00,85800000.00,76400000.00,146000000.00,162700000.00,200100000.00,222300000.00,253883000.00,241489000.00,263219000.00,257032000.00,299769000.00,247261000.00,265164000.00,250628000.00,289453000.00,225110000.00,262615000.00,253167000.00,253556000.00,224291000.00,236425000.00,215295000.00,208082000.00,198430000.00,216450000.00,182211000.00,187280000.00,175075000.00,175048000.00,170809000.00,,,,,
longTermDebt,3136500000.00,3181300000.00,3194800000.00,3216800000.00,3261800000.00,3315500000.00,3340700000.00,3511700000.00,1327700000.00,1335000000.00,1157700000.00,1165200000.00,1174100000.00,1182100000.00,1117500000.00,907000000.00,867800000.00,871200000.00,874700000.00,866500000.00,852100000.00,855600000.00,859100000.00,862600000.00,901400000.00,905200000.00,908900000.00,912700000.00,916300000.00,927900000.00,931700000.00,940400000.00,747900000.00,758200000.00,679800000.00,678700000.00,592100000.00,537500000.00,540400000.00,543300000.00,511300000.00,580800000.00,472400000.00,461400000.00,431900000.00,399300000.00,415000000.00,439100000.00,468800000.00,526800000.00,537000000.00,534900000.00,500700000.00,513400000.00,527300000.00,528800000.00,520600000.00,538900000.00,540500000.00,548300000.00,608500000.00,608900000.00,473300000.00,473851000.00,465671000.00,465782000.00,477880000.00,454010000.00,456283000.00,470743000.00,471109000.00,472427000.00,473818000.00,476408000.00,476251000.00,492536000.00,497355000.00,501524000.00,557100000.00,559128000.00,503949000.00,468894000.00,436241000.00,440143000.00,414011000.00,445098000.00,429689000.00,492548000.00,,435879000.00,,
inventory,1242100000.00,1199200000.00,1081400000.00,959200000.00,822200000.00,783200000.00,701100000.00,718400000.00,413800000.00,560200000.00,769600000.00,875200000.00,828700000.00,636400000.00,1059700000.00,985000000.00,1030100000.00,1100800000.00,1167800000.00,1067600000.00,962800000.00,967400000.00,912800000.00,826000000.00,843500000.00,930400000.00,969100000.00,894900000.00,892400000.00,989500000.00,997900000.00,917200000.00,887600000.00,928500000.00,870500000.00,886000000.00,784600000.00,793100000.00,772300000.00,767700000.00,734500000.00,712500000.00,703900000.00,648500000.00,588400000.00,595200000.00,583900000.00,519500000.00,457100000.00,482900000.00,566600000.00,542900000.00,525600000.00,517200000.00,498300000.00,499700000.00,426300000.00,529300000.00,556500000.00,666600000.00,696800000.00,756800000.00,803000000.00,769992000.00,745428000.00,808235000.00,780491000.00,775313000.00,715458000.00,779817000.00,776679000.00,709791000.00,623444000.00,722160000.00,800479000.00,761557000.00,692300000.00,746284000.00,707513000.00,650397000.00,560268000.00,642375000.00,622436000.00,604791000.00,498445000.00,526108000.00,510799000.00,491698000.00,,554141000.00,,
accountsPayable,601800000.00,687500000.00,672200000.00,147400000.00,771500000.00,812800000.00,880200000.00,163900000.00,459500000.00,451900000.00,454600000.00,97600000.00,418000000.00,299200000.00,268700000.00,81700000.00,315000000.00,295000000.00,306800000.00,81900000.00,291300000.00,283300000.00,293000000.00,92400000.00,277800000.00,268300000.00,327700000.00,81900000.00,271100000.00,270800000.00,281200000.00,85500000.00,264500000.00,269100000.00,273200000.00,60600000.00,216700000.00,226100000.00,224500000.00,62400000.00,194700000.00,199800000.00,209300000.00,64800000.00,180500000.00,183800000.00,195400000.00,45600000.00,177800000.00,183800000.00,183600000.00,162500000.00,152000000.00,153400000.00,139300000.00,43000000.00,131800000.00,143900000.00,135200000.00,46200000.00,155200000.00,184300000.00,173200000.00,72113000.00,48822000.00,63176000.00,67149000.00,63951000.00,64610000.00,65620000.00,70820000.00,72432000.00,54191000.00,66649000.00,77097000.00,53078000.00,48558000.00,49842000.00,43314000.00,42882000.00,40924000.00,44566000.00,41303000.00,40120000.00,40460000.00,40040000.00,38257000.00,484948000.00,,536155000.00,,
totalPermanentEquity,,,,,,,,,,,,,,,,,,,,,0.00,0.00,0.00,394200000.00,0.00,0.00,0.00,279700000.00,0.00,0.00,0.00,0.00,0.00,0.00,0.00,0.00,0.00,0.00,0.00,0.00,0.00,0.00,0.00,0.00,0.00,0.00,0.00,0.00,0.00,0.00,,,,,,,,,,,,,,,,,,,,,,,,,,,,,,,,,,,,,,,,,,
noncontrollingInterestInConsolidatedEntity,,,,,,,,,,,,,,,,,,,,,0.00,0.00,0.00,0.00,0.00,0.00,0.00,0.00,0.00,0.00,0.00,0.00,0.00,0.00,0.00,0.00,0.00,0.00,0.00,0.00,0.00,0.00,0.00,0.00,0.00,0.00,0.00,0.00,0.00,0.00,,,,,,,,,,,,,,,,,,,,,,,,,,,,,,,,,,,,,,,,,,
temporaryEquityRedeemableNoncontrollingInterests,,,,,,,,,,,,,,,,,,,,,0.00,0.00,0.00,0.00,0.00,0.00,0.00,0.00,0.00,0.00,0.00,0.00,0.00,0.00,0.00,0.00,0.00,0.00,0.00,0.00,0.00,0.00,0.00,0.00,0.00,0.00,0.00,0.00,0.00,0.00,,,,,,,,,,,,,,,,,,,,,,,,,,,,,,,,,,,,,,,,,,
accumulatedOtherComprehensiveIncome,77200000.00,71400000.00,61800000.00,74400000.00,74100000.00,51000000.00,29100000.00,-700000.00,-3700000.00,-5900000.00,-1000000.00,-5600000.00,-6700000.00,-6700000.00,-6300000.00,-2900000.00,-3500000.00,-2800000.00,-900000.00,600000.00,2700000.00,2000000.00,1200000.00,-900000.00,-1800000.00,-2000000.00,-1700000.00,-2100000.00,-6400000.00,-7000000.00,-6000000.00,-3500000.00,-4600000.00,-2100000.00,-2100000.00,-1500000.00,-800000.00,-900000.00,-300000.00,200000.00,-300000.00,-300000.00,-900000.00,-1600000.00,-2300000.00,-3100000.00,-3700000.00,-4500000.00,-4700000.00,-5300000.00,-5100000.00,-6000000.00,-7300000.00,-6900000.00,-6200000.00,-5700000.00,-6300000.00,-4900000.00,-6800000.00,-5600000.00,-2100000.00,-2100000.00,-3500000.00,-2609000.00,-2158000.00,-1460000.00,-2126000.00,-2077000.00,-2074000.00,-2023000.00,-2275000.00,-3587000.00,-4648000.00,-7876000.00,-2646000.00,-6286000.00,-5087000.00,-4652000.00,-1759000.00,-483000.00,-22000.00,-55000.00,-89000.00,-122000.00,-154000.00,-30456000.00,1913000.00,,,,,
additionalPaidInCapital,,,,,,,,,,,,,,,,,,,,,0.00,0.00,0.00,563500000.00,0.00,0.00,0.00,549400000.00,0.00,0.00,0.00,0.00,0.00,0.00,0.00,0.00,0.00,0.00,0.00,0.00,0.00,0.00,0.00,0.00,0.00,0.00,0.00,0.00,0.00,0.00,,,,,,,,,,,,,,,,,,,,,,,,,,,,,,,,,,,,,,,,,,
commonStockTotalEquity,,400000.00,400000.00,400000.00,400000.00,400000.00,400000.00,400000.00,400000.00,400000.00,400000.00,400000.00,400000.00,400000.00,400000.00,400000.00,400000.00,400000.00,400000.00,400000.00,400000.00,400000.00,400000.00,400000.00,400000.00,400000.00,400000.00,400000.00,400000.00,400000.00,400000.00,400000.00,400000.00,400000.00,400000.00,400000.00,400000.00,400000.00,400000.00,400000.00,400000.00,400000.00,400000.00,400000.00,400000.00,400000.00,400000.00,400000.00,400000.00,400000.00,400000.00,400000.00,400000.00,400000.00,400000.00,400000.00,400000.00,400000.00,400000.00,400000.00,400000.00,400000.00,400000.00,363000.00,363000.00,362000.00,352000.00,351000.00,349000.00,347000.00,349000.00,344000.00,344000.00,342000.00,342000.00,342000.00,341000.00,341000.00,340000.00,340000.00,340000.00,340000.00,340000.00,340000.00,340000.00,340000.00,340000.00,,,,,
preferredStockTotalEquity,,,,,,,,,,,,,,,,,,,,,0.00,0.00,0.00,0.00,0.00,0.00,0.00,0.00,0.00,0.00,0.00,0.00,0.00,0.00,0.00,0.00,0.00,0.00,0.00,0.00,0.00,0.00,0.00,0.00,0.00,0.00,0.00,0.00,0.00,0.00,,,,,,,,,,,,,,,,,,,,,,,,,,,,,,,,,,,,,,,,,,
retainedEarningsTotalEquity,,2781100000.00,2763300000.00,2610100000.00,2338200000.00,2133300000.00,1931900000.00,1881300000.00,1740800000.00,1593800000.00,1441700000.00,1348900000.00,1259800000.00,1163600000.00,1114000000.00,1094500000.00,1050900000.00,1009300000.00,957700000.00,922700000.00,887100000.00,842800000.00,799500000.00,750300000.00,707800000.00,677100000.00,645000000.00,611500000.00,544400000.00,512000000.00,475300000.00,444300000.00,403200000.00,352100000.00,311000000.00,275100000.00,263300000.00,230800000.00,194900000.00,163500000.00,136600000.00,113900000.00,86900000.00,54400000.00,31600000.00,10900000.00,-10200000.00,-27800000.00,-49300000.00,-61600000.00,,,,,,,,,,,,,,,,,,,,,,,,,,,,,,,,,,,,,,,,,,
treasuryStock,,-1066400000.00,-1064300000.00,-1063000000.00,-1053300000.00,-1053100000.00,-1053000000.00,-1044100000.00,-1043900000.00,-1043900000.00,-1043300000.00,-1033700000.00,-1033700000.00,-1033700000.00,-1033600000.00,-1028600000.00,-1028600000.00,-1028400000.00,-1028100000.00,-1023400000.00,-980900000.00,-963900000.00,-943500000.00,-919100000.00,-918900000.00,-913800000.00,-898600000.00,-879500000.00,-829400000.00,-829300000.00,-769000000.00,-663900000.00,-619400000.00,-515100000.00,-459900000.00,-351700000.00,-259500000.00,-219600000.00,-198700000.00,-184000000.00,-174300000.00,-166100000.00,-161000000.00,-149400000.00,-141800000.00,-135400000.00,-126900000.00,-124100000.00,-108400000.00,-92700000.00,-79100000.00,-75000000.00,-74900000.00,-74900000.00,-74700000.00,-74600000.00,-74600000.00,-74600000.00,-74500000.00,-74500000.00,-74500000.00,-74500000.00,-74300000.00,-73319000.00,-65770000.00,-52338000.00,-50634000.00,-14559000.00,-14567000.00,-15032000.00,-15032000.00,-15032000.00,-15032000.00,-15032000.00,-15032000.00,-15032000.00,-15032000.00,-15032000.00,-15064000.00,-15064000.00,-15064000.00,-15064000.00,-8544000.00,-6630000.00,,,,,,,,
accumulatedAmortization,,,,,,,,,,,,,,,,,,,,,,,,,,,,,,,,,,,,,,,,,,,,,,,,,,,,,,,,,,,,,,,,,,,,,,,,,,,,,,,,,,,,,,,,,,,,
nonCurrrentAssetsOther,30100000.00,15700000.00,-1200000.00,116700000.00,93200000.00,99000000.00,60400000.00,22200000.00,13500000.00,13400000.00,15000000.00,9600000.00,9800000.00,10000000.00,9800000.00,10000000.00,10100000.00,7700000.00,8500000.00,9300000.00,12500000.00,12300000.00,11800000.00,10000000.00,10600000.00,11200000.00,11500000.00,11700000.00,12600000.00,10400000.00,10800000.00,11400000.00,69600000.00,70600000.00,64300000.00,69700000.00,60500000.00,60500000.00,60000000.00,46000000.00,59500000.00,54000000.00,52700000.00,53300000.00,54400000.00,54500000.00,55300000.00,56000000.00,61400000.00,64300000.00,65800000.00,70200000.00,49500000.00,49700000.00,50100000.00,51800000.00,45300000.00,51000000.00,52900000.00,54700000.00,105400000.00,107300000.00,109000000.00,101996000.00,98526000.00,97907000.00,88741000.00,47675000.00,91741000.00,94130000.00,95283000.00,51905000.00,98574000.00,101185000.00,102624000.00,97015000.00,108359000.00,110157000.00,111010000.00,131136000.00,95279000.00,68241000.00,67233000.00,66798000.00,66692000.00,68392000.00,53851000.00,,,,,
deferredLongTermAssetCharges,,,,,,,,,,,,,,,,,,,,,,,,,,,,,,,,,,,,,11800000.00,12500000.00,13300000.00,13100000.00,18100000.00,22600000.00,26300000.00,27500000.00,32100000.00,34300000.00,37800000.00,41400000.00,49000000.00,51800000.00,,,,,,,,,,,,,,,,,,,,,,,,,,,,,,,,,,,,,,,,,,
nonCurrentAssetsTotal,6200100000.00,6162000000.00,6132600000.00,6111700000.00,6003700000.00,6037300000.00,6046200000.00,6073200000.00,2420900000.00,2392400000.00,2264700000.00,2270600000.00,2232600000.00,1342700000.00,1316000000.00,1308700000.00,1368500000.00,1284500000.00,1276300000.00,1142400000.00,1140800000.00,1134900000.00,1102800000.00,1054600000.00,1049100000.00,1049000000.00,1051100000.00,1003700000.00,989400000.00,992600000.00,966200000.00,962900000.00,961400000.00,967000000.00,893300000.00,915300000.00,834300000.00,812400000.00,777900000.00,780000000.00,764700000.00,683600000.00,673400000.00,675000000.00,625300000.00,635200000.00,630500000.00,626900000.00,638700000.00,627900000.00,622500000.00,609000000.00,563100000.00,570100000.00,568400000.00,585300000.00,571000000.00,605000000.00,620900000.00,634600000.00,1085100000.00,1067800000.00,860200000.00,823878000.00,777337000.00,763794000.00,740544000.00,737773000.00,742579000.00,743317000.00,745912000.00,745620000.00,772662000.00,772114000.00,764967000.00,754453000.00,754621000.00,750418000.00,812086000.00,802270000.00,819595000.00,761439000.00,745634000.00,755861000.00,739240000.00,727418000.00,704517000.00,,,,,
capitalLeaseObligations,237100000.00,239900000.00,246800000.00,242000000.00,247300000.00,252300000.00,259500000.00,267800000.00,220500000.00,217400000.00,315700000.00,328500000.00,290500000.00,94000000.00,66000000.00,69600000.00,81300000.00,83100000.00,77700000.00,,,,,,,,,,,,,,,,,,,,,,,,,,,,,,,,,,,,,,,,,,,,,,,,,,,,,,,,,,,,,,,,,,,,,,,,,
longTermDebtTotal,3136500000.00,3181300000.00,3194800000.00,3216800000.00,3261800000.00,3315500000.00,3340700000.00,3520100000.00,1327700000.00,1335000000.00,1157700000.00,1165200000.00,1174100000.00,1182100000.00,1117500000.00,907000000.00,867800000.00,871200000.00,874700000.00,866500000.00,852100000.00,855600000.00,859100000.00,862600000.00,901400000.00,905200000.00,908900000.00,912700000.00,916300000.00,927900000.00,931700000.00,940400000.00,747900000.00,758200000.00,679800000.00,678700000.00,592100000.00,537500000.00,540400000.00,543300000.00,511300000.00,580800000.00,472400000.00,461400000.00,431900000.00,399300000.00,415000000.00,439100000.00,468800000.00,526800000.00,,,,,,,,,,,,,,,,,,,,,,,,,,,,,,,,,,,,,,,,,,
nonCurrentLiabilitiesOther,55800000.00,55600000.00,55100000.00,53500000.00,52100000.00,52100000.00,51900000.00,60700000.00,45600000.00,47900000.00,50900000.00,50900000.00,43600000.00,43700000.00,35300000.00,32400000.00,32900000.00,30600000.00,28100000.00,30700000.00,30300000.00,29200000.00,28600000.00,29200000.00,31600000.00,31500000.00,30000000.00,29900000.00,36100000.00,37000000.00,35400000.00,29500000.00,29900000.00,25100000.00,25200000.00,23400000.00,22200000.00,21400000.00,21000000.00,20500000.00,20000000.00,18600000.00,18000000.00,17400000.00,17500000.00,17600000.00,17100000.00,17400000.00,26300000.00,28000000.00,,,,,,,,,,,,,,,,,,,,,,,,,,,,,,,,,,,,,,,,,,
nonCurrentLiabilitiesTotal,4012000000.00,4047800000.00,4065300000.00,4084700000.00,4014800000.00,4071500000.00,4092800000.00,4289100000.00,1610900000.00,1617300000.00,1535600000.00,1547400000.00,1506000000.00,1328100000.00,1226400000.00,1018000000.00,981400000.00,985100000.00,983500000.00,918900000.00,899800000.00,901400000.00,904000000.00,904300000.00,942100000.00,945700000.00,948100000.00,951500000.00,971100000.00,978600000.00,979300000.00,983600000.00,782300000.00,787500000.00,710300000.00,706000000.00,614300000.00,558900000.00,551800000.00,563800000.00,531300000.00,599400000.00,490400000.00,478800000.00,449400000.00,416900000.00,432100000.00,456500000.00,495100000.00,554800000.00,566400000.00,563400000.00,531000000.00,546300000.00,559600000.00,558500000.00,552500000.00,566500000.00,570200000.00,577100000.00,698300000.00,694900000.00,565500000.00,560408000.00,551920000.00,551365000.00,558927000.00,537949000.00,530428000.00,545565000.00,546610000.00,544808000.00,542477000.00,554710000.00,555740000.00,570426000.00,560771000.00,548886000.00,601597000.00,623546000.00,573373000.00,510654000.00,478058000.00,485820000.00,463848000.00,494469000.00,467132000.00,,,,,
negativeGoodwill,,,,,,,,,,,,,,,,,,,,,,,,,,,,,,,,,,,,,,,,,,,,,,,,,,,,,,,,,,,,,,,,,,,,,,,,,,,,,,,,,,,,,,,,,,,,
warrants,,,,,,,,,,,,,,,,,,,,,,,,,,,,,,,,,,,,,,,,,,,,,,,,,,,,,,,,,,,,,,,,,,,,,,,,,,,,,,,,,,,,,,,,,,,,
preferredStockRedeemable,,,,,,,,,,,,,,,,,,,,,,,,,,,,,,,,,,,,,,,,,,,,,,,,,,,,,,,,,,,,,,,,,,,,,,,,,,,,,,,,,,,,,,,,,,,,
capitalSurpluse,1287200000.00,1282000000.00,1288000000.00,1281400000.00,1283400000.00,1278800000.00,1274100000.00,1278600000.00,607700000.00,603900000.00,600200000.00,595500000.00,592100000.00,589500000.00,586400000.00,582900000.00,580800000.00,577800000.00,575500000.00,572900000.00,571700000.00,569200000.00,566700000.00,563500000.00,559800000.00,556400000.00,553100000.00,549400000.00,546600000.00,543500000.00,541100000.00,537200000.00,534900000.00,532400000.00,529100000.00,522600000.00,520500000.00,518100000.00,515400000.00,510500000.00,508500000.00,505700000.00,503600000.00,499000000.00,497500000.00,490400000.00,488400000.00,482600000.00,475400000.00,470400000.00,,,,,,,,,,,,,,,,,,,,,,,,,,,,,,,,,,,,,,,,,,
liabilitiesAndStockholdersEquity,8255000000.00,8165900000.00,8182800000.00,8021400000.00,7816300000.00,7638800000.00,7860100000.00,8002600000.00,3571400000.00,3524900000.00,3582300000.00,3676300000.00,3530600000.00,2934400000.00,3069200000.00,2911300000.00,2816500000.00,2814000000.00,2904900000.00,2695400000.00,2516300000.00,2520900000.00,2429400000.00,2356700000.00,2269800000.00,2367000000.00,2399700000.00,2336100000.00,2326500000.00,2372100000.00,2335500000.00,2305900000.00,2243400000.00,2311800000.00,2177600000.00,2192000000.00,1925500000.00,1935900000.00,1873500000.00,1888600000.00,1775500000.00,1755300000.00,1657600000.00,1661400000.00,1490200000.00,1490400000.00,1482600000.00,1419400000.00,1308900000.00,1338200000.00,1441500000.00,1486300000.00,1326500000.00,1338700000.00,1346600000.00,1400900000.00,1271600000.00,1426300000.00,1472300000.00,1654300000.00,2064500000.00,2163400000.00,2019700000.00,2016300000.00,1915357000.00,1987556000.00,1978212000.00,2030837000.00,1930747000.00,1974287000.00,1963756000.00,1930800000.00,1782181000.00,1888499000.00,1938975000.00,1897959000.00,1793917000.00,1937606000.00,1881042000.00,1814279000.00,1676093000.00,1691230000.00,1619168000.00,1605644000.00,1503873000.00,1532560000.00,1504372000.00,,,,,
cashAndShortTermInvestments,41600000.00,87800000.00,302300000.00,240700000.00,149200000.00,110900000.00,284300000.00,189400000.00,330600000.00,102300000.00,27800000.00,1400000.00,4100000.00,613200000.00,388600000.00,3500000.00,1800000.00,9600000.00,10900000.00,8300000.00,6800000.00,2500000.00,4800000.00,4700000.00,2800000.00,2700000.00,3100000.00,3400000.00,3700000.00,1800000.00,4400000.00,2800000.00,3900000.00,1900000.00,1100000.00,2900000.00,11100000.00,7000000.00,6100000.00,5400000.00,1300000.00,67000000.00,100000.00,6200000.00,5900000.00,8700000.00,4300000.00,11400000.00,8200000.00,23200000.00,7900000.00,21300000.00,9100000.00,27000000.00,29400000.00,84700000.00,33700000.00,41900000.00,35700000.00,91600000.00,21400000.00,34800000.00,25700000.00,53354000.00,40794000.00,48680000.00,94497000.00,129170000.00,133475000.00,89097000.00,59874000.00,58107000.00,26907000.00,12862000.00,41052000.00,29738000.00,19878000.00,16519000.00,47623000.00,108302000.00,50395000.00,26120000.00,39622000.00,24112000.00,53139000.00,68598000.00,79567000.00,,,,,
propertyPlantAndEquipmentGross,,,,1941000000.00,,,,,,1390600000.00,1261300000.00,1273600000.00,1232300000.00,1013000000.00,986500000.00,975300000.00,1020500000.00,997800000.00,988800000.00,886100000.00,877600000.00,871900000.00,854500000.00,834200000.00,823000000.00,822300000.00,824100000.00,815400000.00,800300000.00,803500000.00,776700000.00,772800000.00,761600000.00,765200000.00,726100000.00,741600000.00,700100000.00,677500000.00,656100000.00,651500000.00,634300000.00,578600000.00,566000000.00,565800000.00,520100000.00,527700000.00,518700000.00,510800000.00,509500000.00,493000000.00,480700000.00,458400000.00,444700000.00,441900000.00,440900000.00,449100000.00,438400000.00,468900000.00,468100000.00,476700000.00,479900000.00,460800000.00,251200000.00,238581000.00,210688000.00,209471000.00,204782000.00,202584000.00,201053000.00,198825000.00,194621000.00,193457000.00,206900000.00,205982000.00,201154000.00,195788000.00,191078000.00,183099000.00,270451000.00,266991000.00,259553000.00,258602000.00,277735000.00,286930000.00,273350000.00,262803000.00,258379000.00,,,,,
propertyPlantAndEquipmentNet,2191100000.00,2173800000.00,2170200000.00,2176500000.00,2152500000.00,2220100000.00,2240800000.00,2251000000.00,1412700000.00,1390600000.00,1261300000.00,1273600000.00,1232300000.00,1013000000.00,986500000.00,975300000.00,1020500000.00,997800000.00,988800000.00,886100000.00,877600000.00,871900000.00,854500000.00,834200000.00,823000000.00,822300000.00,824100000.00,815400000.00,800300000.00,803500000.00,776700000.00,772800000.00,761600000.00,765200000.00,726100000.00,741600000.00,700100000.00,677500000.00,656100000.00,651500000.00,634300000.00,578600000.00,566000000.00,565800000.00,520100000.00,527700000.00,518700000.00,510800000.00,509500000.00,493000000.00,480700000.00,458400000.00,444700000.00,441900000.00,440900000.00,449100000.00,438400000.00,468900000.00,468100000.00,476700000.00,479900000.00,460800000.00,251200000.00,238581000.00,210688000.00,209471000.00,204782000.00,202584000.00,201053000.00,198825000.00,194621000.00,193457000.00,206900000.00,205982000.00,201154000.00,195788000.00,191078000.00,183099000.00,270451000.00,266991000.00,259553000.00,258602000.00,277735000.00,286930000.00,273350000.00,262803000.00,258379000.00,,,,,
accumulatedDepreciation,,,,,,,,,,,,,,,,,,,,,,,,,,,,,,,,,,,,,,,,,,,,,,,,,,,,,,,,,,,,,,,,,,,,,,,,,,,,,,,,,,,,,,,,,,,,
netWorkingCapital,1060400000.00,954300000.00,981900000.00,876400000.00,653900000.00,444600000.00,229100000.00,453500000.00,491300000.00,373200000.00,268900000.00,182300000.00,85300000.00,698500000.00,571300000.00,,,,,,,,,,,,,,,,,,,,,,,,,,,,,,,,,,,,,,,,,,,,,,,,,,,,,,,,,,,,,,,,,,,,,,,,,,,,,
netInvestedCapital,6529900000.00,6358300000.00,6372700000.00,6350100000.00,5996600000.00,5839900000.00,5984400000.00,6408900000.00,2788400000.00,2754100000.00,2670200000.00,2744600000.00,2670900000.00,2415300000.00,2555900000.00,,,,,,,,,,,,,,,,,,,,,,,,,,,,,,,,,,,,,,,,,,,,,,,,,,,,,,,,,,,,,,,,,,,,,,,,,,,,,
commonStockSharesOutstanding,20700000.00,21000000.00,21700000.00,22100000.00,22200000.00,22200000.00,22900000.00,21800000.00,19500000.00,19500000.00,19400000.00,19400000.00,19400000.00,19300000.00,19300000.00,19300000.00,19300000.00,19300000.00,19400000.00,19600000.00,20300000.00,20500000.00,20800000.00,20800000.00,20800000.00,21000000.00,21100000.00,21800000.00,22100000.00,22200000.00,24400000.00,25000000.00,26100000.00,27000000.00,27700000.00,29300000.00,30000000.00,30500000.00,30700000.00,30900000.00,31100000.00,31100000.00,31200000.00,31400000.00,31500000.00,31500000.00,31700000.00,31700000.00,32500000.00,32900000.00,33600000.00,33600000.00,33100000.00,33000000.00,33300000.00,33300000.00,33100000.00,33200000.00,32400000.00,32400000.00,32100000.00,32200000.00,32300000.00,32300000.00,33200000.00,33300000.00,34200000.00,34161000.00,33841000.00,33709000.00,33584000.00,33584000.00,33032000.00,32725000.00,32781000.00,32781000.00,32647000.00,32656000.00,32721000.00,32721000.00,32612000.00,32714000.00,33053000.00,33053000.00,34001000.00,34084000.00,30434000.00,,,,,
investments,-27900000.00,-65900000.00,-40600000.00,-56100000.00,-72300000.00,3600000.00,-100000.00,-300000.00,-19800000.00,-225100000.00,-3700000.00,-2700000.00,-854200000.00,-9100000.00,45200000.00,-21400000.00,-113900000.00,34700000.00,-127000000.00,,,,,-5400000.00,-5400000.00,-5400000.00,-5400000.00,-19600000.00,-7100000.00,-12500000.00,,-19600000.00,,-100000.00,,-100000.00,-100000.00,-200000.00,-400000.00,-400000.00,-400000.00,-500000.00,,-900000.00,,,,,,,,,,,,,,,,,,,,,,,,,,,,,,,,,,,,,,,,,,,,,,,,
changeToLiabilities,,30300000.00,33800000.00,-132200000.00,-19200000.00,-80500000.00,163000000.00,31600000.00,19000000.00,-42300000.00,4400000.00,40400000.00,106100000.00,30900000.00,-52600000.00,-1100000.00,20000000.00,-12800000.00,4600000.00,9400000.00,7200000.00,-11300000.00,-21500000.00,31700000.00,5800000.00,-57000000.00,16900000.00,42400000.00,3600000.00,-10100000.00,-4500000.00,18400000.00,19300000.00,-9300000.00,28600000.00,-5300000.00,-9900000.00,1600000.00,11000000.00,16900000.00,-5200000.00,-9500000.00,3800000.00,28400000.00,600000.00,-11600000.00,12100000.00,7900000.00,6900000.00,12900000.00,13300000.00,16800000.00,,4800000.00,,,,,,,,,,11681000.00,,1120000.00,498000.00,,,,,25776000.00,2381000.00,13097000.00,25495000.00,16983000.00,19245000.00,69049000.00,17344000.00,11446000.00,16860000.00,10707000.00,3015000.00,8145000.00,14895000.00,5109000.00,3355000.00,,,29865000.00,,
totalCashflowsFromInvestingActivities,-90400000.00,-7300000.00,-55200000.00,231700000.00,-111200000.00,112900000.00,231300000.00,-3668400000.00,-19800000.00,-225100000.00,-3700000.00,-2700000.00,-854200000.00,-9100000.00,45200000.00,-21400000.00,-113900000.00,34700000.00,-127000000.00,-16800000.00,-13700000.00,-54700000.00,-64400000.00,-29800000.00,-6100000.00,-6400000.00,-85500000.00,82400000.00,-25700000.00,-34800000.00,-17000000.00,5900000.00,39700000.00,-97100000.00,-10400000.00,-147800000.00,-29200000.00,-35500000.00,-18300000.00,-23800000.00,-105000000.00,-24100000.00,27400000.00,-68900000.00,-18300000.00,-12300000.00,-14000000.00,34300000.00,28500000.00,50600000.00,52800000.00,,3900000.00,3300000.00,6000000.00,16100000.00,18600000.00,16900000.00,600000.00,,,,,,,,,8827000.00,11092000.00,21195000.00,,,,,,,,,,,,,,,,,,,,,,
netBorrowings,,-67500000.00,-15300000.00,-57700000.00,-15200000.00,-16400000.00,-177100000.00,2224600000.00,-123100000.00,-76300000.00,-14700000.00,-25800000.00,8100000.00,68300000.00,203400000.00,61300000.00,-6400000.00,-4000000.00,-3900000.00,39800000.00,-3600000.00,-3500000.00,-3600000.00,-40500000.00,-3900000.00,-3800000.00,-3800000.00,-4100000.00,-6400000.00,-4400000.00,-3100000.00,206800000.00,-2800000.00,80000000.00,-4200000.00,102300000.00,56100000.00,-2600000.00,-2300000.00,33800000.00,-72900000.00,106200000.00,11200000.00,31000000.00,18200000.00,-17000000.00,-25800000.00,,,,,,,,,,,,,,,,,,,,,,,,,,,,,,,,,,,,,,,,,,,,,
totalCashFromFinancingActivities,-26200000.00,-261900000.00,-55000000.00,-169300000.00,-15400000.00,-384700000.00,-534900000.00,3311600000.00,-123200000.00,-76900000.00,-180700000.00,-27300000.00,174500000.00,-193200000.00,212200000.00,21000000.00,-81100000.00,-131300000.00,64400000.00,114600000.00,-59300000.00,59100000.00,28700000.00,8600000.00,-118700000.00,-14000000.00,-13100000.00,-73900000.00,-53900000.00,7600000.00,-26400000.00,-17400000.00,-93500000.00,88800000.00,-71500000.00,214000000.00,-44600000.00,10300000.00,-35600000.00,52200000.00,-11000000.00,74700000.00,-41900000.00,106500000.00,-19000000.00,-1500000.00,43000000.00,248900000.00,-70100000.00,-25300000.00,-16600000.00,31100000.00,-11600000.00,-4300000.00,-19600000.00,2300000.00,-40500000.00,2900000.00,-98600000.00,9900000.00,-342100000.00,113100000.00,20500000.00,42648000.00,-54464000.00,5518000.00,16042000.00,57740000.00,-28195000.00,-27169000.00,-67808000.00,103925000.00,22569000.00,-4228000.00,-21558000.00,-14531000.00,63139000.00,958000.00,-3025000.00,55180000.00,28986000.00,30620000.00,-2452000.00,-1467000.00,-33753000.00,-7580000.00,8260000.00,15033000.00,,152312000.00,,
changeToOperatingActivities,,,,,-100400000.00,-113600000.00,-95500000.00,-64000000.00,-59500000.00,-72700000.00,-64700000.00,-71200000.00,-52000000.00,-22000000.00,-41800000.00,-47900000.00,-43800000.00,-53800000.00,-45000000.00,-56700000.00,-46200000.00,-63300000.00,-33200000.00,-197400000.00,-36400000.00,-65900000.00,-41700000.00,-150300000.00,-36200000.00,-35000000.00,,-114200000.00,,,,-110500000.00,,,,,,,,,,,,,,,,,,,,,,,,,,,,,,,,,,,,,,,,,,,,,,,,,,,,,,,,
changeInCash,-35900000.00,-219300000.00,61500000.00,94000000.00,41200000.00,-184200000.00,105400000.00,-151700000.00,228300000.00,74500000.00,26400000.00,-2700000.00,-609100000.00,224600000.00,385100000.00,1700000.00,-7800000.00,-1300000.00,2600000.00,1500000.00,4300000.00,-2300000.00,100000.00,1900000.00,100000.00,-400000.00,-300000.00,-300000.00,1900000.00,-2600000.00,1600000.00,-1100000.00,2000000.00,800000.00,-1800000.00,-8200000.00,4100000.00,900000.00,700000.00,4100000.00,-65700000.00,66900000.00,-6100000.00,300000.00,-2800000.00,4400000.00,-7100000.00,3200000.00,-15000000.00,15300000.00,-13400000.00,12200000.00,-17900000.00,-2400000.00,-55300000.00,51000000.00,-8200000.00,6200000.00,-55900000.00,70200000.00,-13400000.00,9100000.00,-27700000.00,12560000.00,-7886000.00,-45817000.00,-34673000.00,-4305000.00,44378000.00,29223000.00,2680000.00,31196000.00,14949000.00,-28204000.00,11160000.00,9838000.00,3376000.00,-31107000.00,-60725000.00,57907000.00,24229000.00,-13502000.00,15464000.00,-29027000.00,-15503000.00,-10969000.00,17606000.00,,,,,
beginPeriodCashFlow,77500000.00,296800000.00,235300000.00,141300000.00,100100000.00,284300000.00,178900000.00,330600000.00,102300000.00,27800000.00,1400000.00,4100000.00,613200000.00,388600000.00,3500000.00,1800000.00,9600000.00,10900000.00,8300000.00,6800000.00,2500000.00,4800000.00,4700000.00,2800000.00,2700000.00,3100000.00,3400000.00,3700000.00,1800000.00,4400000.00,2800000.00,3900000.00,1900000.00,1100000.00,2900000.00,11100000.00,7000000.00,6100000.00,5400000.00,1300000.00,67000000.00,100000.00,6200000.00,5900000.00,8700000.00,4300000.00,11400000.00,8200000.00,23200000.00,7900000.00,21300000.00,9100000.00,27000000.00,29400000.00,84700000.00,33700000.00,41900000.00,35700000.00,91600000.00,21400000.00,34800000.00,25700000.00,53400000.00,40794000.00,48680000.00,94497000.00,129170000.00,133475000.00,89097000.00,59874000.00,57194000.00,25998000.00,11049000.00,39253000.00,28093000.00,18255000.00,14879000.00,45986000.00,106711000.00,48804000.00,24575000.00,38077000.00,22613000.00,51640000.00,67143000.00,78112000.00,60506000.00,,,,,
endPeriodCashFlow,41600000.00,77500000.00,296800000.00,235300000.00,141300000.00,100100000.00,284300000.00,178900000.00,330600000.00,102300000.00,27800000.00,1400000.00,4100000.00,613200000.00,388600000.00,3500000.00,1800000.00,9600000.00,10900000.00,8300000.00,6800000.00,2500000.00,4800000.00,4700000.00,2800000.00,2700000.00,3100000.00,3400000.00,3700000.00,1800000.00,4400000.00,2800000.00,3900000.00,1900000.00,1100000.00,2900000.00,11100000.00,7000000.00,6100000.00,5400000.00,1300000.00,67000000.00,100000.00,6200000.00,5900000.00,8700000.00,4300000.00,11400000.00,8200000.00,23200000.00,7900000.00,21300000.00,9100000.00,27000000.00,29400000.00,84700000.00,33700000.00,41900000.00,35700000.00,91600000.00,21400000.00,34800000.00,25700000.00,53354000.00,40794000.00,48680000.00,94497000.00,129170000.00,133475000.00,89097000.00,59874000.00,57194000.00,25998000.00,11049000.00,39253000.00,28093000.00,18255000.00,14879000.00,45986000.00,106711000.00,48804000.00,24575000.00,38077000.00,22613000.00,51640000.00,67143000.00,78112000.00,60506000.00,,,,
totalCashFromOperatingActivities,18100000.00,50000000.00,171700000.00,31600000.00,167800000.00,87600000.00,409000000.00,205100000.00,371300000.00,376500000.00,210800000.00,27300000.00,70600000.00,426900000.00,127700000.00,2100000.00,187200000.00,95300000.00,65200000.00,-96300000.00,77300000.00,-6700000.00,35800000.00,23100000.00,124900000.00,20000000.00,98300000.00,-8800000.00,81500000.00,24600000.00,45000000.00,10400000.00,55800000.00,9100000.00,80100000.00,-74400000.00,77900000.00,26100000.00,54600000.00,-24300000.00,50300000.00,16300000.00,8400000.00,-37300000.00,34500000.00,18200000.00,-36100000.00,-251500000.00,77200000.00,42800000.00,-49600000.00,53900000.00,-6900000.00,4600000.00,-41700000.00,51200000.00,30600000.00,-13000000.00,42100000.00,70600000.00,352500000.00,106400000.00,-300000.00,29727000.00,87698000.00,-3729000.00,-44360000.00,-59780000.00,82676000.00,31999000.00,73686000.00,-90749000.00,6898000.00,2282000.00,41112000.00,15785000.00,-40308000.00,23010000.00,-8905000.00,28546000.00,36067000.00,2759000.00,29238000.00,-1875000.00,35908000.00,17573000.00,16400000.00,96525000.00,,63012000.00,,
issuanceOfCapitalStock,0.00,0.00,0.00,0.00,0.00,0.00,1400000.00,,,,,,,,,,,,,,,,,,,,,,,,,,,,,,,,,,,,,,,,,,,,,,,,,,,,,,,,,,,,,,,,,,,,,,,,,,,,,,,,,,,,,
depreciation,17100000.00,16800000.00,16700000.00,15400000.00,17100000.00,18100000.00,18400000.00,11300000.00,10700000.00,10100000.00,9800000.00,9500000.00,9800000.00,9700000.00,9500000.00,9500000.00,9100000.00,9000000.00,8600000.00,8500000.00,8500000.00,8500000.00,8200000.00,8100000.00,8100000.00,8000000.00,7900000.00,7700000.00,7800000.00,7700000.00,7500000.00,7500000.00,7500000.00,7200000.00,7300000.00,7000000.00,6700000.00,6400000.00,6300000.00,6300000.00,6200000.00,5900000.00,5900000.00,5700000.00,5400000.00,5800000.00,5700000.00,8000000.00,11800000.00,5800000.00,5300000.00,4300000.00,5500000.00,9700000.00,1600000.00,7700000.00,7000000.00,7900000.00,8300000.00,8800000.00,7800000.00,7800000.00,7500000.00,10458000.00,6030000.00,6013000.00,5982000.00,5645000.00,5502000.00,5809000.00,5612000.00,5965000.00,5799000.00,6009000.00,5593000.00,5408000.00,5186000.00,6097000.00,5739000.00,6659000.00,6531000.00,6455000.00,7225000.00,7766000.00,6720000.00,8182000.00,5808000.00,,,,,
otherCashflowsFromInvestingActivities,-13900000.00,58600000.00,-14600000.00,290900000.00,-21100000.00,109300000.00,231400000.00,-3668100000.00,25700000.00,20500000.00,1800000.00,-772000000.00,-854200000.00,-9100000.00,47500000.00,7500000.00,-91500000.00,46600000.00,-118500000.00,2000000.00,2000000.00,-45800000.00,-43500000.00,2000000.00,3800000.00,0.00,-80100000.00,116500000.00,0.00,0.00,0.00,50900000.00,54300000.00,-65100000.00,0.00,-129700000.00,0.00,-17300000.00,-4600000.00,33900000.00,-61800000.00,33900000.00,33900000.00,-30400000.00,1000000.00,3300000.00,0.00,105000000.00,92500000.00,92500000.00,76700000.00,21700000.00,19800000.00,10800000.00,9400000.00,24400000.00,24700000.00,21700000.00,2800000.00,26700000.00,27800000.00,22900000.00,9500000.00,19361000.00,16407000.00,8982000.00,6562000.00,54103000.00,45777000.00,44494000.00,8746000.00,71526000.00,16214000.00,9706000.00,5127000.00,52550000.00,3513000.00,1704000.00,799000.00,12499000.00,9603000.00,8821000.00,5615000.00,6577000.00,7016000.00,5009000.00,2389000.00,2204000.00,,5574000.00,,
dividendsPaid,,,,,,,,,,,,,,,,,,,,,0.00,0.00,0.00,0.00,0.00,0.00,0.00,0.00,0.00,0.00,0.00,0.00,0.00,0.00,0.00,1609300000.00,0.00,0.00,0.00,876100000.00,0.00,0.00,0.00,0.00,0.00,0.00,0.00,916300000.00,0.00,0.00,,336000000.00,,,,1500000.00,,,100000.00,100000.00,7000000.00,7200000.00,7200000.00,7105000.00,7331000.00,6519000.00,6708000.00,6693000.00,6649000.00,,,,,,,,,,,3010000.00,3010000.00,3010000.00,3010000.00,100000.00,1000.00,7479000.00,4202000.00,22606000.00,,13364000.00,,
changeToInventory,74600000.00,-11400000.00,-33300000.00,-43900000.00,-3400000.00,-16100000.00,70300000.00,49900000.00,196000000.00,268100000.00,156500000.00,7500000.00,-43000000.00,455600000.00,7900000.00,11100000.00,118600000.00,102000000.00,-19600000.00,-50800000.00,52200000.00,8600000.00,-34400000.00,62000000.00,130200000.00,75500000.00,-16200000.00,27200000.00,95300000.00,35500000.00,-52700000.00,-5100000.00,43600000.00,-15700000.00,27300000.00,-36800000.00,31400000.00,3400000.00,12600000.00,-17600000.00,5400000.00,5700000.00,-39600000.00,-38900000.00,15200000.00,1900000.00,-54600000.00,-52400000.00,31200000.00,92500000.00,-15000000.00,-24800000.00,1000000.00,-8400000.00,7500000.00,-60500000.00,109000000.00,51700000.00,106600000.00,72400000.00,71700000.00,54300000.00,-8700000.00,-16876000.00,83643000.00,-7606000.00,609000.00,-58423000.00,76978000.00,-1920000.00,-63645000.00,-76135000.00,100971000.00,62653000.00,-30948000.00,-67755000.00,49507000.00,-16715000.00,-47020000.00,-64070000.00,84981000.00,2232000.00,-26696000.00,-93928000.00,34290000.00,-3027000.00,-17233000.00,106414000.00,,,,
changeToAccountReceivables,-27900000.00,-8500000.00,5200000.00,3600000.00,-1200000.00,9500000.00,35700000.00,-13300000.00,6300000.00,23800000.00,18500000.00,-29300000.00,-38400000.00,1900000.00,46700000.00,-23600000.00,4700000.00,-2200000.00,15100000.00,-16300000.00,-2000000.00,-1900000.00,18700000.00,-19800000.00,3700000.00,2200000.00,24100000.00,-27000000.00,-2600000.00,-11000000.00,21100000.00,-15600000.00,-3200000.00,-1700000.00,9300000.00,-19100000.00,7800000.00,-8400000.00,5700000.00,-21600000.00,2200000.00,-7900000.00,12400000.00,-35300000.00,700000.00,17400000.00,1300000.00,-4400000.00,-7000000.00,17100000.00,17300000.00,-18000000.00,-3000000.00,9200000.00,-11700000.00,3000000.00,3700000.00,-9500000.00,6100000.00,30700000.00,71300000.00,38600000.00,9300000.00,14418000.00,36644000.00,30354000.00,20786000.00,-20190000.00,41909000.00,14333000.00,9839000.00,-35129000.00,29351000.00,,-7531000.00,-53664000.00,,,,,,,5069000.00,-30570000.00,,,4872000.00,,,,,
salePurchaseOfStock,-200000.00,-190200000.00,-41100000.00,-87500000.00,-200000.00,8900000.00,-208900000.00,-100000.00,-100000.00,-600000.00,-9600000.00,100000.00,-100000.00,-100000.00,-5000000.00,-20500000.00,-4200000.00,-4200000.00,-12100000.00,-48400000.00,-17000000.00,-20400000.00,-24400000.00,-200000.00,-5100000.00,-15300000.00,-19000000.00,-50100000.00,-100000.00,-60300000.00,-105100000.00,-44500000.00,-104300000.00,-55200000.00,-108200000.00,-92200000.00,-39900000.00,-20900000.00,-14700000.00,-9700000.00,-8200000.00,-5100000.00,-11600000.00,-7600000.00,-6400000.00,-8600000.00,-2700000.00,-15700000.00,-15700000.00,0.00,-4100000.00,300000.00,,-200000.00,-100000.00,100000.00,,,-100000.00,1200000.00,,-200000.00,-1000000.00,-6729000.00,-13432000.00,-820000.00,-36075000.00,,,,,,,,,,,,-1266000.00,-1266000.00,,-5254000.00,-3180000.00,,,,,,,,,
otherCashflowsFromFinancingActivities,1923900000.00,1919600000.00,1798200000.00,1905900000.00,1883600000.00,1754700000.00,2193300000.00,5021500000.00,1004100000.00,1365900000.00,1219500000.00,1472100000.00,1759600000.00,579100000.00,2510700000.00,1297600000.00,1079100000.00,978600000.00,1114000000.00,1331200000.00,1069200000.00,1239700000.00,1023500000.00,1032200000.00,826700000.00,1083000000.00,933500000.00,945800000.00,975500000.00,993700000.00,948700000.00,1188700000.00,1061200000.00,1246000000.00,946800000.00,3210700000.00,996300000.00,875400000.00,761900000.00,1751200000.00,931500000.00,876800000.00,745000000.00,833500000.00,786100000.00,743900000.00,699700000.00,1830800000.00,89800000.00,81500000.00,114800000.00,679000000.00,106400000.00,99800000.00,90300000.00,93700000.00,73200000.00,102600000.00,62400000.00,8800000.00,-335200000.00,120500000.00,28600000.00,282609000.00,73000.00,20577000.00,102354000.00,62313000.00,-30229000.00,-28193000.00,-70708000.00,103406000.00,19903000.00,-4321000.00,-21861000.00,-14836000.00,62439000.00,146000.00,-3070000.00,62419000.00,28986000.00,35874000.00,3738000.00,65997000.00,-33752000.00,-101000.00,-54902000.00,,,20862000.00,,
changeToNetincome,,-7500000.00,6300000.00,-197900000.00,17700000.00,42100000.00,-22300000.00,2100000.00,6300000.00,13400000.00,4500000.00,21900000.00,-21200000.00,3400000.00,13600000.00,10000000.00,4700000.00,-9100000.00,7100000.00,7200000.00,2800000.00,3100000.00,4200000.00,10700000.00,4000000.00,4200000.00,4100000.00,-40500000.00,4000000.00,3300000.00,7200000.00,-10100000.00,-17800000.00,1100000.00,1500000.00,35500000.00,3000000.00,2000000.00,400000.00,3000000.00,9600000.00,5100000.00,-12700000.00,-7300000.00,5300000.00,8500000.00,7300000.00,,,,,,,,,,,,,,,,,,,,,,,,,,,,,,,,,,,,,,,,,,,,,
capitalExpenditures,35700000,25600000,15200000,35200000,33200000,18700000,20800000,24800000,25000000,15500000,16700000,19000000,9300000,9100000,11400000,28900000,22400000,11900000,3600000,18800000,9300000,8900000,20900000,26400000,9900000,6400000,5400000,34100000,18600000,22300000,17000000,45000000,14600000,32000000,10400000,13700000,12700000,18200000,13700000,20900000,14000000,9800000,6500000,8400000,19300000,15600000,14000000,6700000,22100000,25000000,16900000,14200000,8400000,4100000,3400000,2200000,1300000,2600000,2200000,217100000,179300000,223800000,15600000,16131000,12141000,15945000,12917000,10591000,11386000,11355000,11944000,27110000,15775000,24403000,10775000,12882000,22069000,22215000,12306000,21199000,8821000,9390000,15223000,19375000,35740000,6231000,8593000,50032000,0,36062000,0,0
changeReceivables,,-8500000.00,5200000.00,3600000.00,-1200000.00,9500000.00,35700000.00,-13300000.00,6300000.00,23800000.00,18500000.00,,-38400000.00,1900000.00,46700000.00,-69700000.00,10000000.00,2800000.00,54500000.00,-76600000.00,5200000.00,4600000.00,60300000.00,-81300000.00,-3200000.00,16800000.00,67200000.00,-80700000.00,3200000.00,-17300000.00,68400000.00,-59000000.00,11200000.00,3300000.00,13200000.00,-62900000.00,27600000.00,-8100000.00,14700000.00,-61800000.00,20100000.00,-10300000.00,25600000.00,-62700000.00,-800000.00,5700000.00,2000000.00,,,,,,,,,,,,,,,,,,,,,,,,,,,,,,,,,,,,,,,,,,,,,
cashFlowsOtherOperating,,-172700000.00,-45100000.00,29100000.00,-43900000.00,-90200000.00,-96900000.00,-20200000.00,-1100000.00,-79200000.00,-82400000.00,,-43600000.00,-129200000.00,77300000.00,-7300000.00,-26000000.00,-57500000.00,-36700000.00,-40200000.00,-48400000.00,-68800000.00,-26900000.00,-56200000.00,-56200000.00,-64800000.00,-21500000.00,-37900000.00,-70100000.00,-36400000.00,-17000000.00,11600000.00,-44200000.00,-22900000.00,-38000000.00,-27800000.00,-17000000.00,-18300000.00,-24900000.00,-800000.00,-11100000.00,-9800000.00,-9600000.00,12100000.00,-14300000.00,-15500000.00,-28200000.00,,,,,,,,,,,,,,,,,,,,,,,,,,,,,,,,,,,,,,,,,,,,,
exchangeRateChanges,,,,,,,,,,,,,,,,,,,,,,,,,,,,,,,,,,,,,,,,,,,,,,,,,,,,,,,,,,,,,,,,,,,,,,,,,,,,,,,,,,,,,,,,,,,,
cashAndCashEquivalentsChanges,,-219200000.00,61500000.00,94000000.00,41200000.00,-184200000.00,105400000.00,-151700000.00,228300000.00,74500000.00,26400000.00,,-609100000.00,224600000.00,385100000.00,1700000.00,-7800000.00,-1300000.00,2600000.00,1500000.00,4300000.00,-2300000.00,100000.00,1900000.00,100000.00,-400000.00,-300000.00,-300000.00,1900000.00,-2600000.00,1600000.00,-1100000.00,2000000.00,800000.00,-1800000.00,-8200000.00,4100000.00,900000.00,700000.00,4100000.00,-65700000.00,66900000.00,-6100000.00,300000.00,-2800000.00,4400000.00,-7100000.00,,,,,,,,,,,,,,,,,,,,,,,,,,,,,,,,,,,,,,,,,,,,,
changeInWorkingCapital,-190200000.00,-167800000.00,-48500000.00,-302700000.00,-72000000.00,-181500000.00,165200000.00,10200000.00,207300000.00,200900000.00,90200000.00,-95000000.00,-22600000.00,355200000.00,74000000.00,-77500000.00,117600000.00,29700000.00,-1700000.00,-162900000.00,15600000.00,-66900000.00,-22500000.00,-46500000.00,76700000.00,-29600000.00,46300000.00,-48700000.00,28000000.00,-29300000.00,-7200000.00,-42600000.00,9700000.00,-46500000.00,32900000.00,-147000000.00,30800000.00,-23200000.00,13300000.00,-71700000.00,4000000.00,-30100000.00,-21000000.00,-73700000.00,700000.00,-19500000.00,-65500000.00,-279500000.00,50200000.00,-46000000.00,1600000.00,22800000.00,-40500000.00,-20100000.00,-70300000.00,33600000.00,10600000.00,-44100000.00,31000000.00,73700000.00,331800000.00,82100000.00,-24900000.00,9703000.00,53199000.00,-39851000.00,-73726000.00,-94319000.00,56670000.00,11279000.00,48792000.00,-116997000.00,-15314000.00,-21710000.00,24741000.00,-10174000.00,-66065000.00,-632000.00,-25901000.00,10207000.00,16933000.00,-24592000.00,17027000.00,-16650000.00,14249000.00,-6593000.00,-6270000.00,,,,,
stockBasedCompensation,5200000.00,5500000.00,8600000.00,4200000.00,4700000.00,4700000.00,7000000.00,4000000.00,3900000.00,3600000.00,4700000.00,3400000.00,2600000.00,3100000.00,3500000.00,2100000.00,3600000.00,2900000.00,3900000.00,2300000.00,2500000.00,2500000.00,3200000.00,3600000.00,3600000.00,3300000.00,3100000.00,2900000.00,3000000.00,2500000.00,3600000.00,2300000.00,2400000.00,2000000.00,3300000.00,1900000.00,2400000.00,1800000.00,2500000.00,2100000.00,2500000.00,1900000.00,2500000.00,1500000.00,1800000.00,1400000.00,2400000.00,1100000.00,2500000.00,2600000.00,2600000.00,1000000.00,1000000.00,1200000.00,1900000.00,1200000.00,700000.00,-600000.00,1500000.00,1900000.00,2000000.00,2500000.00,1300000.00,5942000.00,3235000.00,3945000.00,1895000.00,4955000.00,1931000.00,,1369000.00,916000.00,,,,,,,,,,,,,,904000.00,-459000.00,,,,,
otherNonCashItems,15300000.00,-200000.00,10700000.00,-191400000.00,14700000.00,47200000.00,-18900000.00,7900000.00,10400000.00,9800000.00,13300000.00,10900000.00,9300000.00,9400000.00,21100000.00,19000000.00,11900000.00,10500000.00,13500000.00,10700000.00,5800000.00,6000000.00,6800000.00,12700000.00,5900000.00,6300000.00,6900000.00,-37500000.00,6300000.00,6000000.00,8700000.00,-6400000.00,-15800000.00,3400000.00,2500000.00,37700000.00,4300000.00,3400000.00,1000000.00,3700000.00,11800000.00,8800000.00,-12700000.00,3100000.00,3100000.00,4500000.00,2100000.00,-9700000.00,-2800000.00,60300000.00,-80000000.00,15500000.00,3100000.00,-2200000.00,9600000.00,5800000.00,6100000.00,1700000.00,900000.00,517100000.00,1300000.00,300000.00,2000000.00,-7948000.00,2717000.00,1964000.00,21959000.00,1984000.00,1755000.00,-4093000.00,4268000.00,-219000.00,1461000.00,1996000.00,1138000.00,-274000.00,8455000.00,2797000.00,1553000.00,41652000.00,-8069000.00,8626000.00,-304000.00,582000.00,-948000.00,-96000.00,1044000.00,,,,,
freeCashFlow,-17600000.00,24400000.00,156500000.00,-3600000.00,134600000.00,68900000.00,388200000.00,180300000.00,346300000.00,361000000.00,194100000.00,8300000.00,61300000.00,417800000.00,116300000.00,-26800000.00,164800000.00,83400000.00,61600000.00,-115100000.00,68000000.00,-15600000.00,14900000.00,-3300000.00,115000000.00,13600000.00,92900000.00,-42900000.00,62900000.00,2300000.00,28000000.00,-34600000.00,41200000.00,-22900000.00,69700000.00,-88100000.00,65200000.00,7900000.00,40900000.00,-45200000.00,36300000.00,6500000.00,1900000.00,-45700000.00,15200000.00,2600000.00,-50100000.00,-258200000.00,55100000.00,17800000.00,-66500000.00,39700000.00,-15300000.00,500000.00,-45100000.00,49000000.00,29300000.00,-15600000.00,39900000.00,-146500000.00,531800000.00,-117400000.00,-15900000.00,13596000.00,75557000.00,-19674000.00,-57277000.00,-70371000.00,71290000.00,20644000.00,61742000.00,-117859000.00,-8877000.00,-22121000.00,30337000.00,2903000.00,-62377000.00,795000.00,-21211000.00,7347000.00,27246000.00,-6631000.00,14015000.00,-21250000.00,168000.00,23804000.00,7807000.00,,,,,
researchDevelopment,,,,,,,,,,,,,,,,,,,,0.00,0.00,0.00,0.00,0.00,0.00,0.00,0.00,0.00,0.00,0.00,0.00,0.00,0.00,0.00,0.00,0.00,0.00,0.00,0.00,0.00,0.00,0.00,0.00,0.00,0.00,0.00,0.00,0.00,0.00,0.00,0.00,0.00,0.00,0.00,0.00,0.00,0.00,0.00,0.00,0.00,0.00,0.00,0.00,0.00,0.00,0.00,0.00,0.00,0.00,0.00,0.00,0.00,0.00,0.00,0.00,0.00,0.00,0.00,0.00,0.00,0.00,0.00,0.00,0.00,0.00,0.00,0.00,0.00,0.00,0.00,0.00,0.00
effectOfAccountingCharges,,,,,,,,,,,,,,,,,,,,0.00,0.00,0.00,0.00,0.00,0.00,0.00,0.00,0.00,0.00,0.00,0.00,0.00,0.00,0.00,0.00,0.00,0.00,0.00,0.00,0.00,0.00,0.00,0.00,0.00,0.00,0.00,0.00,0.00,0.00,0.00,0.00,0.00,0.00,0.00,0.00,0.00,0.00,0.00,0.00,0.00,0.00,0.00,0.00,0.00,0.00,0.00,0.00,0.00,0.00,0.00,0.00,0.00,0.00,0.00,0.00,0.00,0.00,0.00,0.00,0.00,0.00,0.00,0.00,0.00,0.00,0.00,0.00,0.00,0.00,0.00,0.00,0.00
incomeBeforeTax,226000000.00,261100000.00,238500000.00,464500000.00,273100000.00,267700000.00,313700000.00,183700000.00,192700000.00,201900000.00,119400000.00,119800000.00,127900000.00,66300000.00,24100000.00,57200000.00,59500000.00,73500000.00,53700000.00,54100000.00,59100000.00,58200000.00,53400000.00,54400000.00,50100000.00,51500000.00,53100000.00,106900000.00,51700000.00,58900000.00,50300000.00,65600000.00,82200000.00,67200000.00,58400000.00,19500000.00,53000000.00,59000000.00,51500000.00,45200000.00,37100000.00,43900000.00,39100000.00,35000000.00,36400000.00,35200000.00,29400000.00,27000000.00,20400000.00,23200000.00,7600000.00,3800000.00,19700000.00,22300000.00,14500000.00,13400000.00,13800000.00,9600000.00,3400000.00,-503700000.00,9700000.00,19100000.00,18000000.00,18818000.00,28405000.00,33733000.00,3867000.00,25750000.00,29161000.00,31078000.00,21821000.00,23003000.00,27968000.00,28035000.00,15494000.00,22538000.00,20752000.00,24018000.00,17083000.00,-23749000.00,27669000.00,23680000.00,11467000.00,9850000.00,24731000.00,22879000.00,18822000.00,10890000.00,9454000.00,42178000.00,17635000.00,11913000.00
minorityInterest,,,,,,,,,,,,,,,,,,,,0.00,0.00,0.00,0.00,0.00,0.00,0.00,0.00,0.00,0.00,0.00,0.00,0.00,0.00,0.00,0.00,0.00,0.00,0.00,0.00,0.00,0.00,0.00,0.00,0.00,0.00,0.00,0.00,0.00,0.00,0.00,0.00,0.00,0.00,0.00,0.00,0.00,0.00,0.00,0.00,0.00,0.00,0.00,0.00,0.00,0.00,0.00,0.00,0.00,0.00,0.00,0.00,0.00,0.00,0.00,0.00,0.00,0.00,0.00,0.00,0.00,0.00,0.00,0.00,0.00,0.00,0.00,0.00,411000.00,143000.00,9740000.00,328000.00,358000.00
sellingGeneralAdministrative,379100000.00,397000000.00,393400000.00,345700000.00,355100000.00,357200000.00,365500000.00,235800000.00,212700000.00,209100000.00,194700000.00,184100000.00,167800000.00,123300000.00,159900000.00,168000000.00,160600000.00,160000000.00,154700000.00,192200000.00,188800000.00,190600000.00,184200000.00,180500000.00,182500000.00,185600000.00,181100000.00,183300000.00,185700000.00,182300000.00,181200000.00,183500000.00,188800000.00,181900000.00,175700000.00,171100000.00,171500000.00,169200000.00,159800000.00,157300000.00,159700000.00,154200000.00,148100000.00,136800000.00,141100000.00,142100000.00,141400000.00,134300000.00,141200000.00,142800000.00,134800000.00,97800000.00,137500000.00,134600000.00,129100000.00,120700000.00,129400000.00,126700000.00,123700000.00,119400000.00,162200000.00,168700000.00,168300000.00,159554000.00,176067000.00,173625000.00,176386000.00,160537000.00,174996000.00,171715000.00,165714000.00,160921000.00,170506000.00,170551000.00,173084000.00,168808000.00,168836000.00,166574000.00,153579000.00,143519000.00,150559000.00,147825000.00,142164000.00,139471000.00,142595000.00,139650000.00,133015000.00,136674000.00,116871000.00,451323000.00,127795000.00,121390000.00
sellingAndMarketingExpenses,12600000.00,11500000.00,9700000.00,75800000.00,83100000.00,91100000.00,90000000.00,59900000.00,56000000.00,60600000.00,45100000.00,44400000.00,38700000.00,28900000.00,34800000.00,38100000.00,41400000.00,40700000.00,36300000.00,,,,,,,,,,,,,,,,,,,,,,,,,,,,,,,,,,,,,,,,,,,,,,,,,,,,,,,,,,,,,,,,,,,,,,,,,
grossProfit,673600000.00,713000000.00,696200000.00,738100000.00,767900000.00,802700000.00,792000000.00,542300000.00,480000000.00,497200000.00,382700000.00,372300000.00,335900000.00,242800000.00,272400000.00,301600000.00,293100000.00,295000000.00,279200000.00,281800000.00,278000000.00,277800000.00,265400000.00,268400000.00,260300000.00,267100000.00,260100000.00,264600000.00,265700000.00,267600000.00,260800000.00,260400000.00,272700000.00,271300000.00,256400000.00,244600000.00,244600000.00,247900000.00,230100000.00,222500000.00,225300000.00,221900000.00,206700000.00,194200000.00,195100000.00,196400000.00,189500000.00,179800000.00,183000000.00,188900000.00,172900000.00,131500000.00,177800000.00,175900000.00,162900000.00,154600000.00,162700000.00,155900000.00,148100000.00,138300000.00,198300000.00,212600000.00,208700000.00,204654000.00,228315000.00,232412000.00,224063000.00,207989000.00,229760000.00,228782000.00,211548000.00,208203000.00,220030000.00,221375000.00,210494000.00,211729000.00,208243000.00,211349000.00,191041000.00,178768000.00,198075000.00,191006000.00,174780000.00,170211000.00,187096000.00,181735000.00,171975000.00,672474000.00,0.00,597831000.00,0.00,0.00
reconciledDepreciation,17000000.00,16800000.00,16700000.00,15400000.00,17100000.00,18100000.00,18400000.00,11300000.00,10700000.00,10100000.00,16500000.00,15800000.00,14500000.00,14700000.00,15300000.00,9500000.00,9100000.00,9000000.00,8600000.00,8500000.00,8500000.00,8500000.00,8200000.00,8100000.00,8100000.00,8000000.00,7900000.00,7700000.00,7800000.00,7700000.00,7500000.00,7500000.00,7500000.00,7200000.00,7300000.00,7000000.00,6700000.00,6400000.00,6300000.00,6300000.00,6200000.00,5900000.00,5900000.00,5700000.00,5400000.00,5800000.00,5700000.00,8000000.00,11800000.00,5800000.00,5300000.00,4300000.00,5500000.00,9700000.00,1600000.00,7700000.00,7000000.00,7900000.00,8300000.00,8800000.00,7800000.00,7800000.00,7500000.00,10458000.00,6030000.00,6013000.00,5982000.00,5645000.00,5502000.00,5809000.00,5612000.00,5965000.00,5799000.00,6009000.00,5593000.00,5408000.00,5186000.00,6097000.00,5739000.00,6659000.00,6531000.00,6455000.00,7225000.00,7766000.00,6720000.00,8182000.00,5808000.00,,,,,
ebit,264700000.00,287700000.00,276500000.00,302600000.00,313600000.00,335500000.00,320800000.00,236100000.00,201000000.00,218400000.00,136300000.00,134500000.00,119100000.00,82200000.00,58000000.00,86200000.00,82200000.00,85900000.00,77800000.00,81000000.00,80800000.00,79600000.00,73200000.00,74100000.00,69700000.00,71600000.00,72300000.00,80100000.00,70700000.00,78100000.00,68900000.00,69700000.00,76600000.00,82200000.00,73100000.00,65700000.00,66100000.00,72200000.00,64200000.00,58100000.00,58000000.00,57400000.00,52600000.00,48300000.00,49400000.00,48200000.00,42800000.00,40400000.00,34300000.00,37500000.00,22400000.00,27700000.00,34200000.00,36200000.00,28500000.00,28300000.00,27900000.00,23800000.00,18700000.00,-21000000.00,31300000.00,38200000.00,34900000.00,40701000.00,46520000.00,53828000.00,59794000.00,39646000.00,50202000.00,51473000.00,40515000.00,42204000.00,44550000.00,45536000.00,32182000.00,37422000.00,34243000.00,39207000.00,32527000.00,31219000.00,42549000.00,37534000.00,27528000.00,13095000.00,38587000.00,35996000.00,33644000.00,0.00,0.00,0.00,0.00,0.00
ebitda,281700000.00,304500000.00,293100000.00,318100000.00,330700000.00,353600000.00,339200000.00,247400000.00,211700000.00,228500000.00,146100000.00,144000000.00,128900000.00,91900000.00,67500000.00,95700000.00,91300000.00,94900000.00,86400000.00,89500000.00,89300000.00,88100000.00,81400000.00,82200000.00,77800000.00,79600000.00,80200000.00,87800000.00,78500000.00,85800000.00,76400000.00,77200000.00,84100000.00,89400000.00,80400000.00,72700000.00,72800000.00,78600000.00,70500000.00,64400000.00,64200000.00,63300000.00,58500000.00,54000000.00,54900000.00,54000000.00,48500000.00,46200000.00,40100000.00,43300000.00,27700000.00,32000000.00,39700000.00,41800000.00,34200000.00,36000000.00,33500000.00,29700000.00,27000000.00,-12200000.00,39100000.00,46000000.00,42400000.00,51159000.00,52550000.00,59841000.00,65776000.00,45291000.00,55704000.00,57282000.00,46127000.00,48169000.00,50349000.00,51545000.00,37775000.00,42830000.00,39429000.00,45304000.00,38266000.00,37878000.00,49080000.00,43989000.00,34753000.00,20861000.00,45307000.00,44178000.00,39452000.00,,,,,
depreciationAndAmortization,17000000.00,16800000.00,16600000.00,15500000.00,17100000.00,18100000.00,18400000.00,11300000.00,10700000.00,10100000.00,9800000.00,9500000.00,9800000.00,9700000.00,9500000.00,9500000.00,9100000.00,9000000.00,8600000.00,8500000.00,8500000.00,8500000.00,8200000.00,8100000.00,8100000.00,8000000.00,7900000.00,7700000.00,7800000.00,7700000.00,7500000.00,7500000.00,7500000.00,7200000.00,7300000.00,7000000.00,6700000.00,6400000.00,6300000.00,6300000.00,6200000.00,5900000.00,5900000.00,5700000.00,5500000.00,5800000.00,5700000.00,5800000.00,5800000.00,5800000.00,5300000.00,4300000.00,5500000.00,5600000.00,5700000.00,7700000.00,5600000.00,5900000.00,8300000.00,8800000.00,7800000.00,7800000.00,7500000.00,10458000.00,6030000.00,6013000.00,5982000.00,5645000.00,5502000.00,5809000.00,5612000.00,5965000.00,5799000.00,6009000.00,5593000.00,5408000.00,5186000.00,6097000.00,5739000.00,6659000.00,6531000.00,6455000.00,7225000.00,7766000.00,6720000.00,8182000.00,5808000.00,,,,,
nonOperatingIncomeNetOther,,13500000.00,,202700000.00,,-28700000.00,33100000.00,,8000000.00,,,,24700000.00,,13100000.00,,,11700000.00,,,,,,,,,,45500000.00,,,,13500000.00,21400000.00,,,-31900000.00,,,,,-6800000.00,,,3800000.00,-1400000.00,-1400000.00,-1400000.00,,-1900000.00,-1700000.00,,,,,,,,,,,,,,,,,,,,,,,,,,,,,,,,,,,,,,,,,,
operatingIncome,264700000.00,287700000.00,276500000.00,302600000.00,313600000.00,335500000.00,320800000.00,236100000.00,201000000.00,218400000.00,136300000.00,134500000.00,119100000.00,82200000.00,35000000.00,79100000.00,82200000.00,85900000.00,77800000.00,77300000.00,80800000.00,79600000.00,73200000.00,74100000.00,69700000.00,71600000.00,72300000.00,80100000.00,70700000.00,78100000.00,68900000.00,69700000.00,76600000.00,82200000.00,73100000.00,65700000.00,66100000.00,72200000.00,64200000.00,58100000.00,58000000.00,57400000.00,52600000.00,48300000.00,49400000.00,48200000.00,42800000.00,40400000.00,34300000.00,37500000.00,22400000.00,27800000.00,34200000.00,36100000.00,28500000.00,28200000.00,27900000.00,23700000.00,18700000.00,-521100000.00,29700000.00,36200000.00,35200000.00,38711000.00,46863000.00,53439000.00,42349000.00,42407000.00,49688000.00,51954000.00,40859000.00,41983000.00,44579000.00,45722000.00,32160000.00,37918000.00,34414000.00,39368000.00,32323000.00,-7886000.00,42375000.00,38126000.00,26669000.00,24310000.00,38769000.00,36051000.00,33127000.00,27423000.00,30183000.00,122005000.00,33329000.00,29111000.00
otherOperatingExpenses,3401300000.00,3454800000.00,3305800000.00,3403300000.00,3552300000.00,3614700000.00,3591000000.00,2418700000.00,2205000000.00,2365600000.00,2056600000.00,2099500000.00,1726300000.00,1362900000.00,1549300000.00,1807800000.00,1759800000.00,1717600000.00,1593000000.00,1703200000.00,1479400000.00,1644000000.00,1536000000.00,1591700000.00,1532400000.00,1560200000.00,1479400000.00,1586400000.00,1612400000.00,1549300000.00,1481900000.00,1570800000.00,1639800000.00,1607400000.00,1468700000.00,1437300000.00,1439500000.00,1431200000.00,1291500000.00,1315800000.00,1332000000.00,1287100000.00,1172800000.00,1170400000.00,1148500000.00,1142800000.00,1056700000.00,1050000000.00,1038400000.00,1048700000.00,1027200000.00,788700000.00,1059700000.00,1025600000.00,931500000.00,911000000.00,955100000.00,918700000.00,819600000.00,1315900000.00,1190900000.00,1286200000.00,1250200000.00,1261119000.00,1444171000.00,1453094000.00,1373221000.00,1282890000.00,1470758000.00,1465983000.00,1346110000.00,1363367000.00,1403856000.00,1431137000.00,1319801000.00,1315142000.00,1355612000.00,1351816000.00,1190905000.00,1171358000.00,1243093000.00,1208576000.00,1074603000.00,1054148000.00,1175358000.00,1118728000.00,1035458000.00,0.00,0.00,0.00,0.00,0.00
interestExpense,38700000.00,40100000.00,37900000.00,40900000.00,40500000.00,39100000.00,40200000.00,52400000.00,16300000.00,16500000.00,16900000.00,18600000.00,15900000.00,15900000.00,24000000.00,21900000.00,22700000.00,24100000.00,24100000.00,23200000.00,21700000.00,21400000.00,19800000.00,19700000.00,19600000.00,20100000.00,19200000.00,18700000.00,19000000.00,19200000.00,18600000.00,17600000.00,15800000.00,15000000.00,14700000.00,14300000.00,13100000.00,13200000.00,12700000.00,12900000.00,14100000.00,13500000.00,13500000.00,13300000.00,12900000.00,12800000.00,4000000.00,12800000.00,13400000.00,12600000.00,13200000.00,4400000.00,14200000.00,13500000.00,13600000.00,14600000.00,13600000.00,13700000.00,14800000.00,30800000.00,7500000.00,8000000.00,9100000.00,43107000.00,10618000.00,11190000.00,11216000.00,41054000.00,10311000.00,11239000.00,9204000.00,29054000.00,6598000.00,7541000.00,6606000.00,21248000.00,13499000.00,14662000.00,14565000.00,18800000.00,14018000.00,14429000.00,14177000.00,17947000.00,14443000.00,13426000.00,13939000.00,14850000.00,21350000.00,78977000.00,16547000.00,18187000.00
taxProvision,56800000.00,64800000.00,57100000.00,111300000.00,68100000.00,66300000.00,76000000.00,43200000.00,45700000.00,49800000.00,26600000.00,30700000.00,31700000.00,16700000.00,4600000.00,13600000.00,14500000.00,18600000.00,12800000.00,,,,,,,,,,,,,,,,,,,,,,,,,,,,,,,,,,,,,,,,,,,,,,,,,,,,,,,,,,,,,,,,,,,,,,,,,
interestIncome,38700000.00,40100000.00,37900000.00,40900000.00,40500000.00,39100000.00,40200000.00,52400000.00,16300000.00,16500000.00,16900000.00,18600000.00,15900000.00,15900000.00,24000000.00,21900000.00,22700000.00,24100000.00,,,,,,,,,,,,,,,,,,,,,,,,,,,,,,,,,,,,,,,,,,,,,,,,,,,,,,,,,,,,,,,,,,,,,,,,,,
netInterestIncome,-38700000.00,-40100000.00,-37900000.00,-40900000.00,-40500000.00,-39100000.00,-40200000.00,-52400000.00,-16300000.00,-16500000.00,-16900000.00,-18600000.00,-15900000.00,-15900000.00,-24000000.00,-21900000.00,-22700000.00,-24100000.00,-24100000.00,,,,,,,,,,,,,,,,,,,,,,,,,,,,,,,,,,,,,,,,,,,,,,,,,,,,,,,,,,,,,,,,,,,,,,,,,
extraordinaryItems,,,,,,,,,,,,,,,,,,,,0.00,0.00,0.00,0.00,0.00,0.00,0.00,0.00,0.00,0.00,0.00,0.00,0.00,0.00,0.00,0.00,0.00,0.00,0.00,0.00,0.00,0.00,0.00,0.00,0.00,0.00,0.00,0.00,0.00,0.00,0.00,0.00,0.00,0.00,0.00,0.00,0.00,0.00,0.00,0.00,0.00,0.00,0.00,0.00,0.00,0.00,0.00,0.00,0.00,0.00,0.00,0.00,0.00,0.00,0.00,0.00,0.00,0.00,0.00,0.00,0.00,0.00,0.00,0.00,0.00,0.00,0.00,0.00,0.00,0.00,0.00,0.00,0.00
nonRecurring,,,,,,,,,,,,,,,23000000.00,7100000.00,,,,3700000.00,0.00,0.00,0.00,5100000.00,15300000.00,-15300000.00,5100000.00,5100000.00,0.00,0.00,0.00,5100000.00,0.00,0.00,0.00,0.00,0.00,0.00,0.00,0.00,0.00,0.00,0.00,0.00,0.00,0.00,0.00,0.00,0.00,0.00,0.00,0.00,0.00,0.00,0.00,0.00,0.00,0.00,0.00,0.00,0.00,0.00,0.00,0.00,0.00,0.00,0.00,0.00,0.00,0.00,0.00,0.00,0.00,0.00,0.00,0.00,0.00,0.00,0.00,0.00,0.00,0.00,0.00,0.00,0.00,0.00,0.00,0.00,0.00,0.00,0.00,0.00
otherItems,,,,,,,,,,,,,,,,,,,,0.00,0.00,0.00,0.00,0.00,0.00,0.00,0.00,0.00,0.00,0.00,0.00,0.00,0.00,0.00,0.00,0.00,0.00,0.00,0.00,0.00,0.00,0.00,0.00,0.00,0.00,0.00,0.00,0.00,0.00,0.00,0.00,0.00,0.00,0.00,0.00,0.00,0.00,0.00,0.00,0.00,0.00,0.00,0.00,0.00,0.00,0.00,0.00,0.00,0.00,0.00,0.00,0.00,0.00,0.00,0.00,0.00,0.00,0.00,0.00,0.00,0.00,0.00,0.00,0.00,0.00,0.00,0.00,0.00,0.00,0.00,0.00,0.00
incomeTaxExpense,56800000.00,64800000.00,57100000.00,111300000.00,68100000.00,66300000.00,76000000.00,43200000.00,45700000.00,49800000.00,26600000.00,30700000.00,31700000.00,16700000.00,4600000.00,13600000.00,14500000.00,18600000.00,12800000.00,13700000.00,14800000.00,15000000.00,13300000.00,11900000.00,19400000.00,19600000.00,19100000.00,39800000.00,19300000.00,22300000.00,19200000.00,24400000.00,31000000.00,26100000.00,22500000.00,7600000.00,20600000.00,22800000.00,20000000.00,18000000.00,14300000.00,16700000.00,15200000.00,12400000.00,13600000.00,13600000.00,11400000.00,10300000.00,7600000.00,9000000.00,2900000.00,1200000.00,7700000.00,8600000.00,5600000.00,5900000.00,4300000.00,3600000.00,1200000.00,-150700000.00,2600000.00,7500000.00,6800000.00,7327000.00,9185000.00,12567000.00,1458000.00,9815000.00,10935000.00,11654000.00,8183000.00,8571000.00,10488000.00,10513000.00,5810000.00,8452000.00,7782000.00,8830000.00,6406000.00,-4019000.00,10503000.00,9425000.00,4564000.00,15559000.00,9843000.00,9106000.00,13747000.00,797000.00,1168000.00,3511000.00,1436000.00,1579000.00
totalRevenue,3666200000.00,3742400000.00,3582300000.00,3706000000.00,3866000000.00,3950200000.00,3911800000.00,2654800000.00,2406000000.00,2584000000.00,2192900000.00,2234000000.00,1845400000.00,1445100000.00,1607300000.00,1894000000.00,1842000000.00,1803500000.00,1670800000.00,1784200000.00,1757400000.00,1723600000.00,1609200000.00,1670900000.00,1602100000.00,1631800000.00,1551700000.00,1666500000.00,1683100000.00,1627400000.00,1550800000.00,1640500000.00,1716400000.00,1689600000.00,1541800000.00,1503000000.00,1505600000.00,1503400000.00,1355700000.00,1373900000.00,1390000000.00,1344500000.00,1225400000.00,1218700000.00,1197900000.00,1191000000.00,1099500000.00,1090400000.00,1072700000.00,1086200000.00,1049600000.00,816500000.00,1093900000.00,1061700000.00,960000000.00,939200000.00,983000000.00,942400000.00,838300000.00,794800000.00,1220600000.00,1322400000.00,1285400000.00,1299830000.00,1491034000.00,1506533000.00,1415570000.00,1325297000.00,1520446000.00,1517937000.00,1386969000.00,1405350000.00,1448435000.00,1476859000.00,1351961000.00,1353060000.00,1390026000.00,1391184000.00,1223228000.00,1163472000.00,1285468000.00,1246702000.00,1101272000.00,1078458000.00,1214127000.00,1154779000.00,1068585000.00,1103339000.00,989648000.00,4027790000.00,1069592000.00,1031335000.00
totalOperatingExpenses,408700000.00,425400000.00,419700000.00,435400000.00,454200000.00,467200000.00,471200000.00,306200000.00,279000000.00,278800000.00,246400000.00,237800000.00,216800000.00,160600000.00,214400000.00,215400000.00,210900000.00,209100000.00,201400000.00,200800000.00,197200000.00,198200000.00,192200000.00,189200000.00,190600000.00,195500000.00,187800000.00,184500000.00,195000000.00,189500000.00,191900000.00,190700000.00,196100000.00,189100000.00,183300000.00,178900000.00,178500000.00,175700000.00,165900000.00,164400000.00,167300000.00,164500000.00,154100000.00,145900000.00,145700000.00,148200000.00,146700000.00,139400000.00,148700000.00,151400000.00,150500000.00,103700000.00,143600000.00,139800000.00,134400000.00,126400000.00,134800000.00,132200000.00,129400000.00,659400000.00,168600000.00,176400000.00,173500000.00,165943000.00,181452000.00,178973000.00,181714000.00,165582000.00,180072000.00,176828000.00,170689000.00,166220000.00,175451000.00,175653000.00,178334000.00,173811000.00,173829000.00,171981000.00,158718000.00,186654000.00,155700000.00,152880000.00,148111000.00,145901000.00,148327000.00,145684000.00,138848000.00,0.00,0.00,0.00,0.00,0.00
costOfRevenue,2992600000.00,3029400000.00,2886100000.00,2967900000.00,3098100000.00,3147500000.00,3119800000.00,2112500000.00,1926000000.00,2086800000.00,1810200000.00,1861700000.00,1509500000.00,1202300000.00,1334900000.00,1592400000.00,1548900000.00,1508500000.00,1391600000.00,1502400000.00,1479400000.00,1445800000.00,1343800000.00,1402500000.00,1341800000.00,1364700000.00,1291600000.00,1401900000.00,1417400000.00,1359800000.00,1290000000.00,1380100000.00,1443700000.00,1418300000.00,1285400000.00,1258400000.00,1261000000.00,1255500000.00,1125600000.00,1151400000.00,1164700000.00,1122600000.00,1018700000.00,1024500000.00,1002800000.00,994600000.00,910000000.00,910600000.00,889700000.00,897300000.00,876700000.00,685000000.00,916100000.00,885800000.00,797100000.00,784600000.00,820300000.00,786500000.00,690200000.00,656500000.00,1022300000.00,1109800000.00,1076700000.00,1095176000.00,1262719000.00,1274121000.00,1191507000.00,1117308000.00,1290686000.00,1289155000.00,1175421000.00,1197147000.00,1228405000.00,1255484000.00,1141467000.00,1141331000.00,1181783000.00,1179835000.00,1032187000.00,984704000.00,1087393000.00,1055696000.00,926492000.00,908247000.00,1027031000.00,973044000.00,896610000.00,931389000.00,835554000.00,3429959000.00,900600000.00,873251000.00
totalOtherIncomeExpenseNet,-38700000.00,-26600000.00,-38000000.00,161900000.00,-40500000.00,-67800000.00,-7100000.00,5400000.00,8000000.00,-16500000.00,-16900000.00,3900000.00,24700000.00,-15900000.00,-9900000.00,-7100000.00,-22700000.00,11700000.00,-24100000.00,-3700000.00,-21700000.00,-21400000.00,-19800000.00,-19700000.00,-19600000.00,-20100000.00,-19200000.00,45500000.00,-19000000.00,-19200000.00,-18600000.00,13500000.00,21400000.00,-15000000.00,-14700000.00,-31900000.00,-13100000.00,-13200000.00,-12700000.00,-12900000.00,-6800000.00,-13500000.00,-13500000.00,-13200000.00,-100000.00,-200000.00,-9400000.00,-600000.00,-500000.00,-1700000.00,-1600000.00,-19500000.00,-300000.00,-400000.00,-400000.00,-300000.00,-500000.00,-500000.00,-500000.00,-500100000.00,-1600000.00,-2000000.00,300000.00,-1990000.00,343000.00,-389000.00,-17445000.00,2761000.00,-514000.00,481000.00,344000.00,-221000.00,29000.00,186000.00,-22000.00,496000.00,171000.00,161000.00,-204000.00,-39105000.00,-174000.00,592000.00,-859000.00,11215000.00,182000.00,55000.00,-492000.00,0.00,0.00,0.00,0.00,0.00
discontinuedOperations,,,,,,,,,,,,,,,,,,,,0.00,0.00,0.00,0.00,0.00,0.00,0.00,0.00,300000.00,-400000.00,100000.00,0.00,-200000.00,0.00,0.00,0.00,-400000.00,0.00,0.00,0.00,0.00,0.00,0.00,0.00,0.00,0.00,0.00,0.00,0.00,0.00,0.00,0.00,0.00,0.00,0.00,0.00,0.00,0.00,0.00,0.00,0.00,0.00,0.00,0.00,0.00,0.00,0.00,0.00,0.00,0.00,0.00,0.00,0.00,0.00,0.00,0.00,0.00,0.00,0.00,0.00,0.00,0.00,0.00,0.00,0.00,0.00,0.00,0.00,0.00,0.00,0.00,0.00,0.00
netIncomeFromContinuingOps,169200000.00,196400000.00,181400000.00,353200000.00,205000000.00,201400000.00,237700000.00,140500000.00,147000000.00,152100000.00,92800000.00,89100000.00,96200000.00,49600000.00,19500000.00,43600000.00,45000000.00,54900000.00,40900000.00,40400000.00,44300000.00,43200000.00,40100000.00,42500000.00,30700000.00,31900000.00,34000000.00,67100000.00,32400000.00,36600000.00,31100000.00,41200000.00,51200000.00,41100000.00,35900000.00,11900000.00,32400000.00,36200000.00,31500000.00,27200000.00,22800000.00,27200000.00,23900000.00,20900000.00,22800000.00,21600000.00,18000000.00,0.00,12800000.00,14200000.00,0.00,0.00,0.00,0.00,0.00,0.00,0.00,0.00,0.00,0.00,0.00,0.00,0.00,0.00,0.00,0.00,0.00,0.00,0.00,0.00,0.00,0.00,0.00,0.00,0.00,0.00,0.00,0.00,0.00,0.00,0.00,0.00,0.00,0.00,0.00,0.00,0.00,0.00,0.00,0.00,0.00,0.00
netIncomeApplicableToCommonShares,169200000.00,196400000.00,181400000.00,353200000.00,205000000.00,201400000.00,237700000.00,140500000.00,147000000.00,152100000.00,92800000.00,89100000.00,96200000.00,49600000.00,19500000.00,43600000.00,45000000.00,54900000.00,40900000.00,40400000.00,44300000.00,43200000.00,40100000.00,42500000.00,30700000.00,31900000.00,34000000.00,67100000.00,32400000.00,36700000.00,31000000.00,41100000.00,51100000.00,41100000.00,35900000.00,11800000.00,32500000.00,35900000.00,31400000.00,26900000.00,22700000.00,27000000.00,32500000.00,22800000.00,20700000.00,21100000.00,17600000.00,17200000.00,12300000.00,14200000.00,4500000.00,4600000.00,10800000.00,13000000.00,9000000.00,5800000.00,10200000.00,6600000.00,2600000.00,-8600000.00,8600000.00,9900000.00,10500000.00,11000000.00,17300000.00,21100000.00,2300000.00,15757000.00,18119000.00,19523000.00,13690000.00,14408000.00,16973000.00,17051000.00,9801000.00,13967000.00,13021000.00,14805000.00,10856000.00,8961000.00,16545000.00,13444000.00,8185000.00,7568000.00,16064000.00,14908000.00,5870000.00,9682000.00,8143000.00,28927000.00,15871000.00,9976000.00
preferredStockAndOtherAdjustments,,,,,,,,,,,,,,,,,,,,,,,,,,,,,,,,,,,,,,,,,,,,,,,,,,,,,,,,,,,,,,,,,,,,,,,,,,,,,,,,,,,,,,,,,,,,
