,2023-06-30,2022-12-31,2022-06-30,2022-03-31,2021-12-31,2021-09-30,2021-06-30,2021-03-31,2020-12-31,2020-09-30,2020-06-30,2020-03-31,2019-12-31,2019-09-30,2019-06-30,2019-03-31,2018-12-31,2018-09-30,2018-06-30,2018-03-31,2017-12-31,2017-09-30,2017-06-30,2017-03-31,2016-12-31,2016-06-30,2015-12-31,2015-06-30,2014-12-31,2014-06-30,2013-12-31,2013-06-30,2012-12-31,2012-06-30,2011-12-31,2011-06-30,2010-12-31,2010-06-30,2009-12-31,2009-06-30,2008-12-31,2008-06-30,2007-12-31,2007-06-30,2006-12-31,2006-06-30,2005-12-31,2005-06-30,2004-12-31,2004-06-30,2003-12-31,2003-06-30,2002-12-31,2002-06-30,2001-12-31,2001-06-30,2000-12-31,2000-06-30
date,2023-06-30,2022-12-31,2022-06-30,2022-03-31,2021-12-31,2021-09-30,2021-06-30,2021-03-31,2020-12-31,2020-09-30,2020-06-30,2020-03-31,2019-12-31,2019-09-30,2019-06-30,2019-03-31,2018-12-31,2018-09-30,2018-06-30,2018-03-31,2017-12-31,2017-09-30,2017-06-30,2017-03-31,2016-12-31,2016-06-30,2015-12-31,2015-06-30,2014-12-31,2014-06-30,2013-12-31,2013-06-30,2012-12-31,2012-06-30,2011-12-31,2011-06-30,2010-12-31,2010-06-30,2009-12-31,2009-06-30,2008-12-31,2008-06-30,2007-12-31,2007-06-30,2006-12-31,2006-06-30,2005-12-31,2005-06-30,2004-12-31,2004-06-30,2003-12-31,2003-06-30,2002-12-31,2002-06-30,2001-12-31,2001-06-30,2000-12-31,2000-06-30
filing_date,2023-06-30,2022-12-31,2022-06-30,,2021-12-31,,2021-06-30,,2020-12-31,,2020-06-30,,2019-12-31,,2019-06-30,,2018-12-31,,2018-06-30,,2017-12-31,,2017-06-30,,2016-12-31,2016-06-30,2015-12-31,2015-06-30,2014-12-31,2014-06-30,2013-12-31,2013-06-30,2012-12-31,2012-06-30,2011-12-31,2011-06-30,2010-12-31,2010-06-30,2009-12-31,2009-06-30,2008-12-31,2008-06-30,2007-12-31,2007-06-30,2006-12-31,2006-06-30,2005-12-31,2005-06-30,2004-12-31,2004-06-30,2003-12-31,2003-06-30,2002-12-31,2002-06-30,2001-12-31,2001-06-30,2000-12-31,2000-06-30
currency_symbol,USD,USD,USD,USD,USD,USD,USD,USD,USD,USD,USD,USD,USD,USD,USD,USD,USD,USD,USD,USD,USD,USD,USD,USD,USD,USD,USD,USD,USD,USD,USD,USD,USD,USD,USD,USD,USD,USD,USD,USD,USD,USD,USD,USD,USD,USD,USD,USD,USD,USD,USD,USD,USD,USD,USD,USD,USD,USD
totalAssets,343081083.00,355067818.00,371937395.00,,508019028.00,,566491581.00,,527741318.00,,403368960.00,,483908946.00,483908946.00,462777530.00,462777530.00,503278642.00,503278642.00,541952412.00,541952412.00,94930392.00,94930392.00,75668148.00,75668148.00,67798099.00,68617388.00,62332776.00,72487547.00,79769399.00,93012859.00,101559044.00,124281537.00,145659248.00,146882338.00,139930508.00,174976009.00,185678162.00,146231323.00,195400000.00,171200000.00,120500000.00,190100000.00,214900000.00,224600000.00,185600000.00,146500000.00,175700000.00,173700000.00,179100000.00,141100000.00,151400000.00,110200000.00,86000000.00,91000000.00,138800000.00,164200000.00,183700000.00,197200000.00
intangibleAssets,,,,,,,,,,,,,,,,,,,,,,,,,,,,,,,,,,,,,,,,,,,,,,,,,,,,,,,,,,
earningAssets,,,,,,,,,,,,,,,,,,,,,,,,,,,,,,,,,,,,,,,,,,,,,,,,,,,,,,,,,,
otherCurrentAssets,,,,,,,,,,,,,,,,,,,,,,,,,,,205000.00,,318000.00,,,,,,,,,,,,,,,,,,,,,,,,,,,,,
totalLiab,38334511.00,61900590.00,57367211.00,,66442773.00,,54689433.00,,50268437.00,,42076257.00,,44579136.00,44579136.00,42736797.00,42736797.00,62459849.00,62459849.00,60998288.00,60998288.00,3006240.00,3006240.00,538457.00,538457.00,413410.00,1540785.00,1776672.00,587668.00,2299895.00,711048.00,3929841.00,4471062.00,4354466.00,4721291.00,5461203.00,5145879.00,17525510.00,5057756.00,4600000.00,1100000.00,8200000.00,3000000.00,24400000.00,1400000.00,9900000.00,1100000.00,32100000.00,1200000.00,20100000.00,800000.00,4600000.00,2600000.00,900000.00,1000000.00,4500000.00,5900000.00,29300000.00,1100000.00
totalStockholderEquity,304746572.00,293167228.00,314570184.00,,441576255.00,,511802148.00,,477472881.00,,361292703.00,,439329810.00,439329810.00,420040733.00,420040733.00,440818793.00,440818793.00,480954124.00,480954124.00,91924152.00,91924152.00,75129691.00,75129691.00,67384689.00,67076603.00,60556104.00,71899879.00,77469504.00,92301811.00,97629203.00,119810475.00,141304782.00,142161047.00,134469305.00,169830130.00,168152652.00,141173567.00,190900000.00,170100000.00,112400000.00,187100000.00,190400000.00,223200000.00,175700000.00,145400000.00,143600000.00,172500000.00,159000000.00,140300000.00,146800000.00,107600000.00,85100000.00,90100000.00,134300000.00,158200000.00,154500000.00,196100000.00
deferredLongTermLiab,,,,,,,,,,,,,,,,,,,,,,,,,,,,,,,,,,,,,,,,,,,,,,,,,,,,,,,,,,
otherCurrentLiab,-69693.00,-4667281.00,-49807.00,,-7648608.00,7612767.00,-1620139.00,,-6850130.00,6817486.00,-26960.00,,-2364361.00,2283830.00,-115368.00,,-11615247.00,11610293.00,-8996287.00,28152.00,-2168177.00,2600796.00,-162596.00,259563.00,-143856.00,-140641.00,-1407975.00,-162622.00,-1891161.00,-215044.00,-3191409.00,-3566869.00,-3566868.00,-4293227.00,-5101409.00,-4719566.00,-16918076.00,-467158.00,3800000.00,200000.00,7400000.00,900000.00,23400000.00,100000.00,8700000.00,100000.00,31300000.00,400000.00,19400000.00,200000.00,3900000.00,800000.00,200000.00,300000.00,2300000.00,400000.00,14000000.00,
commonStock,50752.00,50752.00,50752.00,50752.00,50752.00,50752.00,50752.00,50752.00,50752.00,50752.00,50752.00,50752.00,50752.00,50752.00,50752.00,50752.00,59782.00,59782.00,60499.00,60499.00,9358.00,9358.00,9358.00,9358.00,9358.00,9387.00,9387.00,9387.00,9387.00,9386.00,9387.00,9387.00,9387.00,9387.00,9281.00,8254.00,7626.00,7626.00,,,,,,,,,,,,,,,,,,,,
capitalStock,50752.00,50752.00,50752.00,,50752.00,,50752.00,,,,,,,,,,,,,,,,,,,,,,,,,,,,,,,,,,,,,,,,,,,,,,,,,,,
retainedEarnings,-113671470.00,-125250814.00,-119874079.00,-119874079.00,7131992.00,7131992.00,61725836.00,61725836.00,27396569.00,27396569.00,-89077511.00,-89077511.00,-11040404.00,-11040404.00,-27561334.00,-27561334.00,-77765037.00,-77765037.00,3572219.00,-27298297.00,106779.00,34518787.00,912052.00,17724326.00,-14631.00,-3000202.00,-1407975.00,-4462625.00,-1882465.00,-8060137.00,-3228711.00,-6222332.00,-2003827.00,-1787554.00,194406.00,13963585.00,19368297.00,-3510712.00,-800000.00,1700000.00,400000.00,,,1600000.00,,,,,,,,,,,,,,
otherLiab,,,1089747.00,1089747.00,1978590.00,1978590.00,1370674.00,1370674.00,837102.00,837102.00,,,28387.00,28387.00,182305.00,182305.00,28152.00,28152.00,123290.00,123290.00,,,,,,,,,,,,,,,,,,,,,,,,,,,,,,,,,,,,,,
goodWill,,,,,,,,,,,,,,,,,,,,,,,,,,,,,,,,,,,,,,,,,,,,,,,,,,,,,,,,,,
otherAssets,137475.00,141648.00,178209.00,329257.00,126144.00,,164726.00,,147909.00,,189852.00,,273559.00,,435997.00,,903944.00,,1017374.00,,9802.00,,54.00,,9936.00,68617388.00,10294.00,20979.00,101255.00,79.00,323416.00,309376.00,326238.00,65270.00,17212.00,181510.00,24695.00,49798.00,195400000.00,171200000.00,120500000.00,-100000.00,214900000.00,224600000.00,185600000.00,100000.00,-100000.00,173700000.00,179100000.00,141100000.00,151500000.00,110200000.00,86000000.00,91000000.00,138800000.00,164200000.00,183700000.00,197200000.00
cash,111437.00,346873.00,619935.00,,,,,,,,,,293497.00,293497.00,90071.00,251677.00,153936.00,153936.00,709748.00,709748.00,27726.00,504942.00,1347973.00,1347973.00,4081.00,,136.00,680.00,301.00,561124.00,457524.00,2359301.00,1908178.00,403548.00,933488.00,1861987.00,8041382.00,371.00,1700000.00,300000.00,2000000.00,,3200000.00,200000.00,6300000.00,,1300000.00,400000.00,1200000.00,200000.00,,,,100000.00,700000.00,600000.00,,1300000.00
cashAndEquivalents,,,,,,,,,,,,,,,,,,,,,,,,,,,,,,,,,,,,,,,,,,,,,,,,,,,,,,,,,,
totalCurrentLiabilities,69693.00,4667281.00,49807.00,56277464.00,7648608.00,64464183.00,1620139.00,53318759.00,6850130.00,49431335.00,26960.00,42076257.00,2364361.00,44550749.00,115368.00,42554492.00,11615247.00,62431697.00,8996287.00,60874998.00,2168177.00,3006240.00,162596.00,538457.00,143856.00,140641.00,1407975.00,162622.00,1891161.00,215044.00,3191409.00,3566869.00,3566868.00,4293227.00,5101409.00,4719566.00,16918076.00,467158.00,3800000.00,200000.00,7400000.00,900000.00,23400000.00,100000.00,8700000.00,100000.00,31300000.00,400000.00,19400000.00,200000.00,3900000.00,800000.00,200000.00,300000.00,2300000.00,400000.00,14000000.00,
currentDeferredRevenue,,,,,,,,,,,,,,,,,,,,,,,,,,,,,,,,,,,,,,,,,,,,,,,,,,,,,,,,,,
netDebt,34888563.00,54653127.00,54380065.00,,55000000.00,,50000000.00,,40900000.00,,40900000.00,,40900000.00,,40809929.00,,48846064.00,,49000000.00,,-27726.00,,,,-4081.00,,-136.00,-680.00,-301.00,-561124.00,-457524.00,-2359301.00,-1908178.00,-403548.00,-933488.00,-1861987.00,-8041382.00,-371.00,-1700000.00,-300000.00,-2000000.00,,-3200000.00,-200000.00,-6300000.00,,-1300000.00,-400000.00,-1200000.00,-200000.00,,,,-100000.00,-700000.00,-600000.00,,-1300000.00
shortTermDebt,,,0.00,,0.00,,0.00,,0.00,,0.00,,,,,,,,,,,,,,,,,,,,,,,,,,,,,,,,,,,,,,,,,,,,,,,
shortLongTermDebt,,,,,,,,,,,,,,,,,,,,,,,,,,,,,,,,,,,,,,,,,,,,,,,,,,,,,,,,,,
shortLongTermDebtTotal,35000000.00,55000000.00,55000000.00,,55000000.00,,50000000.00,,40900000.00,,40900000.00,,40900000.00,,40900000.00,,49000000.00,,49000000.00,,,,,,,,,,,,,,,,,,,,,,,,,,,,,,,,,,,,,,,
otherStockholderEquity,418367290.00,418367290.00,434393511.00,,434393511.00,,450025560.00,,450025560.00,,450319462.00,,450319462.00,,447551315.00,,674054128.00,,504619696.00,,57289225.00,,56508281.00,,57389962.00,59467418.00,59654692.00,64553117.00,64542582.00,67352562.00,67348527.00,67823420.00,69899222.00,63039214.00,65665618.00,28358291.00,16776729.00,-72323347.00,81600000.00,81500000.00,81600000.00,81500000.00,80900000.00,81000000.00,81100000.00,81000000.00,81100000.00,81000000.00,81100000.00,81000000.00,81000000.00,81000000.00,81100000.00,81100000.00,111500000.00,111500000.00,111600000.00,118900000.00
propertyPlantEquipment,,,,,,,,,,,,,,,,,,,,,,,,,,,,,,,,,,,,,,,,,,,,,,,,,,,,,,,,,,
totalCurrentAssets,1634882.00,420145.00,1243216.00,2608882.00,964246.00,1326957.00,2193179.00,6079038.00,665052.00,5288626.00,1945677.00,2436530.00,863266.00,1430322.00,3886005.00,4483608.00,936938.00,1840882.00,2700129.00,4427251.00,2663283.00,3150301.00,213.00,1348240.00,73070.00,27860.00,136.00,680.00,13523.00,561124.00,457524.00,2391797.00,2001119.00,403548.00,933488.00,1973648.00,8523983.00,4413916.00,1700000.00,300000.00,2000000.00,2100000.00,4000000.00,200000.00,8200000.00,200000.00,4200000.00,1200000.00,9400000.00,300000.00,300000.00,1200000.00,100000.00,300000.00,700000.00,600000.00,20300000.00,1400000.00
longTermInvestments,341308726.00,354506025.00,370515970.00,,506928638.00,,564133676.00,,526928357.00,,401233431.00,,482772121.00,482478624.00,458455528.00,458293922.00,501437760.00,501437760.00,537525161.00,537525161.00,91780091.00,91780091.00,74319908.00,74319908.00,67197580.00,,61480185.00,,78179647.00,,,,,,,,,,,,,,,,,,,,,,,,,,,,,
netTangibleAssets,,,314570184.00,314570184.00,441576255.00,441576255.00,511802148.00,511802148.00,477472881.00,477472881.00,361292703.00,361292703.00,439329810.00,439329810.00,420040733.00,420040733.00,440818793.00,440818793.00,480954124.00,480954124.00,91924152.00,91924152.00,75129691.00,75129691.00,67384689.00,,60556104.00,,77469504.00,,,,,,,,,,,,,,,,,,,,,,,,,,,,,
shortTermInvestments,,,,,,,,,,,,,,,,,,,,,,,,,,,,,,,,,,,,,,,,,,,,,,,,,,,,,,,,,,
netReceivables,1523445.00,420145.00,623281.00,671882.00,964246.00,1017343.00,2193179.00,2248674.00,665052.00,722097.00,1945677.00,1998478.00,863266.00,1018890.00,3795934.00,3944983.00,783002.00,1496557.00,2700129.00,3430462.00,2635557.00,2635557.00,213.00,213.00,68989.00,27860.00,,,13222.00,,,32496.00,92941.00,,,111661.00,482601.00,4413545.00,,,,2100000.00,800000.00,,1900000.00,200000.00,2900000.00,800000.00,8200000.00,100000.00,300000.00,1200000.00,100000.00,200000.00,,,20300000.00,100000.00
longTermDebt,,,55000000.00,,55000000.00,,50000000.00,,40900000.00,,40900000.00,,40900000.00,,40900000.00,,49000000.00,,49000000.00,,,,,,,,,,,,,,,,,,,,,,,,,,,,,,,,,,,,,,,
inventory,,,,,,,,,,,,,,,,,,,,,,,,,,,,,,,,,,,,,,,,,,,,,,,,,,,,,,,,,,
accountsPayable,69693.00,4667281.00,49807.00,,7648608.00,,1620139.00,1593702.00,6850130.00,,26960.00,,2364361.00,,115368.00,390.00,11615247.00,,8996287.00,8976891.00,2168177.00,,162596.00,,143856.00,140641.00,1407975.00,162622.00,1891161.00,215044.00,3191409.00,3566869.00,3566868.00,4293227.00,5101409.00,4719566.00,16918076.00,467158.00,,,,,,,,,,,,,,,,,,,,
totalPermanentEquity,,,,,,,,,,,,,,,,,,,,,,,,,,,,,,,,,,,,,,,,,,,,,,,,,,,,,,,,,,
noncontrollingInterestInConsolidatedEntity,,,,,,,,,,,,,,,,,,,,,,,,,,,,,,,,,,,,,,,,,,,,,,,,,,,,,,,,,,
temporaryEquityRedeemableNoncontrollingInterests,,,,,,,,,,,,,,,,,,,,,,,,,,,,,,,,,,,,,,,,,,,,,,,,,,,,,,,,,,
accumulatedOtherComprehensiveIncome,,,,,,,,,,,,,,,,,-155530080.00,,-27298290.00,,34518790.00,,17700000.00,,10000000.00,10600000.00,2300000.00,11800000.00,14800000.00,33000000.00,33500000.00,58200000.00,73400000.00,80900000.00,68600000.00,127500000.00,132000000.00,217000000.00,110100000.00,86900000.00,30400000.00,105600000.00,109500000.00,140600000.00,94600000.00,64400000.00,62500000.00,91500000.00,77900000.00,59300000.00,65800000.00,26600000.00,4000000.00,9000000.00,22800000.00,46700000.00,42900000.00,77200000.00
additionalPaidInCapital,,,,,,,,,,,,,,,,,,,,,,,,,,,,,,,,,,,,,,,,,,,,,,,,,,,,,,,,,,
commonStockTotalEquity,,,,,,,50752.00,,50752.00,,50750.00,,50750.00,,50750.00,,59780.00,,60500.00,,9360.00,,,,,,,,,,,,,,,,,,,,,,,,,,,,,,,,,,,,,
preferredStockTotalEquity,,,,,,,,,,,,,,,,,,,,,,,,,,,,,,,,,,,,,,,,,,,,,,,,,,,,,,,,,,
retainedEarningsTotalEquity,,,,,,,,,,,,,,,,,,,,,,,,,,,,,,,,,,,,,,,,,,,,,,,,,,,,,,,,,,
treasuryStock,,,,,,,,,,,,,,,,,,,,,,,,,,,,,,,,,,,,,,,,,,,,,,,,,,,,,,,,,,
accumulatedAmortization,,,,,,,,,,,,,,,,,,,,,,,,,,,,,,,,,,,,,,,,,,,,,,,,,,,,,,,,,,
nonCurrrentAssetsOther,-341308726.00,-354506025.00,-370515970.00,,-506928638.00,,-564133676.00,,-526928357.00,,-401233431.00,,-482772121.00,,-458455528.00,,-501437760.00,,-538234909.00,,-92257307.00,,-75667881.00,,-67715093.00,-68589528.00,-62322346.00,-72465888.00,-79654621.00,-92451656.00,-100778104.00,-121580364.00,-143331891.00,-146413520.00,-138979808.00,-172820851.00,-177129484.00,-141767609.00,-193700000.00,-170900000.00,-118500000.00,-188100000.00,-210900000.00,-224400000.00,-177400000.00,-146200000.00,-171600000.00,-172500000.00,-169700000.00,-140800000.00,-151100000.00,-109000000.00,-85900000.00,-90700000.00,-138100000.00,-163600000.00,-163400000.00,-195800000.00
deferredLongTermAssetCharges,,,,,,,,,,,,,,,,,,,,,,,,,,,,,,,,,,,,,,,,,,,,,,,,,,,,,,,,,,
nonCurrentAssetsTotal,341308726.00,354506025.00,370515970.00,,506928638.00,,564133676.00,,526928357.00,,401233431.00,,482772121.00,,458455528.00,,501437760.00,,538234909.00,,92257307.00,,75667881.00,,67715093.00,68589528.00,62322346.00,72465888.00,79654621.00,92451656.00,100778104.00,121580364.00,143331891.00,146413520.00,138979808.00,172820851.00,177129484.00,141767609.00,193700000.00,170900000.00,118500000.00,188100000.00,210900000.00,224400000.00,177400000.00,146200000.00,171600000.00,172500000.00,169700000.00,140800000.00,151100000.00,109000000.00,85900000.00,90700000.00,138100000.00,163600000.00,163400000.00,195800000.00
capitalLeaseObligations,,,,,,,,,,,,,,,,,,,,,,,,,,,,,,,,,,,,,,,,,,,,,,,,,,,,,,,,,,
longTermDebtTotal,,,55000000.00,,55000000.00,,50000000.00,,40900000.00,,40900000.00,,40900000.00,,40900000.00,,49000000.00,,49000000.00,,,,,,,,,,,,,,,,,,,,,,,,,,,,,,,,,,,,,,,
nonCurrentLiabilitiesOther,,,,,,,,,,,,,,,,,,,,,,,,,,,,,,,,,,,,,,,,,,,,,,,,,,,,,,,,,,
nonCurrentLiabilitiesTotal,35000000.00,4667281.00,49807.00,,7648608.00,,1620139.00,,6850130.00,,26960.00,,2364361.00,,115368.00,,11615247.00,,8996287.00,,2168177.00,,162596.00,,143856.00,140641.00,1407975.00,162622.00,1891161.00,215044.00,3191409.00,3566869.00,3566868.00,4293227.00,5101409.00,4719566.00,16918076.00,467158.00,700000.00,900000.00,600000.00,2000000.00,800000.00,1100000.00,1000000.00,800000.00,700000.00,600000.00,600000.00,400000.00,600000.00,1600000.00,500000.00,500000.00,2000000.00,5300000.00,15100000.00,1100000.00
negativeGoodwill,,,,,,,,,,,,,,,,,,,,,,,,,,,,,,,,,,,,,,,,,,,,,,,,,,,,,,,,,,
warrants,,,,,,,,,,,,,,,,,,,,,,,,,,,,,,,,,,,,,,,,,,,,,,,,,,,,,,,,,,
preferredStockRedeemable,,,,,,,,,,,,,,,,,,,,,,,,,,,,,,,,,,,,,,,,,,,,,,,,,,,,,,,,,,
capitalSurpluse,,,434393510.00,,434393510.00,,450025560.00,,450025560.00,,450319460.00,,450319460.00,,447551320.00,,518524050.00,,508191920.00,,57396010.00,,,,,,,,,,,,,,,,,,,,,,,,,,,,,,,,,,,,,
liabilitiesAndStockholdersEquity,343081083.00,355067818.00,371937395.00,,508019028.00,,566491581.00,,527741318.00,,403368960.00,,483908946.00,,462777530.00,,503278642.00,,541952412.00,,94930392.00,,75668148.00,,67798099.00,68617388.00,62332776.00,72487547.00,79769399.00,93012859.00,101559044.00,124281537.00,145659248.00,146882338.00,139930508.00,174976009.00,185678162.00,146231323.00,195400000.00,171200000.00,120500000.00,190100000.00,214900000.00,224600000.00,185600000.00,146500000.00,175700000.00,173700000.00,179100000.00,141100000.00,151400000.00,110200000.00,86000000.00,91000000.00,138800000.00,164200000.00,183700000.00,197200000.00
cashAndShortTermInvestments,111437.00,346873.00,619935.00,,,,,,,,,,,,90071.00,,153936.00,,,,27726.00,,,,4081.00,,136.00,680.00,301.00,561124.00,457524.00,2359301.00,1908178.00,403548.00,933488.00,1861987.00,8041382.00,371.00,1700000.00,300000.00,2000000.00,,3200000.00,200000.00,6300000.00,,1300000.00,400000.00,1200000.00,200000.00,,,,100000.00,700000.00,600000.00,,1300000.00
propertyPlantAndEquipmentGross,,,,,,,,,,,,,,,,,,,,,,,,,,,,,,,,,,,,,,,,,,,,,,,,,,,,,,,,,,
propertyPlantAndEquipmentNet,,,,,,,,,,,,,,,,,,,,,,,,,,,,,,,,,,,,,,,,,,,,,,,,,,,,,,,,,,
accumulatedDepreciation,,,,,,,,,,,,,,,,,,,,,,,,,,,,,,,,,,,,,,,,,,,,,,,,,,,,,,,,,,
netWorkingCapital,,,,,,,,,,,,,,,,,,,,,,,,,,,,,,,,,,,,,,,,,,,,,,,,,,,,,,,,,,
netInvestedCapital,339746572.00,348167228.00,369570184.00,,496576255.00,,561802148.00,,518372881.00,,402192703.00,,,,,,,,,,,,,,,,,,,,,,,,,,,,,,,,,,,,,,,,,,,,,,,
commonStockSharesOutstanding,50751778.00,50751778.00,50751778.00,,50751778.00,,50751778.00,,50751778.00,,50751780.00,,50751780.00,50761900.00,50751780.00,50754700.00,60499030.00,59770100.00,60499030.00,60498800.00,9357690.00,5535700.00,9357690.00,9358400.00,9330000.00,9390000.00,9390000.00,9390000.00,9390000.00,9390000.00,9390000.00,9390000.00,9390000.00,9390000.00,10310000.00,8250000.00,7630000.00,7630000.00,10170000.00,10170000.00,10170000.00,10160000.00,10140000.00,10140000.00,10140000.00,10140000.00,10140000.00,10140000.00,10140000.00,10140000.00,10140000.00,10140000.00,10140000.00,10140000.00,13520000.00,13520000.00,12710000.00,14330000.00
investments,,,,,,,,,,,,,,,,,,,,,,,,,,,,,,,,,,,,,,,,,,,,,,,,,,,,,,,,,,
changeToLiabilities,,,-37348337.00,-37348337.00,0.00,0.00,0.00,0.00,0.00,0.00,0.00,0.00,0.00,0.00,0.00,0.00,0.00,0.00,0.00,0.00,0.00,0.00,0.00,0.00,0.00,,0.00,,0.00,,,,,,,,,,,,,,,,,,,,,,,,,,,,,
totalCashflowsFromInvestingActivities,,,,,,,,,,,,,,,,,,,,,,,,,,,,,,,,,,,,,,,,,,,,,,,,,,,,,,,,,,
netBorrowings,,,,,,,,,,,,,,,,,,,,,,,,,,,,,,,,,,,,,,,,,,,,,,,,,,,,,,,,,,
totalCashFromFinancingActivities,,,-10150356.00,-10150356.00,-10150356.00,-10150356.00,-11317650.00,,-13943040.00,,-4907700.00,,-4589350.00,,-75400250.00,,-16562020.00,,337200510.00,,-2168180.00,,,,-1490000.00,-2630000.00,-2910000.00,-3470000.00,-4320000.00,-5540000.00,-6570000.00,-7230000.00,-6940000.00,-6090000.00,800000.00,4540000.00,-23250000.00,-49470000.00,-10860000.00,,-9320000.00,410000.00,-25450000.00,,-11360000.00,,-44010000.00,,-22610000.00,,-4560000.00,,-910000.00,-30490000.00,-13660000.00,,-15370000.00,
changeToOperatingActivities,,,405954.00,405954.00,405954.00,405954.00,,,,,,,,,,,,,,,,,,,,,,,,,,,,,,,,,,,,,,,,,,,,,,,,,,,,
changeInCash,,,785413.00,785413.00,785413.00,785413.00,34329270.00,,38143070.00,,-78037110.00,,19289080.00,,-20778060.00,,-40135330.00,,263767100.00,,16794460.00,,7745000.00,,310000.00,6520000.00,-11340000.00,-5570000.00,-14830000.00,-5330000.00,-22190000.00,-21490000.00,-850000.00,7690000.00,-35360000.00,1680000.00,26980000.00,-49680000.00,20780000.00,57710000.00,-74730000.00,-3370000.00,-32740000.00,47510000.00,30230000.00,1840000.00,-28900000.00,13520000.00,18640000.00,-6500000.00,39210000.00,22550000.00,-5000000.00,-44210000.00,-23940000.00,3760000.00,-41660000.00,-21890000.00
beginPeriodCashFlow,,,,,,,,,,,,19379150.00,90070.00,,153940.00,,0.00,263794830.00,27730.00,16794460.00,0.00,7745000.00,,310000.00,6520000.00,,,,600000.00,500000.00,2400000.00,1900000.00,400000.00,900000.00,1900000.00,8000000.00,0.00,1700000.00,300000.00,2000000.00,10000.00,3200000.00,200000.00,6300000.00,10000.00,1300000.00,400000.00,1200000.00,200000.00,39210000.00,22550000.00,,100000.00,700000.00,600000.00,,1300000.00,
endPeriodCashFlow,,,,,,,,,,,-78037110.00,,19379150.00,-20624120.00,-20624120.00,153940.00,-40135330.00,,263794830.00,263794830.00,16794460.00,,7745000.00,,310000.00,6520000.00,-11340000.00,-5570000.00,-14230000.00,-4830000.00,-19790000.00,-19590000.00,-450000.00,8590000.00,-33460000.00,9680000.00,26980000.00,-47980000.00,21080000.00,59710000.00,-74720000.00,-170000.00,-32540000.00,53810000.00,30240000.00,3140000.00,-28500000.00,14720000.00,18840000.00,-6500000.00,39210000.00,22550000.00,-4900000.00,-43510000.00,-23340000.00,3760000.00,-40360000.00,-21890000.00
totalCashFromOperatingActivities,,,11001043.00,11001043.00,11001043.00,11001043.00,45646910.00,,52086110.00,,-73129410.00,,23878420.00,,54622190.00,,-23573310.00,,-73433410.00,,18962640.00,,7745000.00,,1800000.00,9150000.00,-8430000.00,-2100000.00,-10510000.00,210000.00,-15610000.00,-14270000.00,6090000.00,13780000.00,-36150000.00,-2870000.00,50230000.00,-210000.00,31640000.00,57710000.00,-65410000.00,-3770000.00,-7290000.00,47510000.00,41590000.00,1840000.00,15110000.00,13520000.00,41260000.00,-6500000.00,43770000.00,22550000.00,-4090000.00,-13720000.00,-10290000.00,3760000.00,-26290000.00,-21890000.00
issuanceOfCapitalStock,,,,,,,,,,,,,,,,,,,,,,,,,,,,,,,,,,,,,,,,,,,,,,,,,,,,,,,,,,
depreciation,,,,,,,,,,,,,,,,,,,,,,,,,,,,,,,,,,,,,,,,,,,,,,,,,,,,,,,,,,
otherCashflowsFromInvestingActivities,,,,,,,,,,,,,,,,,,,,,,,,,,,,,,,,,,,,,,,,,,,,,,,,,,,,,,,,,,
dividendsPaid,,,10150356.00,10150356.00,10150356.00,10150356.00,11317650.00,,13943040.00,,-4907700.00,,-4567660.00,,-4418490.00,,-11610300.00,,87487820.00,,2168180.00,,,,1310000.00,2630000.00,2910000.00,3470000.00,4320000.00,5540000.00,6570000.00,7230000.00,7130000.00,7860000.00,15910000.00,8460000.00,23250000.00,4170000.00,10880000.00,,9350000.00,,25450000.00,,11360000.00,,44010000.00,,22610000.00,,4560000.00,,910000.00,,13660000.00,,7990000.00,
changeToInventory,,,,,,,,,,,,,,,,,,,,,,,,,,,,,,,,,,,,,,,,,,,,,,,,,,,,,,,,,,
changeToAccountReceivables,,,45643347.00,45643347.00,45643347.00,45643347.00,,,,,,,,,,,,,,,,,,,,,,,,,,,,,,,,,,,,,,,,,,,,,,,,,,,,
salePurchaseOfStock,,,,,,,,,0.00,,0.00,,-11310.00,,-71061780.00,,-4951720.00,,424688330.00,,,,,,-180000.00,,,,,,,,,1770000.00,17100000.00,13000000.00,,-45300000.00,20000.00,,30000.00,410000.00,,,,,,,,,,,,-30490000.00,,,-7390000.00,
otherCashflowsFromFinancingActivities,,,,,,,,,,,0.00,,-10380.00,,80020.00,,,,,,,,,,0.00,,,,,,,,190000.00,,-390000.00,,,,,,,,,,,,,,,,,,0.00,,,,10000.00,
changeToNetincome,,,59459143.00,59459143.00,59459143.00,59459143.00,,,,,,,,,,,,,,,,,,,,,,,,,,,,,,,,,,,,,,,,,,,,,,,,,,,,
capitalExpenditures,,,0,0,0,0,0,0,0,0,0,0,0,0,0,0,0,0,0,0,0,0,0,0,0,0,0,0,0,0,0,0,0,0,0,0,0,0,0,0,0,0,0,0,0,0,0,0,0,0,0,0,0,0,0,0,0,0
changeReceivables,,,,,,,,,,,,,,,,,,,,,,,,,,,,,,,,,,,,,,,,,,,,,,,,,,,,,,,,,,
cashFlowsOtherOperating,,,,,,,,,,,,,,,,,,,,,,,,,,,,,,,,,,,,,,,,,,,,,,,,,,,,,,,,,,
exchangeRateChanges,,,,,,,,,,,,,,,,,,,,,,,,,,,,,,,,,,,,,,,,,,,,,,,,,,,,,,,,,,
cashAndCashEquivalentsChanges,,,,,,,,,,,,,,,,,,,,,,,,,,,,,,,,,,,,,,,,,,,,,,,,,,,,,,,,,,
changeInWorkingCapital,,,17395020.00,,,,,,,,216410.00,,142930.00,,1450.00,,95790.00,,-900610.00,,3030.00,,-100000.00,,,,100000.00,,-200000.00,200000.00,,,,,,,,,,,,,,,,,,,,,,,,,,,,
stockBasedCompensation,,,,,,,,,,,,,,,,,,,,,,,,,,,,,,,,,,,,,,,,,,,,,,,,,,,,,,,,,,
otherNonCashItems,,,,,,,,,,,-216410.00,,-142930.00,,-1450.00,,-95790.00,,900610.00,,-3030.00,,100000.00,,0.00,8110000.00,-100000.00,-2990000.00,200000.00,-200000.00,-15150000.00,-15270000.00,0.00,12260000.00,0.00,-4540000.00,0.00,-1660000.00,0.00,56430000.00,-10000.00,-5720000.00,0.00,45940000.00,-10000.00,10000.00,15770000.00,11690000.00,10000.00,-7800000.00,0.00,21660000.00,-10000.00,-15000000.00,-10270000.00,920000.00,-24530000.00,-22760000.00
freeCashFlow,,,,,,,,,,,-73129410.00,,23878420.00,,54622190.00,,-23573310.00,,-73433410.00,,18962640.00,,7745000.00,,1800000.00,9150000.00,-8430000.00,-2100000.00,-10510000.00,210000.00,-15610000.00,-14270000.00,6090000.00,13780000.00,-36150000.00,-2870000.00,50230000.00,-210000.00,31640000.00,57710000.00,-65410000.00,-3770000.00,-7290000.00,47510000.00,41590000.00,1840000.00,15110000.00,13520000.00,41260000.00,-6500000.00,43770000.00,22550000.00,-4090000.00,-13720000.00,-10290000.00,3760000.00,-26290000.00,-21890000.00
researchDevelopment,,,,,,,,,,,,,,,,,0.00,0.00,0.00,0.00,0.00,0.00,,0.00,0.00,,0.00,,0.00,,,,,,,,,,,,,,,,,,,,,,,,,,,,,
effectOfAccountingCharges,,,,,,,,,,,,,,,,,0.00,0.00,0.00,0.00,0.00,0.00,,0.00,0.00,,0.00,,0.00,,,,,,,,,,,,,,,,,,,,,,,,,,,,,
incomeBeforeTax,,,-90112350.00,,-54492840.00,,45646910.00,,125215520.00,,-73129410.00,,23878420.00,11939210.00,54622190.00,27311097.00,-23573310.00,-11786656.00,-73433410.00,-36716704.00,18962640.00,5608818.00,7745000.00,3872501.00,1800000.00,9150000.00,-8430000.00,-2100000.00,-10510000.00,210000.00,-15610000.00,-14270000.00,6090000.00,13780000.00,-36150000.00,-2870000.00,50230000.00,-210000.00,31640000.00,57710000.00,-65400000.00,-3770000.00,-7290000.00,47510000.00,41600000.00,1830000.00,15110000.00,13520000.00,41250000.00,-6500000.00,43770000.00,22550000.00,-4080000.00,-13720000.00,-10290000.00,3760000.00,-26290000.00,-21890000.00
minorityInterest,,,,,,,,,,,,,,,,,0.00,0.00,0.00,0.00,0.00,0.00,,0.00,0.00,,0.00,,0.00,,,,,,,,,,,,,,,,,,,,,,,,,,,,,
sellingGeneralAdministrative,,,328210.00,,427250.00,,397480.00,,337990.00,,754830.00,754830.00,578730.00,510160.00,510160.00,1408843.00,619740.00,1366401.00,1194720.00,1194720.00,403340.00,383170.00,383170.00,316216.00,480000.00,270000.00,190000.00,450000.00,390000.00,810000.00,380000.00,490000.00,330000.00,550000.00,230000.00,470000.00,570000.00,860000.00,490000.00,730000.00,470000.00,740000.00,410000.00,620000.00,660000.00,540000.00,110000.00,760000.00,450000.00,410000.00,260000.00,250000.00,840000.00,680000.00,1110000.00,1220000.00,2600000.00,910000.00
sellingAndMarketingExpenses,,,,,,,,,,,-112000.00,,-145670.00,,35510.00,,-199780.00,,66150.00,,37260.00,,66980.00,,70000.00,60000.00,70000.00,80000.00,90000.00,80000.00,70000.00,140000.00,150000.00,150000.00,130000.00,70000.00,120000.00,100000.00,100000.00,0.00,0.00,,10000.00,10000.00,0.00,,10000.00,10000.00,0.00,10000.00,0.00,,,,10000.00,10000.00,,0.00
grossProfit,,,4873160.00,,3292140.00,,5908340.00,,8307430.00,,4395280.00,4395280.00,4778680.00,9100290.00,9100290.00,6113074.00,4806150.00,3988177.00,6861220.00,6861220.00,-267230.00,1242870.00,1242870.00,868045.00,-190000.00,1240000.00,-250000.00,1270000.00,-130000.00,1430000.00,-160000.00,1350000.00,-140000.00,1920000.00,40000.00,2070000.00,-630000.00,2210000.00,230000.00,2010000.00,510000.00,2690000.00,-20000.00,2190000.00,-50000.00,1320000.00,-550000.00,2590000.00,800000.00,1700000.00,100000.00,1140000.00,150000.00,900000.00,1080000.00,4050000.00,840000.00,1780000.00
reconciledDepreciation,,,,,,,,,,,,,,,,,,,,,,,,,,,,,,,,,,,,,,,,,,,,,,,,,,,,,,,,,,
ebit,,,2454200.00,2454200.00,1362452.00,1362452.00,2859668.00,2859668.00,4043943.00,4043943.00,3752450.00,2074074.00,4345620.00,100689760.00,8554620.00,4704232.00,4386190.00,2621776.00,5600350.00,-152467170.00,-633310.00,14563320.00,926680.00,463342.00,-600000.00,1040000.00,-370000.00,890000.00,-430000.00,710000.00,-460000.00,1010000.00,-320000.00,1520000.00,-320000.00,1670000.00,-1080000.00,1460000.00,-160000.00,1270000.00,40000.00,1950000.00,-420000.00,1570000.00,-710000.00,790000.00,-670000.00,1830000.00,350000.00,1300000.00,-160000.00,890000.00,1000000.00,220000.00,-30000.00,2840000.00,-1760000.00,870000.00
ebitda,,,,,,,,,,,-150011270.00,,43411220.00,,100689760.00,,-51532810.00,,-152467170.00,,38558590.00,,14563320.00,,4210000.00,17260000.00,-16490000.00,-5090000.00,-20590000.00,-290000.00,-30760000.00,-29540000.00,12500000.00,26040000.00,-71980000.00,-7410000.00,101540000.00,-1870000.00,63440000.00,114140000.00,-130840000.00,-9490000.00,-14160000.00,93450000.00,83910000.00,2880000.00,30880000.00,25210000.00,82150000.00,-14300000.00,87710000.00,44210000.00,-8110000.00,-28720000.00,-20550000.00,4680000.00,-50820000.00,-44650000.00
depreciationAndAmortization,,,,,,,,,,,-153763720.00,,39065600.00,,92135140.00,,-55919000.00,,-158067520.00,,39191900.00,,13636640.00,,4810000.00,16220000.00,-16120000.00,-5980000.00,-20160000.00,-1000000.00,-30300000.00,-30550000.00,12820000.00,24520000.00,-71660000.00,-9080000.00,102620000.00,-3330000.00,63600000.00,112870000.00,-130880000.00,-11440000.00,-13740000.00,91880000.00,84620000.00,2090000.00,31550000.00,23380000.00,81800000.00,-15600000.00,87870000.00,43320000.00,-9110000.00,-28940000.00,-20520000.00,1840000.00,-49060000.00,-45520000.00
nonOperatingIncomeNetOther,,,,,,,,,,,,,,,,,,,,,,,,,,,,,,,,,,,,,,,,,,,,,,,,,,,,,,,,,,
operatingIncome,,,4533040.00,,2463150.00,,5471540.00,,7817740.00,,3752450.00,,4345620.00,2503746.00,8554620.00,4704232.00,4386190.00,2621776.00,5600350.00,2809875.00,-633310.00,-779999.00,926680.00,463342.00,-600000.00,1040000.00,-370000.00,890000.00,-430000.00,710000.00,-460000.00,1010000.00,-320000.00,1520000.00,-320000.00,1670000.00,-1080000.00,1460000.00,-160000.00,1270000.00,40000.00,1950000.00,-420000.00,1570000.00,-710000.00,790000.00,-670000.00,1830000.00,350000.00,1300000.00,-160000.00,890000.00,1000000.00,220000.00,-30000.00,2840000.00,-1760000.00,870000.00
otherOperatingExpenses,,,,,,,,,,,2901180.00,146951.00,3123490.00,146951.00,3671530.00,20589.00,3590170.00,221471.00,3287350.00,221471.00,935730.00,40123.00,809410.00,88488.00,910000.00,670000.00,630000.00,890000.00,920000.00,1380000.00,1100000.00,1310000.00,1140000.00,1410000.00,1360000.00,1490000.00,1750000.00,1900000.00,1450000.00,1590000.00,1320000.00,1980000.00,1780000.00,1920000.00,1750000.00,1570000.00,1510000.00,1590000.00,1410000.00,1310000.00,1110000.00,820000.00,310000.00,1360000.00,1920000.00,2060000.00,3560000.00,2370000.00
interestExpense,,,,,,,,,,,-76881860.00,,19532800.00,330937.00,46067570.00,426921.00,-27959500.00,428684.00,79033760.00,9698.00,19595950.00,9698.00,6818320.00,0.00,2410000.00,8110000.00,8060000.00,2990000.00,10080000.00,500000.00,15150000.00,15270000.00,6410000.00,12260000.00,35830000.00,4540000.00,51310000.00,1660000.00,31800000.00,56430000.00,65440000.00,5720000.00,6870000.00,45940000.00,42310000.00,1050000.00,15770000.00,11690000.00,40900000.00,7800000.00,43940000.00,21660000.00,4030000.00,15000000.00,10260000.00,920000.00,24530000.00,22760000.00
taxProvision,,,,,,,,,,,,,,,,,,,,,,,,,,,,,,,,,,,,,,,,,,,,,,,,,,,,,,,,,,
interestIncome,,,94645390.00,,56955990.00,,40175380.00,,117397780.00,,76881860.00,,19532800.00,,46067570.00,,27959500.00,,79033760.00,,19595950.00,,,,,,,,,,,,,,,,,,,,,,,,,,,,,,,,,,,,,
netInterestIncome,,,,,,,,,,,,,,,,,,,,,,,,,,,,,,,,,,,,,,,,,,,,,,,,,,,,,,,,,,
extraordinaryItems,,,,,,,,,,,,,,,,,0.00,0.00,0.00,0.00,0.00,0.00,,0.00,0.00,,0.00,,0.00,,,,,,,,,,,,,,,,,,,,,,,,,,,,,
nonRecurring,,,,,,,,,,,,,,,,,0.00,0.00,0.00,0.00,0.00,0.00,,0.00,0.00,,0.00,,0.00,,,,,,,,,,,,,,,,,,,,,,,,,,,,,
otherItems,,,,,,,,,,,,,,,,,0.00,0.00,0.00,0.00,0.00,0.00,,0.00,0.00,,0.00,,0.00,,,,,,,,,,,,,,,,,,,,,,,,,,,,,
incomeTaxExpense,,,,,,,,,,,153763720.00,,-39065600.00,,-92135140.00,,55919000.00,0.00,158067520.00,0.00,-39191900.00,0.00,-13636640.00,0.00,-4810000.00,-16220000.00,16120000.00,5980000.00,20160000.00,1000000.00,30300000.00,30550000.00,-12820000.00,-24520000.00,71660000.00,9080000.00,-102620000.00,3330000.00,-63600000.00,-112870000.00,130880000.00,11440000.00,13740000.00,-91880000.00,-84620000.00,-2090000.00,-31550000.00,-23380000.00,-81800000.00,15600000.00,-87870000.00,-43320000.00,9110000.00,28940000.00,20520000.00,-1840000.00,49060000.00,45520000.00
totalRevenue,,,7117210.00,,5872170.00,,8520540.00,,10549360.00,,6653630.00,6653630.00,7469110.00,12226150.00,12226150.00,6113074.00,7976360.00,3988177.00,8887700.00,8887700.00,302420.00,1736090.00,1736090.00,868045.00,310000.00,1700000.00,260000.00,1790000.00,490000.00,2080000.00,630000.00,2310000.00,820000.00,2930000.00,1040000.00,3160000.00,670000.00,3350000.00,1290000.00,2870000.00,1360000.00,3930000.00,1360000.00,3480000.00,1040000.00,2350000.00,840000.00,3430000.00,1760000.00,2610000.00,950000.00,1710000.00,690000.00,1580000.00,1900000.00,4900000.00,1800000.00,3240000.00
totalOperatingExpenses,,,,,,,,,,,642830.00,642830.00,433060.00,545670.00,545670.00,1408843.00,419960.00,1366401.00,1260870.00,1260870.00,366080.00,316190.00,316190.00,404704.00,410000.00,210000.00,120000.00,370000.00,300000.00,730000.00,310000.00,350000.00,180000.00,400000.00,360000.00,400000.00,450000.00,760000.00,390000.00,730000.00,470000.00,740000.00,400000.00,630000.00,660000.00,540000.00,120000.00,750000.00,450000.00,400000.00,260000.00,250000.00,-850000.00,680000.00,1100000.00,1210000.00,2600000.00,910000.00
costOfRevenue,,,2244050.00,,2580030.00,,2612200.00,,2241930.00,,2258350.00,2258350.00,2690430.00,3125860.00,3125860.00,,3170210.00,0.00,2026480.00,2026480.00,569650.00,493220.00,493220.00,0.00,500000.00,460000.00,510000.00,520000.00,620000.00,650000.00,790000.00,960000.00,960000.00,1010000.00,1000000.00,1090000.00,1300000.00,1140000.00,1060000.00,860000.00,850000.00,1240000.00,1380000.00,1290000.00,1090000.00,1030000.00,1390000.00,840000.00,960000.00,910000.00,850000.00,570000.00,540000.00,680000.00,820000.00,850000.00,960000.00,1460000.00
totalOtherIncomeExpenseNet,,,,,,,,,,,-76881860.00,,19532800.00,9435463.00,46067570.00,22606866.00,-27959500.00,-14408433.00,-79033760.00,-39526579.00,19595950.00,6388817.00,6818320.00,3409159.00,2400000.00,8110000.00,-8060000.00,-2990000.00,-10080000.00,-500000.00,-15150000.00,-15280000.00,6410000.00,12260000.00,-35830000.00,-4540000.00,51310000.00,-1670000.00,31800000.00,56440000.00,-65440000.00,-5720000.00,-6870000.00,45940000.00,42310000.00,1040000.00,15780000.00,11690000.00,40900000.00,-7800000.00,43930000.00,21660000.00,-5080000.00,-13940000.00,-10260000.00,920000.00,-24530000.00,-22760000.00
discontinuedOperations,,,,,,,,,,,,,,,,,0.00,0.00,0.00,0.00,0.00,0.00,,0.00,0.00,,0.00,,0.00,,,,,,,,,,,,,,,,,,,,,,,,,,,,,
netIncomeFromContinuingOps,,,,,,,,,,,,,11939210.00,11939210.00,27311097.00,27311097.00,-11786656.00,-11786656.00,-36716704.00,-36716704.00,17226320.00,5608818.00,,3872501.00,10953562.00,,-10530582.00,,-10303877.00,,,,,,,,,,,,,,,,,,,,,,,,,,,,,
netIncomeApplicableToCommonShares,,,-57159063.00,-57159063.00,-27246421.00,-27246421.00,22823457.00,22823457.00,62607759.00,62607759.00,-36564704.00,-36564704.00,11939210.00,11939210.00,54622190.00,27311097.00,-23573310.00,-11786656.00,-73433410.00,-36716704.00,18962640.00,5608818.00,,3872501.00,10953562.00,,-10530582.00,,-10303877.00,,,,,,,,,,,,,,,,,,,,,,,,,,,,,
preferredStockAndOtherAdjustments,,,,,,,,,,,,,,,,,,,,,,,,,,,,,,,,,,,,,,,,,,,,,,,,,,,,,,,,,,
