,2023-09-30,2023-06-30,2023-03-31,2022-12-31,2022-09-30,2022-06-30,2022-03-31,2021-12-31,2021-09-30,2021-06-30,2021-03-31,2020-12-31,2020-09-30,2020-06-30,2020-03-31,2019-12-31,2019-09-30,2019-06-30,2019-03-31,2018-12-31,2018-09-30,2018-06-30,2018-03-31,2017-12-31,2017-09-30,2017-06-30,2017-03-31,2016-12-31,2016-09-30,2016-06-30,2016-03-31,2015-12-31,2015-09-30,2015-06-30,2015-03-31,2014-12-31,2014-09-30,2014-06-30,2014-03-31,2013-12-31,2013-09-30,2013-06-30,2013-03-31,2012-12-31,2012-09-30,2012-06-30,2012-03-31,2011-12-31,2011-09-30,2011-06-30,2011-03-31,2010-12-31,2010-09-30,2010-06-30,2010-03-31,2009-12-31,2009-09-30,2009-06-30,2009-03-31,2008-12-31,2008-09-30,2008-06-30,2008-03-31,2007-12-31,2007-09-30,2007-06-30,2007-03-31,2006-12-31,2006-09-30,2006-06-30,2006-03-31,2005-12-31,2005-09-30,2005-06-30,2005-03-31,2004-12-31,2004-09-30,2004-06-30,2004-03-31,2003-12-31,2003-09-30,2003-06-30,2003-03-31,2002-12-31,2002-09-30,2002-06-30,2002-03-31,2001-12-31,2001-09-30,2001-06-30,2001-03-31,2000-12-31,2000-09-30,2000-06-30,2000-03-31,1999-12-31,1999-09-30,1999-06-30,1999-03-31,1998-12-31,1998-09-30,1998-06-30,1998-03-31,1997-12-31,1997-09-30,1997-06-30,1997-03-31,1996-12-31,1996-09-30,1996-06-30,1996-03-31,1995-12-31,1995-09-30,1995-06-30,1995-03-31,1994-12-31,1994-09-30,1994-06-30,1994-03-31,1993-12-31,1993-09-30,1993-06-30,1993-03-31,1992-12-31,1992-09-30,1992-06-30,1992-03-31,1991-12-31,1991-09-30,1991-06-30,1991-03-31,1990-12-31,1990-09-30,1990-06-30,1990-03-31,1989-12-31,1989-09-30,1989-06-30,1989-03-31,1988-12-31,1988-09-30,1988-06-30,1988-03-31,1987-12-31,1987-09-30,1987-06-30,1987-03-31,1986-12-31,1986-09-30,1986-06-30,1986-03-31,1985-12-31,1985-09-30
date,2023-09-30,2023-06-30,2023-03-31,2022-12-31,2022-09-30,2022-06-30,2022-03-31,2021-12-31,2021-09-30,2021-06-30,2021-03-31,2020-12-31,2020-09-30,2020-06-30,2020-03-31,2019-12-31,2019-09-30,2019-06-30,2019-03-31,2018-12-31,2018-09-30,2018-06-30,2018-03-31,2017-12-31,2017-09-30,2017-06-30,2017-03-31,2016-12-31,2016-09-30,2016-06-30,2016-03-31,2015-12-31,2015-09-30,2015-06-30,2015-03-31,2014-12-31,2014-09-30,2014-06-30,2014-03-31,2013-12-31,2013-09-30,2013-06-30,2013-03-31,2012-12-31,2012-09-30,2012-06-30,2012-03-31,2011-12-31,2011-09-30,2011-06-30,2011-03-31,2010-12-31,2010-09-30,2010-06-30,2010-03-31,2009-12-31,2009-09-30,2009-06-30,2009-03-31,2008-12-31,2008-09-30,2008-06-30,2008-03-31,2007-12-31,2007-09-30,2007-06-30,2007-03-31,2006-12-31,2006-09-30,2006-06-30,2006-03-31,2005-12-31,2005-09-30,2005-06-30,2005-03-31,2004-12-31,2004-09-30,2004-06-30,2004-03-31,2003-12-31,2003-09-30,2003-06-30,2003-03-31,2002-12-31,2002-09-30,2002-06-30,2002-03-31,2001-12-31,2001-09-30,2001-06-30,2001-03-31,2000-12-31,2000-09-30,2000-06-30,2000-03-31,1999-12-31,1999-09-30,1999-06-30,1999-03-31,1998-12-31,1998-09-30,1998-06-30,1998-03-31,1997-12-31,1997-09-30,1997-06-30,1997-03-31,1996-12-31,1996-09-30,1996-06-30,1996-03-31,1995-12-31,1995-09-30,1995-06-30,1995-03-31,1994-12-31,1994-09-30,1994-06-30,1994-03-31,1993-12-31,1993-09-30,1993-06-30,1993-03-31,1992-12-31,1992-09-30,1992-06-30,1992-03-31,1991-12-31,1991-09-30,1991-06-30,1991-03-31,1990-12-31,1990-09-30,1990-06-30,1990-03-31,1989-12-31,1989-09-30,1989-06-30,1989-03-31,1988-12-31,1988-09-30,1988-06-30,1988-03-31,1987-12-31,1987-09-30,1987-06-30,1987-03-31,1986-12-31,1986-09-30,1986-06-30,1986-03-31,1985-12-31,1985-09-30
filing_date,2023-11-01,2023-08-03,2023-05-04,2023-02-17,2022-11-01,2022-08-02,2022-05-03,2022-02-18,2021-11-03,2021-08-04,2021-05-05,2021-02-19,2020-11-04,2020-07-29,2020-04-29,2020-02-21,2019-10-31,2019-07-31,2019-05-01,2019-02-22,2018-10-31,2018-08-01,2018-05-02,2018-02-16,2017-11-02,2017-08-02,2017-05-03,2017-02-17,2016-11-03,2016-08-03,2016-05-04,2016-02-19,2015-11-05,2015-08-04,2015-05-06,2015-02-27,2014-11-06,2014-08-05,2014-05-07,2014-02-21,2013-11-07,2013-08-06,2013-05-08,2013-02-15,2012-11-07,2012-08-07,2012-05-08,2012-02-21,2011-11-04,2011-08-04,2011-05-06,2011-02-18,2010-11-05,2010-08-05,2010-05-04,2010-02-19,2009-11-06,2009-08-07,2009-05-05,2009-02-20,2008-11-03,2008-07-25,2008-05-02,2008-02-19,2007-11-02,2007-08-03,2007-05-07,2007-02-23,2006-11-07,2006-08-08,2006-05-04,2006-02-22,2005-11-02,2005-08-03,2005-05-06,2005-03-02,2004-11-04,2004-08-06,2004-04-29,2004-02-25,2003-11-10,2003-08-12,2003-05-15,2003-02-19,2002-11-05,2002-08-13,2002-05-02,2002-02-21,2001-11-01,2001-08-14,2001-05-15,2001-02-15,2000-11-13,2000-08-03,2000-05-15,2000-03-14,1999-11-08,1999-08-13,1999-05-14,1999-03-09,1998-11-12,1998-08-14,1998-05-14,1998-03-09,1997-11-13,1997-08-12,1997-05-13,1997-03-11,1996-11-13,1996-08-13,1996-05-15,1996-03-11,1995-11-14,1995-08-10,1995-05-09,1995-03-10,1994-11-10,1994-08-12,1994-05-13,1994-03-03,1993-09-30,1993-06-30,1993-03-31,1992-12-31,1992-09-30,1992-06-30,1992-03-31,1991-12-31,1991-09-30,1991-06-30,1991-03-31,1990-12-31,1990-09-30,1990-06-30,1990-03-31,1989-12-31,1989-09-30,1989-06-30,1989-03-31,1988-12-31,1988-09-30,1988-06-30,1988-03-31,1987-12-31,1987-09-30,1987-06-30,1987-03-31,1986-12-31,1986-09-30,1986-06-30,1986-03-31,1985-12-31,1985-09-30
currency_symbol,USD,USD,USD,USD,USD,USD,USD,USD,USD,USD,USD,USD,USD,USD,USD,USD,USD,USD,USD,USD,USD,USD,USD,USD,USD,USD,USD,USD,USD,USD,USD,USD,USD,USD,USD,USD,USD,USD,USD,USD,USD,USD,USD,USD,USD,USD,USD,USD,USD,USD,USD,USD,USD,USD,USD,USD,USD,USD,USD,USD,USD,USD,USD,USD,USD,USD,USD,USD,USD,USD,USD,USD,USD,USD,USD,USD,USD,USD,USD,USD,USD,USD,USD,USD,USD,USD,USD,USD,USD,USD,USD,USD,USD,USD,USD,USD,USD,USD,USD,USD,USD,USD,USD,USD,USD,USD,USD,USD,USD,USD,USD,USD,USD,USD,USD,USD,USD,USD,USD,USD,USD,USD,USD,USD,USD,USD,USD,USD,USD,USD,USD,USD,USD,USD,USD,USD,USD,USD,USD,USD,USD,USD,USD,USD,USD,USD,USD,USD,USD,USD,USD,USD,USD
totalAssets,72090000000.00,73354000000.00,74438000000.00,74438000000.00,72801000000.00,74202000000.00,74007000000.00,75196000000.00,73795000000.00,73269000000.00,72785000000.00,72548000000.00,69043000000.00,68793000000.00,66712000000.00,67887000000.00,68539000000.00,68427000000.00,67610000000.00,67173000000.00,71637000000.00,68415000000.00,70908000000.00,76250000000.00,72248000000.00,71151000000.00,70887000000.00,52666000000.00,39497000000.00,39831000000.00,39637000000.00,41247000000.00,41725000000.00,44125000000.00,43095000000.00,41275000000.00,42514000000.00,41475000000.00,41662000000.00,42953000000.00,44132477000.00,42903346000.00,42686613000.00,67234944000.00,63257738000.00,61859790000.00,62415801000.00,60276893000.00,59628176000.00,62004241000.00,61651363000.00,59462266000.00,57373620000.00,53381402000.00,53358622000.00,52416623000.00,49846820000.00,47630017000.00,45437597000.00,42419204000.00,41753012000.00,44073719000.00,41177572000.00,39713924000.00,37621909000.00,37153222000.00,36286117000.00,36178172000.00,33299872000.00,34061267000.00,28531500000.00,29141203000.00,28830959000.00,27817213000.00,28857214000.00,28767494000.00,27564226000.00,27686181000.00,28053333000.00,26715342000.00,26154769000.00,25890854000.00,24882580000.00,24259102000.00,23660355000.00,23053101000.00,22765776000.00,23296423000.00,22719399000.00,22122582000.00,21978525000.00,15283254000.00,14980161000.00,14964081000.00,14960923000.00,14471044000.00,13574225000.00,13145098000.00,13316957000.00,13216213000.00,12603034000.00,12684540000.00,12115102000.00,12061068000.00,11575997000.00,11433526000.00,11200394000.00,11125600000.00,10669342000.00,10553874000.00,9312020000.00,9412580000.00,9069882000.00,8990323000.00,8751092000.00,8523724000.00,8356158000.00,8082936000.00,7747416000.00,7688569000.00,7526400000.00,7350900000.00,7136100000.00,6941200000.00,6881300000.00,6510400000.00,6384200000.00,6255300000.00,5868300000.00,5816200000.00,5767300000.00,5563200000.00,5685100000.00,5413400000.00,5173500000.00,4851600000.00,,,,4825100000.00,,,,4385700000.00,,,,3865600000.00,,,,3468400000.00,
intangibleAssets,9282000000.00,9834000000.00,10454000000.00,10454000000.00,10850000000.00,11592000000.00,12225000000.00,12739000000.00,13312000000.00,13681000000.00,14181000000.00,14784000000.00,15208000000.00,15800000000.00,16200000000.00,17025000000.00,17500000000.00,18091000000.00,18472000000.00,18942000000.00,19477000000.00,19951000000.00,20943000000.00,21473000000.00,18578000000.00,18653000000.00,19405000000.00,4539000000.00,4674000000.00,5311000000.00,5458000000.00,5562000000.00,5844000000.00,5785000000.00,5979000000.00,6198000000.00,6094000000.00,5428000000.00,5613000000.00,5735000000.00,5926873000.00,5642826000.00,6057601000.00,8588285000.00,8959751000.00,8983552000.00,9792287000.00,9989636000.00,10793177000.00,11739355000.00,12207800000.00,12151628000.00,12646677000.00,10266399000.00,10663369000.00,6291989000.00,5913066000.00,5996480000.00,6065213000.00,5151106000.00,5683311000.00,6009853000.00,5524952000.00,5720478000.00,5851748000.00,5814378000.00,5999777000.00,6403619000.00,5694118000.00,5896146000.00,4656050000.00,9960894000.00,10084522000.00,10321114000.00,10693557000.00,10856718000.00,10215062000.00,10397818000.00,9106354000.00,8539290000.00,8122661000.00,8295560000.00,7866512000.00,7651781000.00,7731345000.00,7646667000.00,7274823000.00,7294320000.00,5227908000.00,5204647000.00,5533021000.00,1555260000.00,2409451000.00,,,1574851000.00,,,1349822000.00,1349822000.00,,,1112126000.00,1112126000.00,,,979793000.00,979793000.00,,,,,,,,,,,,,,,,,,,,,,,,,,,,,,,,,,,,,,,,,,,,,
earningAssets,,,,,,,,,,,,,,,,,,,,,,,,,,,,,,,,,,,,,,,,,,,,,,,,,,,,,,,,,,,,,,,,,,,,,,,,,,,,,,,,,,,,,,,,,,,,,,,,,,,,,,,,,,,,,,,,,,,,,,,,,,,,,,,,,,,,,,,,,,,,,,,,,,,,,,,,,
otherCurrentAssets,8967000000.00,8479000000.00,8881000000.00,2663000000.00,2796000000.00,2568000000.00,2401000000.00,2346000000.00,8539000000.00,8244000000.00,8058000000.00,1867000000.00,7507000000.00,6982000000.00,7262000000.00,1786000000.00,7392000000.00,7467000000.00,7063000000.00,1568000000.00,12000000.00,17000000.00,20000000.00,1687000000.00,6695000000.00,6545000000.00,6474000000.00,2319000000.00,552000000.00,66000000.00,76000000.00,2013000000.00,139000000.00,93000000.00,173000000.00,4572000000.00,1100000000.00,252000000.00,249000000.00,4470000000.00,538976000.00,533183000.00,537235000.00,4743426000.00,4996752000.00,4968950000.00,4866340000.00,4703246000.00,4805055000.00,4725604000.00,4710078000.00,6493311000.00,6039803000.00,6035538000.00,5937462000.00,3575025000.00,3824023000.00,3766829000.00,3917922000.00,1258554000.00,3366066000.00,3428638000.00,3401225000.00,3323588000.00,3153035000.00,1630363000.00,1554500000.00,2870885000.00,2706006000.00,2495497000.00,101533000.00,129902000.00,138106000.00,232277000.00,233020000.00,247056000.00,218531000.00,233018000.00,2824869000.00,2952178000.00,2963263000.00,2982049000.00,2725586000.00,2786973000.00,2158487000.00,2087912000.00,2103432000.00,2680887000.00,2430700000.00,2395670000.00,2639638000.00,2298741000.00,2241217000.00,2188601000.00,2388770000.00,2145175000.00,1946866000.00,1813300000.00,2015484000.00,1809152000.00,1665416000.00,1663572000.00,1841436000.00,1716972000.00,1534975000.00,1450087000.00,1544295000.00,1410806000.00,1320238000.00,1309583000.00,1262070000.00,1237035000.00,1140831000.00,1160736000.00,1085426000.00,549091000.00,487124000.00,469005000.00,466673000.00,458026000.00,1154600000.00,1159300000.00,1068900000.00,1006900000.00,1037700000.00,921300000.00,869700000.00,864400000.00,823700000.00,805300000.00,684400000.00,579400000.00,750500000.00,714200000.00,569200000.00,500500000.00,,,,377300000.00,,,,295400000.00,,,,258000000.00,,,,215800000.00,
totalLiab,213000000.00,35950000000.00,36562000000.00,37533000000.00,36917000000.00,37486000000.00,38378000000.00,39172000000.00,39157000000.00,39240000000.00,38997000000.00,39545000000.00,37448000000.00,37978000000.00,36350000000.00,36586000000.00,36520000000.00,36533000000.00,36481000000.00,36451000000.00,40739000000.00,37641000000.00,39307000000.00,45152000000.00,40030000000.00,39363000000.00,39340000000.00,31949000000.00,18601000000.00,19036000000.00,18795000000.00,19921000000.00,20506000000.00,20999000000.00,21107000000.00,19636000000.00,19521000000.00,17771000000.00,18173000000.00,17686000000.00,20344546000.00,20475700000.00,20003338000.00,40421712000.00,36153397000.00,37287305000.00,36872367000.00,35750748000.00,34939204000.00,35534538000.00,36931031000.00,36985802000.00,35890896000.00,33386768000.00,32346282000.00,29517894000.00,28472070000.00,27709949000.00,27454457000.00,24939653000.00,22407177000.00,25114917000.00,23198028000.00,21935384000.00,22013749000.00,21819069000.00,21966976000.00,22123986000.00,17666471000.00,18875761000.00,14089355000.00,14725932000.00,14567928000.00,13435302000.00,14679666000.00,14441711000.00,14608882000.00,14860315000.00,14541291000.00,13643084000.00,14289982000.00,13998018000.00,13511173000.00,13594549000.00,13113182000.00,13164305000.00,13319973000.00,14236991000.00,14048334000.00,13564180000.00,13879031000.00,6712348000.00,6666500000.00,6779687000.00,7087356000.00,7043449000.00,6904572000.00,6705827000.00,7254719000.00,7502552000.00,7229142000.00,7374571000.00,6973390000.00,7062391000.00,6733705000.00,6496356000.00,6344226000.00,6305418000.00,5955372000.00,5913378000.00,4746353000.00,5015733000.00,4793775000.00,4747114000.00,4621121000.00,4474324000.00,4397669000.00,4226756000.00,3995658000.00,4013640000.00,3938300000.00,3810900000.00,3696300000.00,3593600000.00,3537400000.00,3159200000.00,3106600000.00,3052300000.00,2856900000.00,2862200000.00,2835900000.00,2729600000.00,2982400000.00,2672500000.00,2427100000.00,2125200000.00,,,,2360500000.00,,,,2292200000.00,,,,2086700000.00,,,,1597700000.00,
totalStockholderEquity,71877000000.00,37174000000.00,74219000000.00,36686000000.00,35675000000.00,36490000000.00,35399000000.00,35802000000.00,34422000000.00,33800000000.00,33562000000.00,32784000000.00,31386000000.00,30578000000.00,30218000000.00,31088000000.00,31817000000.00,31686000000.00,30925000000.00,30524000000.00,30705000000.00,30577000000.00,31399000000.00,30897000000.00,32032000000.00,31602000000.00,31362000000.00,20538000000.00,20776000000.00,20675000000.00,20722000000.00,21211000000.00,21111000000.00,23008000000.00,21874000000.00,21526000000.00,22888000000.00,23602000000.00,23390000000.00,25171000000.00,23696237000.00,22336064000.00,22588186000.00,26720961000.00,27014175000.00,24486960000.00,25453691000.00,24439833000.00,24603800000.00,26378853000.00,24629650000.00,22388135000.00,21403932000.00,19911709000.00,20860099000.00,22855627000.00,21335055000.00,19879112000.00,17943299000.00,17479551000.00,19345835000.00,18958802000.00,17979544000.00,17778540000.00,15608160000.00,15334153000.00,14319141000.00,14054186000.00,15633401000.00,15185506000.00,14442145000.00,14415271000.00,14263031000.00,14381911000.00,14177548000.00,14325783000.00,12955344000.00,12825866000.00,13512042000.00,13072258000.00,11864787000.00,11892836000.00,11371407000.00,10664553000.00,10547173000.00,9888796000.00,9445803000.00,9059432000.00,8671065000.00,8558402000.00,8099494000.00,8570906000.00,8313661000.00,8184394000.00,7873567000.00,7427595000.00,6669653000.00,6439271000.00,6062238000.00,5713661000.00,5373892000.00,5309969000.00,5141712000.00,4998677000.00,4842292000.00,4937170000.00,4856168000.00,4820182000.00,4713970000.00,4640496000.00,4565667000.00,4396847000.00,4276107000.00,4243209000.00,4129971000.00,4049400000.00,3958489000.00,3856180000.00,3751758000.00,3674929000.00,3588100000.00,3540000000.00,3439800000.00,3347600000.00,3343900000.00,3351200000.00,3277600000.00,3203000000.00,3011400000.00,2954000000.00,2931400000.00,2833600000.00,2702700000.00,2740900000.00,2746400000.00,2726400000.00,,,,2464600000.00,,,,2093500000.00,,,,1778900000.00,,,,1870700000.00,
deferredLongTermLiab,,,,,,,,,,,,,,,,,,,,,0.00,0.00,0.00,0.00,0.00,0.00,0.00,0.00,0.00,0.00,0.00,0.00,0.00,0.00,0.00,0.00,0.00,0.00,0.00,0.00,0.00,0.00,0.00,0.00,0.00,0.00,0.00,0.00,0.00,0.00,0.00,0.00,0.00,0.00,0.00,0.00,0.00,0.00,,,,,,,,,,,,,,,,,,,,,,,,,,,,,,,,,,,,,,,,,,,,,,,,,,,,,,,,,,,,,,,,,,,,,,,,,,,,,,,,,,,,,,,,,,,,,,,
otherCurrentLiab,7712000000.00,7582000000.00,8631000000.00,8631000000.00,8115000000.00,7894000000.00,7886000000.00,7943000000.00,7531000000.00,7401000000.00,7165000000.00,7379000000.00,6737000000.00,5964000000.00,5994000000.00,5907000000.00,5937000000.00,5545000000.00,5582000000.00,5525000000.00,5541000000.00,5413000000.00,5585000000.00,5487000000.00,5182000000.00,4723000000.00,4769000000.00,3969000000.00,4495000000.00,4392000000.00,4466000000.00,4545000000.00,4863000000.00,4697000000.00,4688000000.00,4761000000.00,4795000000.00,4648000000.00,4582000000.00,5133000000.00,5234702000.00,5214816000.00,5540519000.00,8437100000.00,9746421000.00,9040625000.00,9514165000.00,9869399000.00,9720547000.00,8312647000.00,8123692000.00,8024186000.00,7370864000.00,6298586000.00,6301954000.00,6137187000.00,5867472000.00,5592825000.00,5620715000.00,915982000.00,549859000.00,5409030000.00,130445000.00,1444730000.00,351068000.00,733512000.00,801925000.00,1523621000.00,33718000.00,26293000.00,440974000.00,1598303000.00,4194929000.00,4123485000.00,3903127000.00,1286541000.00,3844457000.00,3858271000.00,3651436000.00,1167713000.00,4001794000.00,4017081000.00,3126112000.00,989421000.00,3348459000.00,3433632000.00,3358779000.00,1162623000.00,3302138000.00,2648609000.00,3468714000.00,912856000.00,2473383000.00,2352593000.00,2387749000.00,960162000.00,2264833000.00,2356809000.00,2364629000.00,767702000.00,2322201000.00,2492176000.00,2493498000.00,845926000.00,2263473000.00,2139558000.00,2208845000.00,830420000.00,2048253000.00,2049997000.00,2107010000.00,767514000.00,1963794000.00,1951201000.00,2028253000.00,892109000.00,2051021000.00,1798725000.00,1775869000.00,679781000.00,1635200000.00,1575400000.00,1627900000.00,1269000000.00,1383400000.00,1349400000.00,1148900000.00,1162600000.00,1166900000.00,1112400000.00,1103800000.00,986100000.00,933100000.00,841300000.00,797700000.00,773300000.00,,,,946400000.00,,,,880400000.00,,,,711800000.00,,,,665600000.00,
commonStock,24727000000.00,24612000000.00,24709000000.00,24709000000.00,24560000000.00,24429000000.00,24304000000.00,24470000000.00,24285000000.00,24153000000.00,24023000000.00,24145000000.00,24037000000.00,23893000000.00,23731000000.00,23853000000.00,23771000000.00,23665000000.00,23461000000.00,23512000000.00,23428000000.00,23317000000.00,23223000000.00,23206000000.00,23118000000.00,23012000000.00,22886000000.00,13027000000.00,12939000000.00,12835000000.00,12744000000.00,12734000000.00,12641000000.00,12566000000.00,12462000000.00,12383000000.00,12207000000.00,12126000000.00,12032000000.00,12048000000.00,11793440000.00,11730952000.00,11615374000.00,11754552000.00,11418613000.00,10815177000.00,10378070000.00,9817134000000.00,9102857000.00,9005788000.00,8842675000.00,8744703000000.00,8624344000.00,8504865000.00,8413595000.00,8257873000000.00,8005560000.00,7927426000.00,7853114000.00,7444411000.00,7309276000.00,6745205000.00,6526510000.00,39500000.00,5791746000.00,5546647000.00,5195018000.00,39500000.00,4131244000000.00,3791827000.00,3666015000.00,3523766000.00,3515086000.00,3473771000.00,3329273000.00,3239575000.00,3164832000.00,3133990000.00,3076131000.00,3034054000.00,2997861000.00,2967351000.00,2912860000.00,2891266000.00,2865894000.00,2856073000.00,2794634000.00,2643443000.00,2535311000.00,2454375000.00,2314811000.00,2218234000.00,2136242000.00,2074238000.00,2001434000.00,1939673000.00,1516933000.00,1468693000.00,1364070000.00,1231079000.00,1114445000.00,1053943000.00,997593000.00,907106000.00,802682000.00,783063000.00,741200000.00,694380000.00,659274000.00,628216000.00,608933000.00,581562000.00,568005000.00,546974000.00,524913000.00,505170000.00,500539000.00,492165000.00,480310000.00,469828000.00,,,,,,,,,,,,,,,,,,,,,,,,,,,,,,,,,
capitalStock,,24612000000.00,24488000000.00,24709000000.00,24560000000.00,24429000000.00,24304000000.00,24470000000.00,24285000000.00,24153000000.00,,,,,,,,,,,,,,,,,,,,,,,,,,,,,,,,,,,,,,,,,,,,,,,,,,,,,,,,,,,,,,,,,,,,,,,,,,,,,,,,,,,,,,,,,,,,,,,,,,,,,,,,,,,,,,,,,,,,,,,,,,,,,,,,,,,,,,,,,,,,,,,
retainedEarnings,36920000000.00,36355000000.00,35868000000.00,35257000000.00,35115000000.00,34487000000.00,33295000000.00,31528000000.00,30376000000.00,29053000000.00,28669000000.00,27627000000.00,26266000000.00,25669000000.00,25786000000.00,25847000000.00,25440000000.00,25045000000.00,24613000000.00,24560000000.00,24144000000.00,24080000000.00,23856000000.00,23978000000.00,25320000000.00,25202000000.00,25387000000.00,25565000000.00,25162000000.00,25884000000.00,25654000000.00,25757000000.00,25375000000.00,25162000000.00,24740000000.00,22874000000.00,22335000000.00,22137000000.00,22005000000.00,21979000000.00,21668078000.00,20318892000.00,20062483000.00,24150996000.00,23326756000.00,22227912000.00,21314465000.00,20907362000.00,20052443000.00,20509111000.00,19323753000.00,18927101000.00,18181133000.00,17978462000.00,17367857000.00,17054027000.00,16152254000.00,15296662000.00,14629154000.00,13825383000.00,12453610000.00,11963641000.00,11200647000.00,10805809000.00,10125216000.00,9949525000.00,9532954000.00,9568728000.00,10506243000.00,10270234000.00,10109898000.00,10404568000.00,10330476000.00,10284544000.00,9852654000.00,10033440000.00,9483232000.00,9281618000.00,9824818000.00,9691484000.00,9139985000.00,8766141000.00,8920532000.00,8601386000.00,8347523000.00,7996151000.00,7783047000.00,7281395000.00,7047078000.00,7110546000.00,6643168000.00,7229586000.00,6990462000.00,6879490000.00,6566506000.00,6174007000.00,5815966000.00,5408876000.00,5094196000.00,4554648000.00,4643640000.00,4614804000.00,4507409000.00,4427997000.00,4365629000.00,4418199000.00,4372548000.00,4262804000.00,4174554000.00,4158481000.00,4074555000.00,3926917000.00,3822581000.00,3762687000.00,3715003000.00,3652434000.00,3552056000.00,3491873000.00,3422903000.00,3364952000.00,3257900000.00,3180400000.00,3098200000.00,2990700000.00,2918700000.00,2986300000.00,2934500000.00,2867900000.00,2736900000.00,2680900000.00,2607800000.00,2528000000.00,2429500000.00,2508000000.00,2517400000.00,2532800000.00,,,,2266000000.00,,,,1926800000.00,,,,1702500000.00,,,,1844200000.00,
otherLiab,,,,,8089000000.00,8258000000.00,8611000000.00,7815000000.00,8844000000.00,9079000000.00,9046000000.00,8209000000.00,8842000000.00,8835000000.00,8738000000.00,8307000000.00,7688000000.00,7819000000.00,7811000000.00,8080000000.00,8407000000.00,8637000000.00,9143000000.00,7024000000.00,8785000000.00,8750000000.00,8930000000.00,4252000000.00,4305000000.00,4347000000.00,4425000000.00,4056000000.00,5953000000.00,5952000000.00,5970000000.00,4836000000.00,4979000000.00,4515000000.00,4600000000.00,4325000000.00,5609812000.00,6145327000.00,6130436000.00,8346234000.00,7812779000.00,8162746000.00,8224939000.00,8230698000.00,6428476000.00,7066849000.00,7175682000.00,7199851000.00,7396344000.00,6084853000.00,6284148000.00,5202111000.00,4371007000.00,4296050000.00,4008233000.00,4634418000.00,3582575000.00,3523801000.00,3384725000.00,3344317000.00,3252771000.00,3202847000.00,3120701000.00,3163127000.00,2724271000.00,3006882000.00,2777039000.00,2155837000.00,2760244000.00,2632198000.00,2613853000.00,2828133000.00,2584955000.00,2549580000.00,2630067000.00,2551220000.00,2342535000.00,2348456000.00,2297112000.00,2318374000.00,1940027000.00,1895220000.00,2043603000.00,1974681000.00,1932470000.00,1845041000.00,1913837000.00,1338440000.00,1306079000.00,1265005000.00,1259965000.00,,,,,,,,,,,,,,,,,,,,,,,,,,,,,,,,,,,,,,,,,,,,,,,,,,,,,,,,,,
goodWill,23277000000.00,23258000000.00,22799000000.00,22799000000.00,22284000000.00,22744000000.00,23179000000.00,23231000000.00,23299000000.00,23485000000.00,23384000000.00,23744000000.00,23338000000.00,23082000000.00,22927000000.00,23195000000.00,23046000000.00,23329000000.00,23209000000.00,23254000000.00,23416000000.00,23844000000.00,24227000000.00,24020000000.00,22066000000.00,22132000000.00,21353000000.00,7683000000.00,7812000000.00,9752000000.00,9775000000.00,9638000000.00,9750000000.00,9896000000.00,9855000000.00,10067000000.00,10048000000.00,9751000000.00,9781000000.00,9772000000.00,9724128000.00,9357505000.00,9424657000.00,15774127000.00,15708924000.00,15356921000.00,15903365000.00,15705380000.00,16231185000.00,16757172000.00,16629027000.00,15930077000.00,15807536000.00,14218098000.00,15007686000.00,13200174000.00,12538941000.00,12217882000.00,11648675000.00,9987361000.00,10730692000.00,10791052000.00,10293626000.00,10128841000.00,9671018000.00,9347839000.00,9234655000.00,9449281000.00,7434238000.00,7624088000.00,5258986000.00,5219247000.00,5406266000.00,5474357000.00,5642488000.00,5685124000.00,5216582000.00,5263615000.00,4719306000.00,4449408000.00,4224335000.00,4420037000.00,4032104000.00,3732533000.00,3711069000000.00,3539591000.00,3240160000000.00,,,,,,,,,,,,,,,,,,,,,,,,,,,,,,,,,,,,,,,,,,,,,,,,,,,,,,,,,,,,,,,,,,
otherAssets,6527000000.00,6509000000.00,6426000000.00,6033000000.00,5369000000.00,5661000000.00,5860000000.00,5212000000.00,4302000000.00,4100000000.00,3739000000.00,2784000000.00,3788000000.00,3656000000.00,3463000000.00,2443000000.00,2585000000.00,2286000000.00,2522000000.00,2192000000.00,2479000000.00,2466000000.00,48285000000.00,48496000000.00,43652000000.00,43882000000.00,44293000000.00,20185000000.00,20785000000.00,21017000000.00,21395000000.00,21362000000.00,20034000000.00,17256000000.00,17411000000.00,20079000000.00,20178000000.00,17282000000.00,17783000000.00,17801000000.00,18541159000.00,17303573000.00,17798253000.00,27849314000.00,28032846000.00,27771026000.00,28858413000.00,28634164000.00,28556300000.00,29743613000.00,29926036000.00,29173781000.00,29986413000.00,25590487000.00,27607830000.00,21483243000.00,20908579000.00,20553338000.00,20119270000.00,18157479000.00,18885558000.00,19324667000.00,18445128000.00,18153042000.00,17552014000.00,18989706000.00,19085705000.00,17949854000.00,16363556000.00,17365810000.00,11869755000.00,11752034000.00,11856945000.00,12135874000.00,12426424000.00,12025135000.00,11650618000.00,11569362000.00,10651504000.00,10143121000.00,9793576000.00,10051092000.00,9525207000.00,9309208000.00,9462609000.00,9431510000.00,9220121000.00,9325687000.00,9009463000.00,8848479000.00,8369983000.00,3090102000.00,3268288000.00,3295275000.00,3452004000.00,,,,,,,,,,,,,,,,,,,,,,,,,,,,,,,,,,,,,,,,,,,,,,,,,,,,,,,,,,
cash,6709000000.00,7835000000.00,9882000000.00,9882000000.00,9594000000.00,8937000000.00,7675000000.00,9799000000.00,9302000000.00,8658000000.00,8054000000.00,6838000000.00,4480000000.00,4763000000.00,3377000000.00,3860000000.00,4091000000.00,3137000000.00,3022000000.00,3844000000.00,7369000000.00,3065000000.00,3857000000.00,9407000000.00,11012000000.00,9675000000.00,8706000000.00,18620000000.00,2500000000.00,2578000000.00,3334000000.00,5001000000.00,3132000000.00,4048000000.00,3226000000.00,4063000000.00,3613000000.00,3570000000.00,2060000000.00,3475000000.00,2882454000.00,5572254000.00,4373120000.00,10802163000.00,7996948000.00,7052776000.00,4345910000.00,6812820000.00,5049299000.00,4077018000.00,2740156000.00,3648371000.00,3818145000.00,4321702000.00,1566820000.00,8809339000.00,4875915000.00,4204304000.00,4874795000.00,4112022000.00,2810343000.00,3796586000.00,2709951000.00,2456384000.00,1910831000.00,1538931000.00,682348000.00,521192000.00,526370000.00,790902000.00,2343096000.00,2893687000.00,2845007000.00,1447214000.00,1703387000.00,1225628000.00,810891000.00,1231573000.00,1123984000.00,995124000.00,1681937000.00,1078907000.00,1020484000.00,704450000.00,742648000.00,482137000.00,944983000.00,657378000.00,594153000.00,664747000.00,492190000.00,914218000.00,878115000.00,840149000.00,680894000.00,608097000.00,531070000.00,345781000.00,351762000.00,308230000.00,223470000.00,251768000.00,225544000.00,230024000.00,129404000.00,126521000.00,134093000.00,110209000.00,139896000.00,111482000.00,87922000.00,281197000.00,320799000.00,254395000.00,184210000.00,290272000.00,222031000.00,180596000.00,171063000.00,300676000.00,137800000.00,29500000.00,51500000.00,116600000.00,27200000.00,38400000.00,22500000.00,60400000.00,49500000.00,57700000.00,54300000.00,34000000.00,117500000.00,36100000.00,76600000.00,13600000.00,,,,582600000.00,,,,519900000.00,,,,481600000.00,,,,437500000.00,
cashAndEquivalents,6709000000.00,7835000000.00,9161000000.00,9882000000.00,9594000000.00,8937000000.00,7675000000.00,9799000000.00,9302000000.00,8658000000.00,,,,,,,,,,,,,,,,,,,,,,,,,,,,,,,,,,,,,,,,,,,,,,,,,,,,,,,,,,,,,,,,,,,,,,,,,,,,,,,,,,,,,,,,,,,,,,,,,,,,,,,,,,,,,,,,,,,,,,,,,,,,,,,,,,,,,,,,,,,,,,,
totalCurrentLiabilities,13042000000.00,14350000000.00,15489000000.00,15489000000.00,13365000000.00,12392000000.00,12647000000.00,13105000000.00,12867000000.00,12614000000.00,12462000000.00,11907000000.00,10257000000.00,10959000000.00,10808000000.00,10863000000.00,10491000000.00,9062000000.00,9113000000.00,9012000000.00,12776000000.00,8951000000.00,9010000000.00,8912000000.00,7935000000.00,6803000000.00,6646000000.00,6660000000.00,8321000000.00,8673000000.00,8393000000.00,9186000000.00,8755000000.00,9185000000.00,9206000000.00,10532000000.00,10823000000.00,9853000000.00,10186000000.00,9507000000.00,11331665000.00,10919614000.00,10406326000.00,13280176000.00,16285978000.00,17120467000.00,16785923000.00,15480228000.00,15413961000.00,15839928000.00,17225103000.00,17262434000.00,15583871000.00,14689260000.00,15183485000.00,13049489000.00,12524507000.00,12042381000.00,11770271000.00,11591908000.00,9559439000.00,12016550000.00,10770445000.00,9103278000.00,12283059000.00,12010217000.00,12305106000.00,11951195000.00,7434001000.00,7694184000.00,7160540000.00,7415514000.00,8758515000.00,6083031000.00,7367978000.00,6825644000.00,7295457000.00,7624023000.00,6953971000.00,7639535000.00,8039133000.00,7333157000.00,6944333000.00,7002202000.00,6717208000.00,6868299000.00,6952070000.00,7926817000.00,7781761000.00,7408395000.00,10888822000.00,4297540000.00,4284105000.00,4188266000.00,4500645000.00,4516711000.00,4329007000.00,4170418000.00,4709195000.00,4962126000.00,4664512000.00,5000120000.00,4726575000.00,5034468000.00,4721152000.00,4513758000.00,4377610000.00,4343717000.00,4287888000.00,4526824000.00,3491495000.00,3790314000.00,3566919000.00,3535061000.00,3590608000.00,3475866000.00,3407765000.00,3268995000.00,3054130000.00,3094933000.00,3116200000.00,3064100000.00,3002100000.00,2782500000.00,2683800000.00,2318200000.00,2254100000.00,2229300000.00,2063400000.00,2070000000.00,2041500000.00,2001100000.00,2181500000.00,1896800000.00,1656000000.00,1383600000.00,,,,1439700000.00,,,,1486800000.00,,,,1303500000.00,,,,788500000.00,
currentDeferredRevenue,318000000.00,273000000.00,,,,,,,368000000.00,242000000.00,276000000.00,362000000.00,117000000.00,165000000.00,165000000.00,226000000.00,67000000.00,83000000.00,277000000.00,305000000.00,231000000.00,188000000.00,212000000.00,309000000.00,180000000.00,192000000.00,186000000.00,188000000.00,240000000.00,232000000.00,261000000.00,430000000.00,483000000.00,589000000.00,534000000.00,270000000.00,481000000.00,181000000.00,152000000.00,175000000.00,228175000.00,138772000.00,141978000.00,655424000.00,709364000.00,477459000.00,759361000.00,514947000.00,466855000.00,487376000.00,1272280000.00,1307723000.00,874915000.00,906674000.00,769488000.00,442140000.00,1184353000.00,932321000.00,926513000.00,6592515000.00,5689270000.00,,5232601000.00,3713104000.00,5013204000.00,4494364000.00,4580195000.00,3850723000.00,4467810000.00,4379182000.00,3647906000.00,2722685000.00,,,,2491956000.00,,,,2180098000.00,,,,2202477000.00,,,,2285644000.00,,,,1549245000.00,,,,1433424000.00,,,,1378707000.00,,,,1406132000.00,,,,1206552000.00,,,,1217016000.00,,,,1140154000.00,,,,933049000.00,,,,,,,,,,,,,,,,,,,,,,,,,,,,,,,,,
netDebt,8819000000.00,9011000000.00,6891000000.00,7834000000.00,6820000000.00,7823000000.00,9415000000.00,9207000000.00,9095000000.00,9843000000.00,10390000000.00,12811000000.00,14083000000.00,14916000000.00,14895000000.00,15034000000.00,15006000000.00,16057000000.00,16032000000.00,15722000000.00,16189000000.00,17605000000.00,18034000000.00,18517000000.00,13013000000.00,14356000000.00,15268000000.00,3386000000.00,6010000000.00,6334000000.00,5256000000.00,4000000000.00,5223000000.00,4713000000.00,5677000000.00,3782000000.00,4688000000.00,3795000000.00,5705000000.00,3086000000.00,5380491000.00,2362283000.00,2729306000.00,9673801000.00,8282683000.00,11034239000.00,12301030000.00,8601757000.00,11672029000.00,14142093000.00,16042053000.00,15269912000.00,14898908000.00,14159347000.00,15760349000.00,7646575000.00,10778371000.00,11499044000.00,10839440000.00,7333280000.00,8551282000.00,10089121000.00,10512063000.00,9757320000.00,10331479000.00,10787916000.00,11794293000.00,11889733000.00,8918962000.00,9635571000.00,3949519000.00,3739827000.00,3737392000.00,4289805000.00,5472656000.00,5554989000.00,5770778000.00,5735262000.00,5560864000.00,4994562000.00,4945520000.00,5065618000.00,5449033000.00,5718177000.00,6194246000.00,6309558000.00,5955419000.00,6631450000.00,6660216000.00,6888088000.00,6551002000.00,641604000.00,745223000.00,841861000.00,1554969000.00,1624963000.00,1678146000.00,1974646000.00,2274156000.00,2790540000.00,2537345000.00,2464944000.00,2204664000.00,2489311000.00,2447875000.00,2267298000.00,1999046000.00,2206416000.00,1993813000.00,1992492000.00,1021139000.00,1203864000.00,1051691000.00,1010929000.00,984886000.00,769322000.00,850154000.00,872477000.00,811224000.00,849758000.00,942100000.00,1082300000.00,929500000.00,909700000.00,925400000.00,600500000.00,772800000.00,609000000.00,615700000.00,661800000.00,661500000.00,764600000.00,954600000.00,847300000.00,608800000.00,433600000.00,,,,260000000.00,,,,357500000.00,,,,407500000.00,,,,128400000.00,
shortTermDebt,1051000000.00,2284000000.00,2251000000.00,2251000000.00,1117000000.00,5000000.00,4000000.00,754000000.00,951000000.00,954000000.00,955000000.00,220000000.00,214000000.00,1495000000.00,1468000000.00,1478000000.00,1458000000.00,212000000.00,209000000.00,207000000.00,4274000000.00,847000000.00,737000000.00,714000000.00,715000000.00,221000000.00,210000000.00,1325000000.00,2535000000.00,2896000000.00,2613000000.00,3130000000.00,2402000000.00,2899000000.00,2972000000.00,4437000000.00,4582000000.00,3962000000.00,4378000000.00,3173000000.00,4859876000.00,4523778000.00,3635850000.00,2390662000.00,4224991000.00,6082923000.00,4785435000.00,3374755000.00,3624561000.00,5591350000.00,6251963000.00,6394766000.00,5806372000.00,5868394000.00,6448520000.00,5189620000.00,4077730000.00,4331830000.00,4038282000.00,2731975000.00,2096462000.00,5427123000.00,4179156000.00,2725915000.00,5764391000.00,5720842000.00,5935472000.00,5401261000.00,1937133000.00,2251778000.00,2140839000.00,2062010000.00,3533230000.00,1016946000.00,2478208000.00,1992683000.00,1853199000.00,2280123000.00,1727595000.00,2537357000.00,2719143000.00,1828120000.00,2199789000.00,2148654000.00,2480947000.00,2390909000.00,2576102000.00,2953335000.00,2920266000.00,3242091000.00,5966820000.00,479454000.00,547022000.00,355594000.00,909117000.00,896271000.00,872791000.00,982861000.00,1286394000.00,1759076000.00,1419970000.00,1575454000.00,1290488000.00,1781352000.00,1637794000.00,1462764000.00,1201912000.00,1383727000.00,1451543000.00,1670537000.00,675337000.00,1049863000.00,937193000.00,829594000.00,883548000.00,772503000.00,764265000.00,745798000.00,675432000.00,843594000.00,971400000.00,1003100000.00,872600000.00,916300000.00,857400000.00,531500000.00,672500000.00,544300000.00,533000000.00,584800000.00,582600000.00,663800000.00,935000000.00,745200000.00,536300000.00,300500000.00,,,,493300000.00,,,,606400000.00,,,,591700000.00,,,,122900000.00,
shortLongTermDebt,,2284000000.00,2285000000.00,2251000000.00,1117000000.00,5000000.00,4000000.00,754000000.00,951000000.00,954000000.00,955000000.00,220000000.00,214000000.00,1495000000.00,1468000000.00,1478000000.00,1458000000.00,212000000.00,209000000.00,7000000.00,4063000000.00,506000000.00,507000000.00,508000000.00,24078000000.00,24090000000.00,210000000.00,457000000.00,2535000000.00,2896000000.00,2613000000.00,442000000.00,,,,500000000.00,,,,,,,,,,,,,,,,,,,,,,,,,,,,,,,,,,,,,,,,,,,,,,,,,,,,,,,,,,,,,,,,,,,,,,,,,,,,,,,,,,,,,,,,,,,,,,,,,,,,,,,,,,,,,,,,,,,,,
shortLongTermDebtTotal,15528000000.00,16846000000.00,16773000000.00,17716000000.00,16414000000.00,16760000000.00,17090000000.00,19006000000.00,18397000000.00,18501000000.00,18444000000.00,19649000000.00,18563000000.00,19679000000.00,18272000000.00,18894000000.00,19097000000.00,19194000000.00,19054000000.00,19566000000.00,23558000000.00,20670000000.00,21891000000.00,27924000000.00,24025000000.00,24031000000.00,23974000000.00,22006000000.00,8510000000.00,8912000000.00,8590000000.00,9001000000.00,8355000000.00,8761000000.00,8903000000.00,7845000000.00,8301000000.00,7365000000.00,7765000000.00,6561000000.00,8262945000.00,7934537000.00,7102426000.00,20475964000.00,16279631000.00,18087015000.00,16646940000.00,15414577000.00,16721328000.00,18219111000.00,18782209000.00,18918283000.00,18717053000.00,18481049000.00,17327169000.00,16455914000.00,15654286000.00,15703348000.00,15714235000.00,11445302000.00,11361625000.00,13885707000.00,13222014000.00,12213704000.00,12242310000.00,12326847000.00,12476641000.00,12410925000.00,9445332000.00,10426473000.00,6292615000.00,6633514000.00,6582399000.00,5737019000.00,7176043000.00,6780617000.00,6581669000.00,6966835000.00,6684848000.00,5989686000.00,6627457000.00,6144525000.00,6469517000.00,6422627000.00,6936894000.00,6791695000.00,6900402000.00,7288828000.00,7254369000.00,7552835000.00,7043192000.00,1555822000.00,1623338000.00,1682010000.00,2235863000.00,2233060000.00,2209216000.00,2320427000.00,2625918000.00,3098770000.00,2760815000.00,2716712000.00,2430208000.00,2719335000.00,2577279000.00,2393819000.00,2133139000.00,2316625000.00,2133709000.00,2103974000.00,1109061000.00,1485061000.00,1372490000.00,1265324000.00,1169096000.00,1059594000.00,1072185000.00,1053073000.00,982287000.00,1150434000.00,1079900000.00,1111800000.00,981000000.00,1026300000.00,952600000.00,638900000.00,795300000.00,669400000.00,665200000.00,719500000.00,715800000.00,798600000.00,1072100000.00,883400000.00,685400000.00,447200000.00,,,,842600000.00,,,,877400000.00,,,,889100000.00,,,,565900000.00,
otherStockholderEquity,55630000000.00,-15722000000.00,21693000000.00,-15229000000.00,-14555000000.00,-13720000000.00,-13726000000.00,-11822000000.00,-10999000000.00,-10340000000.00,-9845000000.00,-10042000000.00,-9873000000.00,-9904000000.00,-9913000000.00,-10147000000.00,-9631000000.00,-9659000000.00,-9679000000.00,-9962000000.00,-9858000000.00,-9907000000.00,-9947000000.00,-10225000000.00,-10290000000.00,-10362000000.00,-10379000000.00,-10791000000.00,-10792000000.00,-10821000000.00,-10825000000.00,-10622000000.00,-9694000000.00,-9716000000.00,-9721000000.00,-8678000000.00,-8679000000.00,-8709000000.00,-8713000000.00,-6844000000.00,-6808771000.00,-6487355000.00,-6194998000.00,-5590909000.00,6443334000.00,-5012598000.00,-4297725000.00,6129656000.00,16361220000.00,16795281000.00,15604926000.00,4827880000.00,14262823000.00,4562677000.00,4467913000.00,4947526000.00,4683833000.00,4589066000.00,4509086000.00,4818007000.00,5068991000.00,4494512000.00,4524695000.00,4890968000.00,4578391000.00,4517632000.00,4165462000.00,4095692000.00,3935853000.00,-195406000.00,-196295000.00,-212255000.00,-213029000.00,-213156000.00,-214155000.00,-220854000.00,-222098000.00,-222828000.00,-223192000.00,-229696000.00,-229927000.00,-231022000.00,-231523000.00,-231845000.00,5595711000.00,5024921000.00,4592686000.00,4808452000.00,5398714000.00,4953323000.00,4619654000.00,4434073000.00,4426574000.00,4398794000.00,4415855000.00,4341423000.00,4274293000.00,4361404000.00,4318436000.00,4585327000.00,4171169000.00,4094068000.00,3950666000.00,3884040000.00,3827934000.00,3803076000.00,3674468000.00,3771738000.00,3719780000.00,3562997000.00,3503310000.00,3401272000.00,3324287000.00,3324665000.00,3137032000.00,3024550000.00,2987016000.00,2810673000.00,2672451000.00,2550304000.00,2996500000.00,2952000000.00,2822300000.00,2754800000.00,2868900000.00,2672400000.00,2558600000.00,2458200000.00,2322800000.00,2245700000.00,2294700000.00,2187400000.00,2075300000.00,1929800000.00,1861100000.00,1730200000.00,,,,1535700000.00,,,,1284700000.00,,,,958200000.00,,,,733600000.00,
propertyPlantEquipment,9552000000.00,9449000000.00,9282000000.00,9162000000.00,8689000000.00,8818000000.00,8908000000.00,8959000000.00,8831000000.00,8816000000.00,8832000000.00,9029000000.00,8620000000.00,8343000000.00,7907000000.00,8038000000.00,8706000000.00,8675000000.00,7626000000.00,7563000000.00,7448000000.00,7432000000.00,7659000000.00,7607000000.00,7219000000.00,7286000000.00,7265000000.00,5705000000.00,5734000000.00,5826000000.00,5836000000.00,5730000000.00,5797000000.00,5738000000.00,5699000000.00,5935000000.00,5872000000.00,5935000000.00,5948000000.00,5905000000.00,5842369000.00,5768649000.00,5791492000.00,8063047000.00,7960648000.00,7831272000.00,7955257000.00,7873955000.00,7977460000.00,8128450000.00,8078195000.00,7970956000.00,7939787000.00,7875608000.00,8060114000.00,7619489000.00,7522399000.00,7448303000.00,7310433000.00,7219166000.00,7640721000.00,7791884000.00,7620704000.00,7518149000.00,7231699000.00,5824607000.00,5696195000.00,6946435000.00,6865738000.00,6797672000.00,6052913000.00,6003141000.00,5985335000.00,6018090000.00,6079667000.00,6007874000.00,5697605000.00,5613859000.00,6459007000.00,6281806000.00,6100315000.00,6124966000.00,5925927000.00,5828122000.00,5713597000.00,5611546000.00,5470134000.00,5551547000.00,5539035000.00,5310531000.00,5417172000.00,4816911000.00,4740584000.00,4770770000.00,4781013000.00,,,,,,,,,,,,,,,,,,,,,,,,,,,,,,,,,,,,,,,,,,,,,,,,,,,,,,,,,,
totalCurrentAssets,22664000000.00,23505000000.00,25224000000.00,25224000000.00,24845000000.00,24956000000.00,23429000000.00,24239000000.00,23492000000.00,22627000000.00,21817000000.00,20441000000.00,17390000000.00,17221000000.00,15498000000.00,15667000000.00,16119000000.00,15195000000.00,14409000000.00,14632000000.00,18196000000.00,14122000000.00,14964000000.00,20147000000.00,21377000000.00,19983000000.00,19329000000.00,26776000000.00,12978000000.00,12988000000.00,12406000000.00,14155000000.00,15894000000.00,21131000000.00,19985000000.00,15261000000.00,16464000000.00,18258000000.00,17931000000.00,19247000000.00,19748949000.00,19831124000.00,19096868000.00,31322583000.00,27264244000.00,26257492000.00,25602131000.00,23768774000.00,23094416000.00,24132178000.00,23647132000.00,22317529000.00,19447420000.00,19915307000.00,17690678000.00,23313891000.00,21415842000.00,19628376000.00,18007894000.00,17042559000.00,15226733000.00,16957168000.00,15111740000.00,14042733000.00,12838196000.00,12338909000.00,11504217000.00,11281883000.00,10070578000.00,9897785000.00,10608832000.00,11386028000.00,10988679000.00,9663249000.00,10351123000.00,10734485000.00,10216003000.00,10502960000.00,10942822000.00,10290415000.00,10260878000.00,9714796000.00,9431446000.00,9121772000.00,8484149000.00,8010045000.00,8075521000.00,8419189000.00,8170901000.00,7963572000.00,8191370000.00,7376241000.00,6971289000.00,6898036000.00,6727906000.00,6419754000.00,5878049000.00,5547186000.00,5771299000.00,5553136000.00,5066210000.00,5175198000.00,5181804000.00,5038208000.00,4653093000.00,4587932000.00,4627438000.00,4480902000.00,4273851000.00,4326405000.00,4113266000.00,4226711000.00,4077499000.00,4040131000.00,3889835000.00,3876328000.00,3860280000.00,3721844000.00,3520484000.00,3585535000.00,3544700000.00,3451900000.00,3353700000.00,3231700000.00,3294500000.00,3028600000.00,2931000000.00,2891100000.00,2717200000.00,2731100000.00,2681900000.00,2461200000.00,2694100000.00,2503900000.00,2318700000.00,2102800000.00,,,,2353000000.00,,,,2155500000.00,,,,1888900000.00,,,,1680400000.00,
longTermInvestments,,799000000.00,776000000.00,766000000.00,764000000.00,734000000.00,763000000.00,816000000.00,812000000.00,805000000.00,832000000.00,821000000.00,803000000.00,776000000.00,790000000.00,883000000.00,874000000.00,851000000.00,867000000.00,897000000.00,971000000.00,940000000.00,913000000.00,883000000.00,1386000000.00,1545000000.00,1756000000.00,2947000000.00,2997000000.00,3339000000.00,3552000000.00,4041000000.00,3055000000.00,243000000.00,244000000.00,229000000.00,221000000.00,130000000.00,122000000.00,119000000.00,142527000.00,154268000.00,146076000.00,273595000.00,380383000.00,389901000.00,374746000.00,378225000.00,392788000.00,451928000.00,390122000.00,302049000.00,255153000.00,251240000.00,1120483000.00,1132866000.00,1110767000.00,,,,,,,,,,,,,,,,,,,,,,,,,,,,,,,,,,,,,,,,,,,,,,,,,,,,,,,,,,,,,,,,,,,,,,,,,,,,,,,,,,,,,,,,,,,,,,,,
netTangibleAssets,,11120000000.00,11494000000.00,10955000000.00,2154000000.00,-5000000.00,8640000000.00,-2189000000.00,-3366000000.00,-4003000000.00,5043000000.00,3367000000.00,1682000000.00,548000000.00,-236000000.00,-70000000.00,-8694000000.00,-9734000000.00,-2233000000.00,-3592000000.00,-3509000000.00,-4351000000.00,-4628000000.00,-14596000000.00,173000000.00,-433000000.00,-466000000.00,8316000000.00,8290000000.00,5612000000.00,5489000000.00,6011000000.00,5517000000.00,7327000000.00,6040000000.00,5261000000.00,6746000000.00,8423000000.00,7996000000.00,9664000000.00,8045236000.00,7335733000.00,7105928000.00,2358549000.00,2345500000.00,146487000.00,-241961000.00,-1255183000.00,-2420562000.00,-2117674000.00,-4207177000.00,-5693570000.00,-7050281000.00,-4572788000.00,-4810956000.00,3363464000.00,2883048000.00,19879112000.00,,,,,,,,,,,,,,,,,,,,,,,,,,,,,,,,,,,,,,,,,,,,,,,,,,,,,,,,,,,,,,,,,,,,,,,,,,,,,,,,,,,,,,,,,,,,,,,
shortTermInvestments,338000000.00,320000000.00,288000000.00,288000000.00,313000000.00,353000000.00,483000000.00,450000000.00,390000000.00,286000000.00,318000000.00,310000000.00,251000000.00,274000000.00,291000000.00,280000000.00,244000000.00,239000000.00,239000000.00,242000000.00,181000000.00,199000000.00,185000000.00,203000000.00,187000000.00,160000000.00,154000000.00,155000000.00,2007000000.00,1860000000.00,623000000.00,1124000000.00,3007000000.00,7129000000.00,6623000000.00,397000000.00,1264000000.00,3492000000.00,4987000000.00,4623000000.00,5723030000.00,3821338000.00,4144193000.00,4371821000.00,3507574000.00,3949362000.00,5180651000.00,1284539000.00,2927203000.00,4816481000.00,5635683000.00,1803079000.00,31806000.00,51076000.00,255253000.00,1122709000.00,3819237000.00,2683639000.00,828982000.00,967603000.00,956127000.00,1381688000.00,926648000.00,364443000.00,638119000.00,698143000.00,959531000.00,852243000.00,524764000.00,305938000.00,61566000.00,62406000.00,82651000.00,87488000.00,111132000.00,833334000.00,1100402000.00,1191774000.00,929883000.00,291297000.00,71414000.00,94881000.00,268538000.00,261677000.00,271212000.00,221009000.00,48896000.00,56162000.00,196791000.00,220076000.00,266000000.00,242500000.00,89526000.00,144102000.00,94453000.00,115199000.00,99310000.00,55969000.00,45051000.00,75087000.00,50563000.00,71241000.00,69401000.00,28986000.00,36180000.00,18669000.00,18138000.00,12875000.00,39274000.00,66189000.00,44035000.00,34500000.00,93872000.00,56463000.00,65842000.00,25056000.00,96656000.00,68477000.00,36543000.00,78149000.00,,,,,,,,,,,,,,,,,,,,,,,,,,,,,,,,,
netReceivables,6499000000.00,8479000000.00,8172000000.00,8881000000.00,6408000000.00,7199000000.00,7179000000.00,6487000000.00,8539000000.00,8244000000.00,8058000000.00,6414000000.00,7507000000.00,6982000000.00,7262000000.00,5425000000.00,7392000000.00,7467000000.00,7063000000.00,5182000000.00,6853000000.00,7127000000.00,7076000000.00,5249000000.00,6695000000.00,6545000000.00,6474000000.00,3248000000.00,5306000000.00,5671000000.00,5587000000.00,3418000000.00,6983000000.00,7126000000.00,7340000000.00,3586000000.00,7791000000.00,8121000000.00,7860000000.00,3986000000.00,7800419000.00,7179170000.00,7332070000.00,7612860000.00,6948714000.00,6767952000.00,7659882000.00,7683920000.00,7043542000.00,7038069000.00,7160219000.00,7184034000.00,6248908000.00,6338350000.00,6520222000.00,6541941000.00,5474987000.00,5452765000.00,5227102000.00,5465660000.00,4994075000.00,5189052000.00,4998280000.00,4946876000.00,4211457000.00,3395031000.00,3278283000.00,4231142000.00,3577729000.00,3673178000.00,3342637000.00,3576794000.00,3203038000.00,3345248000.00,3537511000.00,3696115000.00,2945894000.00,2861185000.00,3200593000.00,3313377000.00,2882025000.00,2834176000.00,2763198000.00,2927370000.00,2865699000.00,2826996000.00,2644357000.00,2812727000.00,2688536000.00,2490833000.00,2553814000.00,2179451000.00,2029970000.00,2040877000.00,1941480000.00,2055839000.00,1883498000.00,1909378000.00,1983431000.00,1950058000.00,1732647000.00,1759497000.00,1701232000.00,1782326000.00,1700113000.00,1728669000.00,1731197000.00,1708807000.00,1549738000.00,1643909000.00,1562321000.00,1563038000.00,1470651000.00,1518773000.00,1548935000.00,1468519000.00,1472024000.00,1433592000.00,1350307000.00,1336222000.00,1320200000.00,1331500000.00,1345400000.00,1244400000.00,1300600000.00,1176100000.00,1166600000.00,1150900000.00,1042300000.00,1051400000.00,1130900000.00,1070200000.00,1026800000.00,986100000.00,918600000.00,892700000.00,,,,781800000.00,,,,728000000.00,,,,624900000.00,,,,563300000.00,
longTermDebt,14477000000.00,14562000000.00,14615000000.00,14522000000.00,15297000000.00,16755000000.00,17086000000.00,17296000000.00,17446000000.00,17547000000.00,17489000000.00,18527000000.00,18349000000.00,18184000000.00,16804000000.00,16661000000.00,17639000000.00,18982000000.00,18845000000.00,19359000000.00,19284000000.00,19823000000.00,21154000000.00,27210000000.00,23310000000.00,23810000000.00,23764000000.00,20681000000.00,5975000000.00,6016000000.00,5977000000.00,5871000000.00,5798000000.00,5862000000.00,5931000000.00,3408000000.00,3719000000.00,3403000000.00,3387000000.00,3388000000.00,3403069000.00,3410759000.00,3466576000.00,18085302000.00,12054640000.00,12004092000.00,11861505000.00,12039822000.00,13096767000.00,12627761000.00,12530246000.00,12523517000.00,12910681000.00,12612655000.00,10878649000.00,11266294000.00,11576556000.00,11371518000.00,11675953000.00,8713327000.00,9265163000.00,9574566000.00,9042858000.00,9487789000.00,6477919000.00,6606005000.00,6541169000.00,7009664000.00,7508199000.00,8174695000.00,4151776000.00,4571504000.00,3049169000.00,4720073000.00,4697835000.00,4787934000.00,4728470000.00,4686712000.00,4957253000.00,3452329000.00,3908314000.00,4316405000.00,4269728000.00,4273973000.00,4455947000.00,4400786000.00,4324300000.00,4335493000.00,4334103000.00,4310744000.00,1076372000.00,1076368000.00,1076316000.00,1326416000.00,1326746000.00,,,,,,,,,,,,,,,,,,,,,,,,,,,,,,,,,,,,,,,,,,,,,,,,,,,,,,,,,,
inventory,6650000000.00,6871000000.00,6173000000.00,6173000000.00,5734000000.00,5899000000.00,5691000000.00,5157000000.00,5261000000.00,5439000000.00,5387000000.00,5012000000.00,5152000000.00,5202000000.00,4568000000.00,4316000000.00,4392000000.00,4352000000.00,4085000000.00,3796000000.00,3781000000.00,3714000000.00,3826000000.00,3601000000.00,3483000000.00,3603000000.00,3995000000.00,2434000000.00,2613000000.00,2813000000.00,2786000000.00,2599000000.00,2633000000.00,2735000000.00,2623000000.00,2643000000.00,2696000000.00,2823000000.00,2775000000.00,2693000000.00,2804070000.00,2725179000.00,2710250000.00,3792313000.00,3814256000.00,3518452000.00,3549348000.00,3284249000.00,3269317000.00,3475006000.00,3400996000.00,3188734000.00,3308758000.00,3168641000.00,3410921000.00,3264877000.00,3421680000.00,3520839000.00,3159093000.00,2775849000.00,3100122000.00,3161204000.00,3075636000.00,2951442000.00,2924754000.00,2146060000.00,2174025000.00,2806421000.00,2735709000.00,2632270000.00,2418537000.00,2541979000.00,2686168000.00,2539287000.00,2670878000.00,2620463000.00,2370191000.00,2317426000.00,2863493000.00,2738439000.00,2662239000.00,2724783000.00,2653640000.00,2441302000.00,2446103000.00,2391991000.00,2333853000.00,2212035000.00,2260721000.00,2192246000.00,2239728000.00,1741331000.00,1732461000.00,1684307000.00,1622309000.00,1495444000.00,1417305000.00,1422758000.00,1375571000.00,1410609000.00,1394114000.00,1429120000.00,1344191000.00,1279900000.00,1252421000.00,1263986000.00,1199715000.00,1238205000.00,1224705000.00,1195242000.00,1156918000.00,1110941000.00,1051346000.00,1049764000.00,1005422000.00,1018191000.00,1057111000.00,1052449000.00,983239000.00,940533000.00,932100000.00,931600000.00,887900000.00,863800000.00,929000000.00,892800000.00,872200000.00,815400000.00,801700000.00,816700000.00,812300000.00,777600000.00,799300000.00,767500000.00,754300000.00,696000000.00,,,,611300000.00,,,,612200000.00,,,,524400000.00,,,,463800000.00,
accountsPayable,3961000000.00,4211000000.00,4607000000.00,4607000000.00,4133000000.00,4493000000.00,4757000000.00,4408000000.00,4017000000.00,4017000000.00,4066000000.00,3946000000.00,3189000000.00,3335000000.00,3181000000.00,3252000000.00,3029000000.00,3222000000.00,3045000000.00,2975000000.00,2730000000.00,2503000000.00,2476000000.00,2402000000.00,1858000000.00,1667000000.00,1481000000.00,1178000000.00,1051000000.00,1153000000.00,1053000000.00,1081000000.00,1007000000.00,1000000000.00,1012000000.00,1064000000.00,965000000.00,1062000000.00,1074000000.00,1026000000.00,1008912000.00,1042248000.00,1087979000.00,1796990000.00,1605202000.00,1519460000.00,1726962000.00,1721127000.00,1601998000.00,1448555000.00,1577168000.00,1535759000.00,1531720000.00,1615606000.00,1663523000.00,1280542000.00,1394952000.00,1185405000.00,1184761000.00,1351436000.00,1223848000.00,1180397000.00,1228243000.00,1219529000.00,1154396000.00,1061499000.00,987514000.00,1175590000.00,995340000.00,1036931000.00,930821000.00,1032516000.00,1030356000.00,942600000.00,986643000.00,1054464000.00,1597801000.00,1485629000.00,1574940000.00,1754367000.00,1318196000.00,1487956000.00,1618432000.00,1661650000.00,887802000.00,1043758000.00,1017189000.00,1525215000.00,1559357000.00,1517695000.00,1453288000.00,1355985000.00,1263700000.00,1480079000.00,1203779000.00,1226854000.00,1191383000.00,830748000.00,1058172000.00,1056641000.00,922341000.00,932490000.00,942589000.00,1001058000.00,819885000.00,911436000.00,966853000.00,923018000.00,788092000.00,806290000.00,709148000.00,755921000.00,665932000.00,754266000.00,678807000.00,671100000.00,592479000.00,724472000.00,602829000.00,638509000.00,509600000.00,485600000.00,501600000.00,597200000.00,443000000.00,437300000.00,432700000.00,522400000.00,363500000.00,372800000.00,355100000.00,351200000.00,313400000.00,310300000.00,322000000.00,309800000.00,,,,,,,,,,,,,,,,,
totalPermanentEquity,,,,,,,,,,,,,,,,,,,,,0.00,0.00,0.00,0.00,0.00,0.00,0.00,0.00,0.00,0.00,0.00,0.00,0.00,0.00,0.00,0.00,0.00,0.00,0.00,0.00,0.00,0.00,0.00,0.00,0.00,0.00,0.00,0.00,0.00,0.00,0.00,0.00,0.00,0.00,0.00,0.00,0.00,0.00,,,,,,,,,,,,,,,,,,,,,,,,,,,,,,,,,,,,,,,,,,,,,,,,,,,,,,,,,,,,,,,,,,,,,,,,,,,,,,,,,,,,,,,,,,,,,,,
noncontrollingInterestInConsolidatedEntity,,230000000.00,222000000.00,219000000.00,209000000.00,226000000.00,230000000.00,222000000.00,216000000.00,229000000.00,226000000.00,219000000.00,209000000.00,220000000.00,209000000.00,213000000.00,202000000.00,,204000000.00,198000000.00,193000000.00,197000000.00,202000000.00,201000000.00,186000000.00,186000000.00,185000000.00,179000000.00,120000000.00,120000000.00,120000000.00,115000000.00,108000000.00,118000000.00,114000000.00,113000000.00,105000000.00,102000000.00,99000000.00,96000000.00,91694000.00,91582000.00,95089000.00,92271000.00,90166000.00,85525000.00,89743000.00,86312000.00,85172000.00,90850000.00,90682000.00,88329000.00,78792000.00,82925000.00,152241000.00,43102000.00,39695000.00,40956000.00,,,,,,,,,,,,,,,,,,,,,,,,,,,,,,,,,,,,,,,,,,,,,,,,,,,,,,,,,,,,,,,,,,,,,,,,,,,,,,,,,,,,,,,,,,,,,,,
temporaryEquityRedeemableNoncontrollingInterests,,,,,,,,,,,,,,,,,,,,,0.00,0.00,0.00,0.00,0.00,0.00,0.00,0.00,0.00,0.00,0.00,0.00,0.00,0.00,0.00,0.00,0.00,0.00,0.00,0.00,0.00,0.00,0.00,0.00,0.00,0.00,0.00,0.00,0.00,0.00,0.00,0.00,0.00,0.00,0.00,0.00,0.00,0.00,,,,,,,,,,,,,,,,,,,,,,,,,,,,,,,,,,,,,,,,,,,,,,,,,,,,,,,,,,,,,,,,,,,,,,,,,,,,,,,,,,,,,,,,,,,,,,,
accumulatedOtherComprehensiveIncome,-8480000000.00,-8071000000.00,-8051000000.00,-8051000000.00,-9445000000.00,-8706000000.00,-8474000000.00,-8374000000.00,-9240000000.00,-9066000000.00,-9285000000.00,-8946000000.00,-9044000000.00,-9080000000.00,-9386000000.00,-8465000000.00,-7763000000.00,-7365000000.00,-7470000000.00,-7586000000.00,-7009000000.00,-6913000000.00,-5733000000.00,-6062000000.00,-6116000000.00,-6250000000.00,-6532000000.00,-7263000000.00,-6533000000.00,-7223000000.00,-6851000000.00,-6658000000.00,-7211000000.00,-5004000000.00,-5607000000.00,-5053000000.00,-2975000000.00,-1952000000.00,-1934000000.00,-2012000000.00,-2956510000.00,-3226425000.00,-2894673000.00,-3593678000.00,-2755915000.00,-3543531000.00,-1941119000.00,-2597185000.00,-860277000.00,577784000.00,182049000.00,-1366846000.00,-1483235000.00,-2629430000.00,-975671000.00,854074000.00,498968000.00,-6616000.00,-1194941000.00,-1163839000.00,1823234000.00,2500649000.00,2254202000.00,2081763000.00,904553000.00,866996000.00,620725000.00,389766000.00,1191305000.00,1318851000.00,862527000.00,699192000.00,630498000.00,836752000.00,1209776000.00,1273622000.00,529378000.00,633086000.00,834285000.00,576416000.00,-43132000.00,390366000.00,-230462000.00,-596254000.00,-434385000.00,-731058000.00,-899052000.00,-612968000.00,-661132000.00,-751703000.00,-603045000.00,-621328000.00,-557340000.00,-512187000.00,-437026000.00,-428329000.00,-405191000.00,-391877000.00,-349441000.00,-25331000.00,-337458000.00,-311997000.00,-316472000.00,-288188000.00,-277777000.00,-215797000.00,-209266000.00,-86397000.00,-68873000.00,-95211000.00,-66800000.00,-60364000.00,-63169000.00,-15089000.00,-58400000.00,-56659000.00,-42385000.00,-76115000.00,-99672000.00,-108068000.00,-2666300000.00,-2592400000.00,-2480700000.00,-2397900000.00,-2443700000.00,-2307500000.00,-2215500000.00,-2123100000.00,-2048300000.00,-1972600000.00,-1971100000.00,-1881800000.00,-1802100000.00,-1696900000.00,-1632100000.00,-1536600000.00,,,,-1337100000.00,,,,-1118000000.00,,,,-881800000.00,,,,-707100000.00,
additionalPaidInCapital,,,,,,,,,,,,,,,,,,,,,0.00,0.00,0.00,0.00,0.00,0.00,0.00,0.00,0.00,0.00,0.00,0.00,0.00,0.00,0.00,0.00,0.00,0.00,0.00,0.00,0.00,0.00,0.00,0.00,0.00,0.00,0.00,0.00,0.00,0.00,0.00,0.00,0.00,0.00,0.00,0.00,0.00,0.00,,,,,,,,,,,,,,,,,,,,,,,,,,,,,,,,,,,,,,,,,,,,,,,,,,,,,,,,,,,,,,,,,,,,,,,,,,,,,,,,,,,,,,,,,,,,,,,
commonStockTotalEquity,,24612000000.00,24488000000.00,24709000000.00,24560000000.00,24429000000.00,24304000000.00,24470000000.00,24285000000.00,24153000000.00,24023000000.00,24145000000.00,24037000000.00,23893000000.00,23731000000.00,23853000000.00,23771000000.00,23665000000.00,23461000000.00,23512000000.00,23428000000.00,23317000000.00,23223000000.00,23206000000.00,23118000000.00,23012000000.00,22886000000.00,13027000000.00,12939000000.00,12835000000.00,12744000000.00,12734000000.00,12641000000.00,12566000000.00,12462000000.00,12383000000.00,12207000000.00,12126000000.00,12032000000.00,12048000000.00,11793440000.00,11730952000.00,11615374000.00,11754552000.00,11418613000.00,10815177000.00,10378070000.00,9817134000.00,9102857000.00,9005788000.00,8842675000.00,8744703000.00,8624344000.00,8504865000.00,8413595000.00,8257873000.00,8005560000.00,7927426000.00,,,,,,,,,,,,3791827000.00,3666015000.00,3523766000.00,3515086000.00,3473771000.00,3329273000.00,3239575000.00,3164832000.00,3133990000.00,3076131000.00,3034054000.00,2997861000.00,2967351000.00,2912860000.00,2891266000.00,2865894000.00,2856073000.00,2794634000.00,2643443000.00,2535311000.00,2454375000.00,2314811000.00,2218234000.00,2136242000.00,2074238000.00,2001434000.00,1939673000.00,1516933000.00,1468693000.00,1364070000.00,1231079000.00,1114445000.00,1053943000.00,997593000.00,907106000.00,802682000.00,783063000.00,741200000.00,694380000.00,659274000.00,628216000.00,608933000.00,581562000.00,568005000.00,546974000.00,524913000.00,505170000.00,500539000.00,492165000.00,480310000.00,469828000.00,,,,,,,,,,,,,,,,,,,,,,,,,,,,,,,,,
preferredStockTotalEquity,,,,,,,,,,,,,,,,,,,,,0.00,0.00,0.00,0.00,0.00,0.00,0.00,0.00,0.00,0.00,0.00,0.00,0.00,0.00,0.00,0.00,0.00,0.00,0.00,0.00,0.00,0.00,0.00,0.00,0.00,0.00,0.00,0.00,0.00,0.00,0.00,0.00,0.00,0.00,0.00,0.00,0.00,0.00,,,,,,,,,,,,,,,,,,,,,,,,,,,,,,,,,,,,,,,,,,,,,,,,,,,,,,,,,,,,,,,,,,,,,,,,,,,,,,,,,,,,,,,,,,,,,,,
retainedEarningsTotalEquity,,36355000000.00,35868000000.00,35257000000.00,35115000000.00,34487000000.00,33295000000.00,31528000000.00,30376000000.00,29053000000.00,28669000000.00,27627000000.00,26266000000.00,25669000000.00,25786000000.00,25847000000.00,25440000000.00,,24613000000.00,24560000000.00,24144000000.00,24080000000.00,23856000000.00,23978000000.00,25320000000.00,25202000000.00,25387000000.00,25565000000.00,25162000000.00,25884000000.00,25654000000.00,25757000000.00,25375000000.00,25162000000.00,24740000000.00,22874000000.00,22335000000.00,22137000000.00,22005000000.00,21979000000.00,21668078000.00,20318892000.00,20062483000.00,24150996000.00,23326756000.00,22227912000.00,21314465000.00,20907362000.00,20052443000.00,20509111000.00,19323753000.00,18927101000.00,18181133000.00,17978462000.00,17367857000.00,17054027000.00,16152254000.00,15296662000.00,,,,,,,,,,,,,,,,,,,,,,,,,,,,,,,,,,,,,,,,,,,,,,,,,,,,,,,,,,,,,,,,,,,,,,,,,,,,,,,,,,,,,,,,,,,,,,,
treasuryStock,,,,,,,,-11822000000.00,-10999000000.00,-10340000000.00,-9845000000.00,-10042000000.00,-9873000000.00,-9904000000.00,-9913000000.00,-10147000000.00,-9631000000.00,-9659000000.00,-9679000000.00,,-9858000000.00,-9907000000.00,-9947000000.00,-10225000000.00,-10290000000.00,-10362000000.00,-10379000000.00,-10791000000.00,-10792000000.00,-10821000000.00,-10825000000.00,-10622000000.00,-9694000000.00,-9716000000.00,-9721000000.00,-8678000000.00,-8679000000.00,-8709000000.00,-8713000000.00,-6844000000.00,-6808771000.00,-6487355000.00,-6194998000.00,-5590909000.00,-4975279000.00,-5012598000.00,-4297725000.00,-3687478000.00,-3691223000.00,-3713830000.00,-3718827000.00,-3916823000.00,-3918310000.00,-3942188000.00,-3945682000.00,-3310347000.00,-3321727000.00,-3338360000.00,-3344028000.00,-2626404000.00,-2240285000.00,-2250693000.00,-2001815000.00,-1213134000.00,-1213355000.00,-1029015000.00,-1029556000.00,-195237000.00,-195391000.00,-195406000.00,-196295000.00,-212255000.00,-213029000.00,-213156000.00,-214155000.00,-220854000.00,-222098000.00,-222828000.00,-223192000.00,-229696000.00,-229927000.00,-231022000.00,-231523000.00,-231845000.00,-231859000.00,-232370000.00,-232826000.00,-252438000.00,-250192000.00,-254816000.00,-255440000.00,-255586000.00,-255703000.00,-257147000.00,-257347000.00,,,,,,,,,,,,,,,,,,,,,,,,,,,,,,,,,,,,,,,,,,,,,,,,,,,,,,,,,,
accumulatedAmortization,,,,,,,,,,,,,,,,,,,,,,,,,,,,,,,,,,,,,,,,,,,,,,,,,,,,,,,,,,,,,,,,,,,,,,,,,,,,,,,,,,,,,,,,,,,,,,,,,,,,,,,,,,,,,,,,,,,,,,,,,,,,,,,,,,,,,,,,,,,,,,,,,,,,,,,,,
nonCurrrentAssetsOther,,,,,,,,,,,,,,-17000000.00,51214000000.00,52220000000.00,-35000000.00,53232000000.00,53201000000.00,17000000.00,19000000.00,121000000.00,120000000.00,176000000.00,57000000.00,,,2753000000.00,2779000000.00,2000000.00,2000000.00,2000000.00,2000000.00,2000000.00,3000000.00,1934000000.00,2043000000.00,52000000.00,53000000.00,66000000.00,76903000.00,71114000.00,71950000.00,3213307000.00,2983788000.00,3040652000.00,2788015000.00,2560923000.00,1139150000.00,795158000.00,699087000.00,790027000.00,1277047000.00,854750000.00,816292000.00,858214000.00,1345805000.00,,,,1081999000.00,1091254000.00,1084132000.00,1125262000.00,1062589000.00,1854470000.00,1842074000.00,1229873000.00,-4069236800000.00,-4265866424000.00,-525048000.00,1791140000.00,-396531000.00,-324965000.00,-480812000.00,140488000.00,65532000.00,64322000.00,331544000.00,329357000.00,333010000.00,274001000.00,233200000.00,-20869000.00,-318673008000.00,398662000.00,-633576789000.00,2031367000.00,3781555000.00,3643832000.00,2836962000.00,1534842000.00,3268288000.00,3295275000.00,3452004000.00,1706380000.00,2979642000.00,2898024000.00,2861735000.00,1574412000.00,2891057000.00,2842707000.00,2347423000.00,1341043000.00,2420412000.00,2344093000.00,2149411000.00,1203362000.00,1993013000.00,1892134000.00,924636000.00,936331000.00,809575000.00,797110000.00,807880000.00,726546000.00,672891000.00,676012000.00,643191000.00,592043000.00,591100000.00,597200000.00,619600000.00,610300000.00,613300000.00,662900000.00,700500000.00,702100000.00,631400000.00,643300000.00,661800000.00,726200000.00,701300000.00,693700000.00,692500000.00,658600000.00,,,,519500000.00,,,,488600000.00,,,,433400000.00,,,,419500000.00,
deferredLongTermAssetCharges,,,,,,,,,,,,,,,,,,,,,,,,,,,,,,,,,,,,,,,,,,,,,,,,,,,,,,,,,,,,,,,,,,,,,,,,,,,,,,,,,,,,,,,,,,,,,,,,,,,,,,,,,,,,,,,,,,,,,,,,,,,,,,,,,,,,,,,,,,,,,,,,,,,,,,,,,
nonCurrentAssetsTotal,49426000000.00,49849000000.00,49214000000.00,49214000000.00,47956000000.00,49246000000.00,50578000000.00,50957000000.00,50303000000.00,50642000000.00,50968000000.00,52107000000.00,51653000000.00,51572000000.00,51214000000.00,52220000000.00,52420000000.00,53232000000.00,53201000000.00,52541000000.00,53441000000.00,54293000000.00,55944000000.00,56103000000.00,50871000000.00,51168000000.00,51558000000.00,25890000000.00,26519000000.00,26843000000.00,27231000000.00,27092000000.00,25831000000.00,22994000000.00,23110000000.00,26014000000.00,26050000000.00,23217000000.00,23731000000.00,23706000000.00,24383528000.00,23072222000.00,23589745000.00,35912361000.00,35993494000.00,35602298000.00,36813670000.00,36508119000.00,36533760000.00,37872063000.00,38004231000.00,37144737000.00,37926200000.00,33466095000.00,35667944000.00,29102732000.00,28430978000.00,28001641000.00,27429703000.00,25376645000.00,26526279000.00,27116551000.00,26065832000.00,25671191000.00,24783713000.00,24814313000.00,24781900000.00,24896289000.00,23229294000.00,24163482000.00,17922668000.00,17755175000.00,17842280000.00,18153964000.00,18506091000.00,18033009000.00,17348223000.00,17183221000.00,17110511000.00,16424927000.00,15893891000.00,16176058000.00,15451134000.00,15137330000.00,15176206000.00,15043056000.00,14690255000.00,14877234000.00,14548498000.00,14159010000.00,13787155000.00,7907013000.00,8008872000.00,8066045000.00,8233017000.00,8051290000.00,7696176000.00,7597912000.00,7545658000.00,7663077000.00,7536824000.00,7509342000.00,6933298000.00,7022860000.00,6922904000.00,6845594000.00,6572956000.00,6644698000.00,6395491000.00,6227469000.00,5198754000.00,5185869000.00,4992383000.00,4950192000.00,4861257000.00,4647396000.00,4495878000.00,4361092000.00,4226932000.00,4103034000.00,3981700000.00,3899000000.00,3782400000.00,3709500000.00,3586800000.00,3481800000.00,3453200000.00,3364200000.00,3151100000.00,3085100000.00,3085400000.00,3102000000.00,2991000000.00,2909500000.00,2854800000.00,2748800000.00,,,,2472100000.00,,,,2230200000.00,,,,1976700000.00,,,,1788000000.00,
capitalLeaseObligations,,,,943000000.00,,,,956000000.00,,,,902000000.00,,,,755000000.00,,,,,,,,,,,,,,,,,,,,,,,,,,,,,,,,,,,,,,,,,,,,,,,,,,,,,,,,,,,,,,,,,,,,,,,,,,,,,,,,,,,,,,,,,,,,,,,,,,,,,,,,,,,,,,,,,,,,,,,,,,,,,,,,,,,,,,,,,
longTermDebtTotal,14477000000.00,14562000000.00,14615000000.00,14522000000.00,15297000000.00,16755000000.00,17086000000.00,17296000000.00,17446000000.00,17547000000.00,17489000000.00,18527000000.00,18349000000.00,18184000000.00,16804000000.00,16661000000.00,17639000000.00,18982000000.00,18845000000.00,19359000000.00,19284000000.00,19823000000.00,21154000000.00,27210000000.00,23310000000.00,23810000000.00,23764000000.00,20681000000.00,5975000000.00,6016000000.00,5977000000.00,5871000000.00,5953000000.00,5862000000.00,5931000000.00,3408000000.00,3719000000.00,3403000000.00,3387000000.00,3388000000.00,3403069000.00,3410759000.00,3466576000.00,18085302000.00,12054640000.00,12004092000.00,11861505000.00,12039822000.00,13096767000.00,12627761000.00,12530246000.00,12523517000.00,12910681000.00,12612655000.00,10878649000.00,11266294000.00,11576556000.00,11371518000.00,,,,,,,,,,,,,,,,,,,,,,,,,,,,,,,,,,,,,,,,,,,,,,,,,,,,,,,,,,,,,,,,,,,,,,,,,,,,,,,,,,,,,,,,,,,,,,,
nonCurrentLiabilitiesOther,,7038000000.00,7417000000.00,3804000000.00,8255000000.00,8339000000.00,,3685000000.00,,,,3684000000.00,,,,3944000000.00,,,,,,,,9030000000.00,,,,4608000000.00,4305000000.00,4347000000.00,4425000000.00,4864000000.00,5798000000.00,5952000000.00,5970000000.00,5696000000.00,4979000000.00,4515000000.00,4600000000.00,4791000000.00,5609812000.00,6145327000.00,6130436000.00,9056234000.00,7812779000.00,8162746000.00,8224939000.00,8230698000.00,6428476000.00,7066849000.00,7175682000.00,7199851000.00,7396344000.00,6084853000.00,6284148000.00,5202111000.00,4371007000.00,4296050000.00,,,,,,,,,,,,,,,,,,,,,,,,,,,,,,,,,,,,,,,,,,,,,,,,,,,,,,,,,,,,,,,,,,,,,,,,,,,,,,,,,,,,,,,,,,,,,,,
nonCurrentLiabilitiesTotal,21354000000.00,21600000000.00,22044000000.00,22044000000.00,23552000000.00,25094000000.00,25731000000.00,26067000000.00,26290000000.00,26626000000.00,26535000000.00,27638000000.00,27191000000.00,27019000000.00,25542000000.00,25723000000.00,26029000000.00,27471000000.00,27368000000.00,27439000000.00,27963000000.00,28690000000.00,30297000000.00,36240000000.00,32095000000.00,32560000000.00,32694000000.00,25289000000.00,10280000000.00,10363000000.00,10402000000.00,10735000000.00,11751000000.00,11814000000.00,11901000000.00,9104000000.00,8698000000.00,7918000000.00,7987000000.00,8179000000.00,9012881000.00,9556086000.00,9597012000.00,27141536000.00,19867419000.00,20166838000.00,20086444000.00,20270520000.00,19525243000.00,19694610000.00,19705928000.00,19723368000.00,20307025000.00,18697508000.00,17162797000.00,16468405000.00,15947563000.00,15667568000.00,15684186000.00,13347745000.00,12847738000.00,13098367000.00,12427583000.00,12832106000.00,9730690000.00,9808852000.00,9661870000.00,10172791000.00,10232470000.00,11181577000.00,6928815000.00,7310418000.00,5809413000.00,7352271000.00,7311688000.00,7616067000.00,7313425000.00,7236292000.00,7587320000.00,6003549000.00,6250849000.00,6664861000.00,6566840000.00,6592347000.00,6395974000.00,6296006000.00,6367903000.00,6310174000.00,6266573000.00,6155785000.00,2990209000.00,2414808000.00,2382395000.00,2591421000.00,2586711000.00,2526738000.00,2575565000.00,2535409000.00,2545524000.00,2540426000.00,2564630000.00,2374451000.00,2246815000.00,2027923000.00,2012553000.00,1982598000.00,1966616000.00,1961701000.00,1667484000.00,1386554000.00,1254858000.00,1225419000.00,1226856000.00,1212053000.00,1030513000.00,998458000.00,989904000.00,957761000.00,941528000.00,918707000.00,822100000.00,746800000.00,694200000.00,811100000.00,853600000.00,841000000.00,852500000.00,823000000.00,793500000.00,792200000.00,794400000.00,728500000.00,800900000.00,775700000.00,771100000.00,741600000.00,,,,920800000.00,,,,805400000.00,,,,783200000.00,,,,809200000.00,
negativeGoodwill,,,,,,,,,,,,,,,,,,,,,,,,,,,,,,,,,,,,,,,,,,,,,,,,,,,,,,,,,,,,,,,,,,,,,,,,,,,,,,,,,,,,,,,,,,,,,,,,,,,,,,,,,,,,,,,,,,,,,,,,,,,,,,,,,,,,,,,,,,,,,,,,,,,,,,,,,
warrants,,,,,,,,,,,,,,,,,,,,,,,,,,,,,,,,,,,,,,,,,,,,,,,,,,,,,,,,,,,,,,,,,,,,,,,,,,,,,,,,,,,,,,,,,,,,,,,,,,,,,,,,,,,,,,,,,,,,,,,,,,,,,,,,,,,,,,,,,,,,,,,,,,,,,,,,,
preferredStockRedeemable,,,,,,,,,,,,,,,,,,,,,,,,,,,,,,,,,,,,,,,,,,,,,,,,,,,,,,,,,,,,,,,,,,,,,,,,,,,,,,,,,,,,,,,,,,,,,,,,,,,,,,,,,,,,,,,,,,,,,,,,,,,,,,,,,,,,,,,,,,,,,,,,,,,,,,,,,
capitalSurpluse,,,,,,,,,,,,,,,,,,,,,,,,,,,,,,,,,,,,,,,,,,,,,,,,,,,,,,,,,,,,,,,,,,,,,,,,,,,,,,,,,,,,,,,,,,,,,,,,,,,,,,,,,,,,,,,,,,,,,,,,,,,,,,,,,,,,,,,,,,,,,,,,,,,,,,,,,
liabilitiesAndStockholdersEquity,72090000000.00,73354000000.00,74438000000.00,74438000000.00,72801000000.00,74202000000.00,74007000000.00,75196000000.00,73795000000.00,73269000000.00,72785000000.00,72548000000.00,69043000000.00,68776000000.00,66777000000.00,67887000000.00,68539000000.00,68427000000.00,67610000000.00,67173000000.00,71637000000.00,68415000000.00,70908000000.00,76250000000.00,72248000000.00,71151000000.00,70887000000.00,52666000000.00,39497000000.00,39831000000.00,39637000000.00,41247000000.00,41725000000.00,44125000000.00,43095000000.00,41275000000.00,42514000000.00,41475000000.00,41662000000.00,42953000000.00,44132477000.00,42903346000.00,42686613000.00,67234944000.00,63257738000.00,61859790000.00,62415801000.00,60276893000.00,59628176000.00,62004241000.00,61651363000.00,59462266000.00,57373620000.00,53381402000.00,53358622000.00,52416623000.00,49846820000.00,47630017000.00,45437597000.00,42419204000.00,41753012000.00,44073719000.00,41177572000.00,39713924000.00,37621909000.00,37153222000.00,36286117000.00,36178172000.00,33299872000.00,34061267000.00,28531500000.00,29141203000.00,28830959000.00,27817213000.00,28857214000.00,28767494000.00,27564226000.00,27686181000.00,28053333000.00,26715342000.00,26154769000.00,25890854000.00,24882580000.00,24259102000.00,23660355000.00,23053101000.00,22765776000.00,23296423000.00,22719399000.00,22122582000.00,21978525000.00,15283254000.00,14980161000.00,14964081000.00,14960923000.00,14471044000.00,13574225000.00,13145098000.00,13316957000.00,13216213000.00,12603034000.00,12684540000.00,12115102000.00,12061068000.00,11575997000.00,11433526000.00,11200394000.00,11125600000.00,10669342000.00,10553874000.00,9312020000.00,9412580000.00,9069882000.00,8990323000.00,8751092000.00,8523724000.00,8356158000.00,8082936000.00,7747416000.00,7688569000.00,7526400000.00,7350900000.00,7136100000.00,6941200000.00,6881300000.00,6510400000.00,6384200000.00,6255300000.00,5868300000.00,5816200000.00,5767300000.00,5563200000.00,5685100000.00,5413400000.00,5173500000.00,4851600000.00,,,,4825100000.00,,,,4385700000.00,,,,3865600000.00,,,,3468400000.00,
cashAndShortTermInvestments,7047000000.00,8155000000.00,10170000000.00,10170000000.00,9907000000.00,9290000000.00,8158000000.00,10249000000.00,9692000000.00,8944000000.00,8372000000.00,7148000000.00,4731000000.00,5037000000.00,3668000000.00,4140000000.00,4335000000.00,3376000000.00,3261000000.00,4086000000.00,7550000000.00,3264000000.00,4042000000.00,9610000000.00,11199000000.00,9835000000.00,8860000000.00,18775000000.00,4507000000.00,4438000000.00,3957000000.00,6125000000.00,6139000000.00,11177000000.00,9849000000.00,4460000000.00,4877000000.00,7062000000.00,7047000000.00,8098000000.00,8605484000.00,9393592000.00,8517313000.00,15173984000.00,11504522000.00,11002138000.00,9526561000.00,8097359000.00,7976502000.00,8893499000.00,8375839000.00,5451450000.00,3849951000.00,4372778000.00,1822073000.00,9932048000.00,8695152000.00,6887943000.00,5703777000.00,5079625000.00,3766470000.00,5178274000.00,3636599000.00,2820827000.00,2548950000.00,2237074000.00,1641879000.00,1373435000.00,1051134000.00,1096840000.00,2404662000.00,2956093000.00,2927658000.00,1534702000.00,1814519000.00,2058962000.00,1911293000.00,2423347000.00,2053867000.00,1286421000.00,1753351000.00,1173788000.00,1289022000.00,966127000.00,1013860000.00,703146000.00,993879000.00,713540000.00,790944000.00,884823000.00,758190000.00,1156718000.00,967641000.00,984251000.00,775347000.00,723296000.00,630380000.00,401750000.00,396813000.00,383317000.00,274033000.00,323009000.00,294945000.00,259010000.00,165584000.00,145190000.00,152231000.00,123084000.00,179170000.00,177671000.00,131957000.00,315697000.00,414671000.00,310858000.00,250052000.00,315328000.00,318687000.00,249073000.00,207606000.00,378825000.00,137800000.00,29500000.00,51500000.00,116600000.00,27200000.00,38400000.00,22500000.00,60400000.00,49500000.00,57700000.00,54300000.00,34000000.00,117500000.00,36100000.00,76600000.00,13600000.00,,,,582600000.00,,,,519900000.00,,,,481600000.00,,,,437500000.00,
propertyPlantAndEquipmentGross,,20926000000.00,20605000000.00,20212000000.00,19306000000.00,19458000000.00,19521000000.00,19364000000.00,19182000000.00,8816000000.00,8832000000.00,9029000000.00,8620000000.00,8343000000.00,7907000000.00,8038000000.00,7825000000.00,7825000000.00,7626000000.00,7563000000.00,7448000000.00,7432000000.00,7659000000.00,7607000000.00,7219000000.00,7286000000.00,7265000000.00,5705000000.00,5734000000.00,5826000000.00,5836000000.00,5730000000.00,5797000000.00,5738000000.00,5699000000.00,5935000000.00,5872000000.00,5935000000.00,5948000000.00,5905000000.00,5842369000.00,5768649000.00,5791492000.00,8063047000.00,7960648000.00,7831272000.00,7955257000.00,7873955000.00,7977460000.00,8128450000.00,8078195000.00,7970956000.00,7939787000.00,7875608000.00,8060114000.00,7619489000.00,7522399000.00,7448303000.00,7310433000.00,7219166000.00,7640721000.00,7791884000.00,7620704000.00,7518149000.00,7231699000.00,5824607000.00,5696195000.00,6946435000.00,6865738000.00,6797672000.00,6052913000.00,6003141000.00,5985335000.00,6018090000.00,6079667000.00,6007874000.00,5697605000.00,5613859000.00,6459007000.00,6281806000.00,6100315000.00,6124966000.00,5925927000.00,5828122000.00,5713597000.00,5611546000.00,5470134000.00,5551547000.00,5539035000.00,5310531000.00,5417172000.00,4816911000.00,4740584000.00,4770770000.00,4781013000.00,4770059000.00,4716534000.00,4699888000.00,4683923000.00,4738843000.00,4645767000.00,4666635000.00,4585875000.00,4569691000.00,4502492000.00,4501501000.00,4423545000.00,4461543000.00,4402478000.00,4335335000.00,4274118000.00,4249538000.00,4182808000.00,4153082000.00,4053377000.00,3920850000.00,3822987000.00,3685080000.00,3583741000.00,3510991000.00,3390600000.00,3301800000.00,3162800000.00,3099200000.00,2973500000.00,2818900000.00,2752700000.00,2662100000.00,2519700000.00,2441800000.00,2423600000.00,2375800000.00,2289700000.00,2215800000.00,2162300000.00,2090200000.00,,,,1952600000.00,,,,1741600000.00,,,,1543300000.00,,,,1368500000.00,
propertyPlantAndEquipmentNet,9552000000.00,9449000000.00,9162000000.00,9162000000.00,8689000000.00,8818000000.00,8908000000.00,8959000000.00,8831000000.00,8816000000.00,8832000000.00,9029000000.00,8620000000.00,8343000000.00,7907000000.00,8038000000.00,7825000000.00,7825000000.00,7626000000.00,7563000000.00,7448000000.00,7432000000.00,7659000000.00,7607000000.00,7219000000.00,7286000000.00,7265000000.00,5705000000.00,5734000000.00,5826000000.00,5836000000.00,5730000000.00,5797000000.00,5738000000.00,5699000000.00,5935000000.00,5872000000.00,5935000000.00,5948000000.00,5905000000.00,5842369000.00,5768649000.00,5791492000.00,8063047000.00,7960648000.00,7831272000.00,7955257000.00,7873955000.00,7977460000.00,8128450000.00,8078195000.00,7970956000.00,7939787000.00,7875608000.00,8060114000.00,7619489000.00,7522399000.00,7448303000.00,7310433000.00,7219166000.00,7640721000.00,7791884000.00,7620704000.00,7518149000.00,7231699000.00,5824607000.00,5696195000.00,6946435000.00,6865738000.00,6797672000.00,6052913000.00,6003141000.00,5985335000.00,6018090000.00,6079667000.00,6007874000.00,5697605000.00,5613859000.00,6459007000.00,6281806000.00,6100315000.00,6124966000.00,5925927000.00,5828122000.00,5713597000.00,5611546000.00,5470134000.00,5551547000.00,5539035000.00,5310531000.00,5417172000.00,4816911000.00,4740584000.00,4770770000.00,4781013000.00,4770059000.00,4716534000.00,4699888000.00,4683923000.00,4738843000.00,4645767000.00,4666635000.00,4585875000.00,4569691000.00,4502492000.00,4501501000.00,4423545000.00,4461543000.00,4402478000.00,4335335000.00,4274118000.00,4249538000.00,4182808000.00,4153082000.00,4053377000.00,3920850000.00,3822987000.00,3685080000.00,3583741000.00,3510991000.00,3390600000.00,3301800000.00,3162800000.00,3099200000.00,2973500000.00,2818900000.00,2752700000.00,2662100000.00,2519700000.00,2441800000.00,2423600000.00,2375800000.00,2289700000.00,2215800000.00,2162300000.00,2090200000.00,,,,1952600000.00,,,,1741600000.00,,,,1543300000.00,,,,1368500000.00,
accumulatedDepreciation,,-11477000000.00,-11323000000.00,-11050000000.00,-10617000000.00,-10640000000.00,-10613000000.00,-10405000000.00,-10351000000.00,-10258000000.00,-9865000000.00,-9764000000.00,-9352000000.00,-9031000000.00,-8800000000.00,-8761000000.00,-8518000000.00,,-8279000000.00,-8143000000.00,-8072000000.00,-7877000000.00,-7897000000.00,-7658000000.00,-7479000000.00,-7190000000.00,-6907000000.00,-6661000000.00,-6718000000.00,-6886000000.00,-6873000000.00,-6653000000.00,-6731000000.00,-6695000000.00,-6552000000.00,-6697000000.00,-6822000000.00,-7161000000.00,-7057000000.00,-6965000000.00,-6871831000.00,-6751383000.00,-6625175000.00,-10865840000.00,-10669184000.00,-10378810000.00,-10424051000.00,-10142610000.00,-9542346000.00,-9498323000.00,-9258829000.00,-9403346000.00,-9319429000.00,-8981360000.00,-8743073000.00,-8867417000.00,-8612124000.00,,,,,,,,,,,,,,,,,,,,,,,,,,,,,,,,,,,,,,,,,,,,,,,,,,,,,,,,,,,,,,,,,,,,,,,,,,,,,,,,,,,,,,,,,,,,,,,,
netWorkingCapital,,9155000000.00,9847000000.00,9735000000.00,11480000000.00,12564000000.00,10782000000.00,11134000000.00,10625000000.00,10013000000.00,9355000000.00,8534000000.00,7133000000.00,6262000000.00,4690000000.00,,,,,,,,,,,,,,,,,,,,,,,,,,,,,,,,,,,,,,,,,,,,,,,,,,,,,,,,,,,,,,,,,,,,,,,,,,,,,,,,,,,,,,,,,,,,,,,,,,,,,,,,,,,,,,,,,,,,,,,,,,,,,,,,,,,,,,,,,,
netInvestedCapital,,54020000000.00,53910000000.00,53459000000.00,52089000000.00,53250000000.00,52489000000.00,53852000000.00,52819000000.00,52301000000.00,52006000000.00,51531000000.00,49949000000.00,50257000000.00,48490000000.00,,,,,,,,,,,,,,,,,,,,,,,,,,,,,,,,,,,,,,,,,,,,,,,,,,,,,,,,,,,,,,,,,,,,,,,,,,,,,,,,,,,,,,,,,,,,,,,,,,,,,,,,,,,,,,,,,,,,,,,,,,,,,,,,,,,,,,,,,,
commonStockSharesOutstanding,1748000000.00,1750000000.00,1752000000.00,1754000000.00,1764000000.00,1765000000.00,1775000000.00,1782000000.00,1789000000.00,1793000000.00,1792000000.00,1789000000.00,1788000000.00,1785000000.00,1781000000.00,1781000000.00,1784000000.00,1781000000.00,1777000000.00,1774000000.00,1772000000.00,1769000000.00,1765000000.00,1746000000.00,1754000000.00,1749000000.00,1735272054.00,1483000000.00,1476000000.00,1480000000.00,1484000000.00,1498000000.00,1505000000.00,1504000000.00,1516000000.00,1522000000.00,1520000000.00,1517000000.00,1548000000.00,1567000000.00,1567000000.00,1577000000.00,1586000000.00,1586000000.00,1594000000.00,1589000000.00,1590000000.00,1590000000.00,1568000000.00,1566000000.00,1559000000.00,1559000000.00,1554000000.00,1552000000.00,1561000000.00,1561000000.00,1552000000.00,1551000000.00,1556385000.00,1556385000.00,1563730000.00,1553395000.00,1560567000.00,1560567000.00,1557758000.00,1560667000.00,1558234000.00,1558234000.00,1541988000.00,1531637000.00,1537695000.00,1537695000.00,1563526000.00,1568906000.00,1569505000.00,1569505000.00,1569003000.00,1570486000.00,1572119000.00,1572119000.00,1572105000.00,1572310000.00,1568097000.00,1568097000.00,1568951000.00,1573960000.00,1579398000.00,1579398000.00,1572054000.00,1569141000.00,1547072000.00,1547072000.00,1566748000.00,1566373000.00,1559555000.00,1559555000.00,1556463000.00,1558701000.00,1557431000.00,1541226000.00,1544680000.00,1546099000.00,1551578947.00,1528008000.00,1571333333.00,1546210000.00,1571672000.00,1571672000.00,1565830000.00,1568000000.00,1548709677.00,1571672000.00,1594642000.00,1598492000.00,1598486000.00,1598486000.00,1615798000.00,1624340000.00,1633286000.00,1633286000.00,1664210526.00,1648095238.00,1645238095.00,1645238095.00,1640000000.00,1668947368.00,1634444444.00,1634444444.00,1677333333.00,1676875000.00,1694000000.00,1694000000.00,1698461538.00,1715714286.00,1730769231.00,1730769231.00,1789256000.00,1798768000.00,2041184000.00,2041184000.00,1801184000.00,1805928000.00,1809352000.00,1809352000.00,1820424000.00,1830712000.00,1825160000.00,1825160000.00,1878008000.00,1878008000.00,1913520000.00,1913520000.00,1920608000.00
investments,,79000000.00,-86000000.00,-30000000.00,-21000000.00,59000000.00,-41000000.00,-69000000.00,-108000000.00,95000000.00,-14000000.00,-58000000.00,17000000.00,4000000.00,-36000000.00,-489000000.00,-432000000.00,-498000000.00,2000000.00,-35000000.00,19000000.00,-37000000.00,-5000000.00,744000000.00,-17000000.00,226000000.00,1670000000.00,1868000000.00,-182000000.00,-1246000000.00,446000000.00,1805000000.00,-570000000.00,-1843000000.00,-213000000.00,759000000.00,2239000000.00,1486000000.00,-367000000.00,1155298000.00,-1873245000.00,326493000.00,-1833546000.00,-815065000.00,431074000.00,1222327000.00,-3899584000.00,1632281000.00,1932189000.00,-1108516000.00,-1917221000.00,-1825268000.00,14317000.00,1085241000.00,874139000.00,,,,,,,,,,,,,,,,,,,,,,,,,,,,,,,,,,,,,,,,,,,,,,,,,,,,,,,,,,,,,,,,,,,,,,,,,,,,,,,,,,,,,,,,,,,,,,,,,,
changeToLiabilities,,,,37000000.00,0.00,0.00,0.00,380000000.00,0.00,0.00,0.00,1152000000.00,0.00,0.00,0.00,220000000.00,0.00,0.00,0.00,533000000.00,0.00,0.00,0.00,1764000000.00,0.00,0.00,1764000000.00,-1351000000.00,-1351000000.00,-1351000000.00,-1351000000.00,215000000.00,,,,-28000000.00,,,,-1101000000.00,,,,-1443478000.00,,,,387574000.00,,,,360447000.00,,,,,,,,,,,,,,,,,,,,,,,,,,,,,,,,,,,,,,,,,,,,,,,,,,,,,,,,,,,,,,,,,,,,,,,,,,,,,,,,,,,,,,,,,,,,,,,,,,,,,
totalCashflowsFromInvestingActivities,-2309000000.00,-1213000000.00,-462000000.00,-632000000.00,-1108000000.00,-264000000.00,-360000000.00,-671000000.00,-651000000.00,-264000000.00,-422000000.00,-731000000.00,-472000000.00,-619000000.00,-393000000.00,-489000000.00,-1326000000.00,-894000000.00,-396000000.00,-496000000.00,-323000000.00,-299000000.00,-238000000.00,-3152000000.00,-306000000.00,-6000000.00,-6154000000.00,1550000000.00,-554000000.00,-1470000000.00,226000000.00,1566000000.00,-1160000000.00,242000000.00,-205000000.00,-10000000.00,-825000000.00,1228000000.00,-595000000.00,839703000.00,-2696766000.00,36074000.00,-2108011000.00,-1225437000.00,-531607000.00,688370000.00,-5012614000.00,1364474000.00,991995000.00,205593000.00,-2301230000.00,-2440389000.00,-2392998000.00,303832000.00,-7658760000.00,-3698710000.00,-5261587000.00,-3743150000.00,,,,,,,,,,,,,,,,124317000.00,390804000.00,,,,,,,,,,,,,,,,,,,,,,,,,,,,,,,,,,,,,,,,,,,,,,,,,,,,,,,,,,,,,,,,,,,,,,,,,,,,,,
netBorrowings,,12000000.00,-42000000.00,756000000.00,24000000.00,10000000.00,-743000000.00,-196000000.00,-67000000.00,-7000000.00,22000000.00,-1000000.00,-1357000000.00,1258000000.00,50000000.00,-1128000000.00,10000000.00,6000000.00,-487000000.00,-4204000000.00,2894000000.00,-1167000000.00,-5973000000.00,998000000.00,-4000000.00,24000000.00,-3960000000.00,13848000000.00,-398000000.00,163000000.00,-590000000.00,717000000.00,-504000000.00,-70000000.00,1004000000.00,-503000000.00,397000000.00,-341000000.00,1213000000.00,-1732138000.00,374281000.00,901226000.00,2248631000.00,3678332000.00,-1908411000.00,1297740000.00,1345029000.00,-1181445000.00,-1963717000.00,-727580000.00,-104369000.00,543073000.00,-73814000.00,879137000.00,773752000.00,,,,,,,,,,,,,,,,,,,,,,,,,,,,,,,,,,,,,,,,,,,,,,,,,,,,,,,,,,,,,,,,,,,,,,,,,,,,,,,,,,,,,,,,,,,,,,,,,,
totalCashFromFinancingActivities,-5039000000.00,-1289000000.00,-1410000000.00,-1457000000.00,-1543000000.00,-813000000.00,-3823000000.00,-1886000000.00,-1377000000.00,-1264000000.00,-967000000.00,-787000000.00,-1915000000.00,658000000.00,-735000000.00,-2185000000.00,-513000000.00,-449000000.00,-1142000000.00,-4776000000.00,2471000000.00,-1631000000.00,-6455000000.00,-112000000.00,-386000000.00,-384000000.00,-4399000000.00,13504000000.00,-746000000.00,-179000000.00,-1432000000.00,-497000000.00,-815000000.00,-374000000.00,-550000000.00,-700000000.00,-271000000.00,-619000000.00,-1152000000.00,-1869055000.00,-558758000.00,464513000.00,-4732700000.00,2505609000.00,-2190957000.00,115367000.00,286074000.00,-1284818000.00,-2668122000.00,-1386181000.00,-684334000.00,-93314000.00,-687106000.00,212878000.00,-520199000.00,503373000.00,-856333000.00,-329623000.00,1684602000.00,47875000.00,-3365194000.00,57683000.00,-226266000.00,-455780000.00,-817974000.00,-532221000.00,-506657000.00,2613089000.00,-1185174000.00,3644410000.00,-1450398000.00,-690257000.00,299787000.00,-1771126000.00,-430720000.00,-212833000.00,-995047000.00,724221000.00,45339000.00,-897945000.00,59430000.00,-758521000.00,-409176000.00,-881671000.00,-270512000.00,-552556000.00,-605235000.00,-218222000.00,-682598000.00,284690000.00,5239946000.00,-486346000.00,-605537000.00,-854041000.00,-202025000.00,96485000.00,-331332000.00,-530682000.00,-661297000.00,-35695000.00,-397968000.00,-135208000.00,-664815000.00,-247217000.00,-330088000.00,-179839000.00,-551355000.00,-206843000.00,-346187000.00,627252000.00,-666510000.00,-255525000.00,-186213000.00,-276607000.00,-215528000.00,-331366000.00,-269506000.00,-227641000.00,-451409000.00,-206367000.00,-263100000.00,-134100000.00,-260300000.00,-149100000.00,-35900000.00,-409500000.00,-63000000.00,-153500000.00,-239700000.00,-161200000.00,-225400000.00,-440100000.00,-113100000.00,-35900000.00,30900000.00,,,,,,,,,,,,,,,,,,
changeToOperatingActivities,,,,,71000000.00,92000000.00,-205000000.00,-172000000.00,-37000000.00,-97000000.00,-6000000.00,-669000000.00,247000000.00,164000000.00,-369000000.00,385000000.00,352000000.00,-392000000.00,-483000000.00,-585000000.00,981000000.00,-191000000.00,-182000000.00,109000000.00,512000000.00,-51000000.00,101000000.00,113000000.00,175000000.00,85000000.00,-1261000000.00,57000000.00,,,,30000000.00,,,,,,,,,,,,,,,,,,,,,,,,,,,,,,,,,,,,,,,,,,,,,,,,,,,,,,,,,,,,,,,,,,,,,,,,,,,,,,,,,,,,,,,,,,,,,,,,,,,,,,,,,,,,,,,,,,,,,
changeInCash,-3173000000.00,-1326000000.00,-721000000.00,288000000.00,657000000.00,1262000000.00,-2124000000.00,497000000.00,644000000.00,604000000.00,1216000000.00,2358000000.00,-283000000.00,1386000000.00,-483000000.00,-231000000.00,954000000.00,115000000.00,-822000000.00,-3525000000.00,4304000000.00,-792000000.00,-5550000000.00,-1605000000.00,1337000000.00,969000000.00,-9914000000.00,16120000000.00,-78000000.00,-756000000.00,-1667000000.00,1869000000.00,-916000000.00,822000000.00,-837000000.00,450000000.00,43000000.00,1510000000.00,-1415000000.00,592546000.00,-2689800000.00,1199134000.00,-6429043000.00,2805215000.00,944172000.00,2706866000.00,-2466910000.00,1763521000.00,972281000.00,1336862000.00,-908215000.00,-169774000.00,-503557000.00,2754882000.00,-7242519000.00,3933424000.00,671611000.00,-670491000.00,762773000.00,1301679000.00,-986243000.00,1086635000.00,253567000.00,545553000.00,371900000.00,856583000.00,161156000.00,-5178000.00,-264532000.00,-1552194000.00,-550591000.00,48680000.00,1397793000.00,-256173000.00,477759000.00,414737000.00,-420682000.00,107589000.00,128860000.00,-686813000.00,603030000.00,58423000.00,316034000.00,-38198000.00,260511000.00,-462846000.00,287605000.00,63225000.00,-70594000.00,172557000.00,-422028000.00,36103000.00,37966000.00,159255000.00,72797000.00,77027000.00,185289000.00,-5981000.00,43532000.00,84760000.00,-28298000.00,26224000.00,-4480000.00,100620000.00,2883000.00,-7572000.00,23884000.00,-29687000.00,28414000.00,23560000.00,-193275000.00,-39602000.00,66404000.00,70185000.00,-106062000.00,68241000.00,41435000.00,9533000.00,-129613000.00,163000000.00,108100000.00,-22000000.00,-65000000.00,89300000.00,-11200000.00,16000000.00,-38000000.00,10900000.00,-8200000.00,3500000.00,20200000.00,-83500000.00,81300000.00,-40400000.00,63000000.00,,,,,,,,,,,,,,,,,,
beginPeriodCashFlow,7835000000.00,9161000000.00,9882000000.00,9594000000.00,8937000000.00,7675000000.00,9799000000.00,9302000000.00,8658000000.00,8054000000.00,6838000000.00,4480000000.00,4763000000.00,3377000000.00,3860000000.00,4091000000.00,3137000000.00,3022000000.00,3844000000.00,7369000000.00,3065000000.00,3857000000.00,9407000000.00,11012000000.00,9675000000.00,8706000000.00,18620000000.00,2500000000.00,2578000000.00,3334000000.00,5001000000.00,3132000000.00,4048000000.00,3226000000.00,4063000000.00,3613000000.00,3570000000.00,2060000000.00,3475000000.00,2882454000.00,5572254000.00,4373120000.00,10802163000.00,7996948000.00,7052776000.00,4345910000.00,6812820000.00,5049299000.00,4077018000.00,2740156000.00,3648371000.00,3818145000.00,4321702000.00,1566820000.00,8809339000.00,4875915000.00,4204304000.00,4874795000.00,4112022000.00,2810343000.00,3796586000.00,2709951000.00,2456384000.00,1910831000.00,1538931000.00,682348000.00,521192000.00,526370000.00,790902000.00,2343096000.00,2893687000.00,2845007000.00,1447214000.00,1703387000.00,1225628000.00,810891000.00,1231573000.00,1123984000.00,995124000.00,1681937000.00,1078907000.00,1020484000.00,704450000.00,742648000.00,482137000.00,944983000.00,657378000.00,594153000.00,664747000.00,492190000.00,914218000.00,878115000.00,840149000.00,680894000.00,608097000.00,531070000.00,345781000.00,351762000.00,308230000.00,223470000.00,251768000.00,225544000.00,230024000.00,129404000.00,126521000.00,134093000.00,110209000.00,139896000.00,111482000.00,87922000.00,281197000.00,320799000.00,254395000.00,184210000.00,290272000.00,222031000.00,180596000.00,171063000.00,300676000.00,137676000.00,,51600000.00,116600000.00,,16000000.00,22400000.00,60400000.00,,3500000.00,54200000.00,34000000.00,81300000.00,,76600000.00,13600000.00,,,,,,,,,,,,,,,,,,
endPeriodCashFlow,,7835000000.00,9161000000.00,9882000000.00,9594000000.00,8937000000.00,7675000000.00,9799000000.00,9302000000.00,8658000000.00,8054000000.00,6838000000.00,4480000000.00,4763000000.00,3377000000.00,3860000000.00,4091000000.00,3137000000.00,3022000000.00,3844000000.00,7369000000.00,3065000000.00,3857000000.00,9407000000.00,11012000000.00,9675000000.00,8706000000.00,18620000000.00,2500000000.00,2578000000.00,3334000000.00,5001000000.00,3132000000.00,4048000000.00,3226000000.00,4063000000.00,3613000000.00,3570000000.00,2060000000.00,3475000000.00,2882454000.00,5572254000.00,4373120000.00,10802163000.00,7996948000.00,7052776000.00,4345910000.00,6812820000.00,5049299000.00,4077018000.00,2740156000.00,3648371000.00,3818145000.00,4321702000.00,1566820000.00,8809339000.00,4875915000.00,4204304000.00,4874795000.00,4112022000.00,2810343000.00,3796586000.00,2709951000.00,2456384000.00,1910831000.00,1538931000.00,682348000.00,521192000.00,526370000.00,790902000.00,2343096000.00,2893687000.00,2845007000.00,1447214000.00,1703387000.00,1225628000.00,810891000.00,1231573000.00,1123984000.00,995124000.00,1681937000.00,1078907000.00,1020484000.00,704450000.00,742648000.00,482137000.00,944983000.00,657378000.00,594153000.00,664747000.00,492190000.00,914218000.00,878115000.00,840149000.00,680894000.00,608097000.00,531070000.00,345781000.00,351762000.00,308230000.00,223470000.00,251768000.00,225544000.00,230024000.00,129404000.00,126521000.00,134093000.00,110209000.00,139896000.00,111482000.00,87922000.00,281197000.00,320799000.00,254395000.00,184210000.00,290272000.00,222031000.00,180596000.00,171063000.00,300676000.00,108100000.00,-22000000.00,51600000.00,89300000.00,-11200000.00,16000000.00,22400000.00,10900000.00,-8200000.00,3500000.00,54200000.00,-83500000.00,81300000.00,-40400000.00,76600000.00,,,,,,,,,,,,,,,,,,
totalCashFromOperatingActivities,4223000000.00,1203000000.00,1143000000.00,2326000000.00,2780000000.00,2410000000.00,2065000000.00,3067000000.00,2701000000.00,2128000000.00,2637000000.00,3798000000.00,2066000000.00,1322000000.00,715000000.00,2416000000.00,1948000000.00,1060000000.00,712000000.00,1765000000.00,2183000000.00,1244000000.00,1108000000.00,1640000000.00,2005000000.00,1351000000.00,574000000.00,1170000000.00,1217000000.00,909000000.00,-93000000.00,828000000.00,1195000000.00,941000000.00,2000000.00,1238000000.00,1201000000.00,900000000.00,336000000.00,1625061000.00,522125000.00,716559000.00,460255000.00,1503140000.00,3519502000.00,2066829000.00,2224930000.00,1401349000.00,3054430000.00,2503152000.00,2011146000.00,2316519000.00,2548413000.00,2348297000.00,1522752000.00,1832617000.00,3030024000.00,1713801000.00,698718000.00,1582154000.00,2698411000.00,1758475000.00,1305151000.00,1050091000.00,1538010000.00,1539455000.00,1056287000.00,1288543000.00,1284889000.00,1572690000.00,1183119000.00,1351248000.00,1424911000.00,1864530000.00,533727000.00,802603000.00,865782000.00,1384216000.00,1355342000.00,646728000.00,1089042000.00,1067662000.00,943016000.00,1199529000.00,900933000.00,918869000.00,1163613000.00,887390000.00,1184378000.00,1591514000.00,-96434000.00,774183000.00,677881000.00,1267589000.00,379965000.00,404246000.00,921098000.00,766789000.00,845388000.00,464788000.00,570470000.00,816260000.00,881383000.00,618556000.00,646305000.00,579280000.00,784626000.00,570518000.00,632534000.00,494844000.00,684166000.00,411182000.00,519184000.00,526886000.00,508329000.00,591694000.00,600455000.00,473143000.00,546845000.00,472109000.00,572700000.00,366100000.00,436000000.00,508400000.00,267500000.00,344600000.00,268300000.00,414200000.00,408300000.00,385300000.00,245400000.00,374900000.00,360500000.00,248000000.00,217500000.00,,,,,,,,,,,,,,,,,,
issuanceOfCapitalStock,,,,,,,,,,,,,,,,,,,,,,,,,,,,,,,,,,,,,,,,,,,,,,,,,,,,,,,,,,,,,,,,,,,,,,,,,,,,,,,,,,,,,,,,,,,,,,,,,,,,,,,,,,,,,,,,,,,,,,,,,,,,,,,,,,,,,,,,,,,,,,,,,,,,,,,,,
depreciation,945000000.00,800000000.00,806000000.00,807000000.00,815000000.00,822000000.00,823000000.00,883000000.00,847000000.00,874000000.00,934000000.00,866000000.00,808000000.00,825000000.00,828000000.00,756000000.00,754000000.00,751000000.00,753000000.00,763000000.00,813000000.00,850000000.00,852000000.00,843000000.00,756000000.00,648000000.00,774000000.00,319000000.00,340000000.00,347000000.00,347000000.00,366000000.00,383000000.00,352000000.00,371000000.00,395000000.00,355000000.00,400000000.00,398000000.00,425625000.00,436692000.00,435830000.00,420853000.00,588777000.00,759728000.00,691435000.00,743267000.00,648429000.00,838386000.00,811412000.00,745667000.00,709578000.00,677024000.00,675202000.00,562501000.00,547353000.00,540714000.00,537398000.00,464045000.00,422555000.00,498560000.00,465860000.00,451854000.00,483192000.00,503769000.00,467161000.00,400764000.00,411106000.00,381441000.00,393611000.00,372592000.00,337715000.00,343367000.00,332977000.00,344880000.00,333360000.00,312803000.00,315116000.00,327421000.00,371156000.00,273554000.00,316626000.00,312655000.00,285836000.00,291461000.00,276927000.00,323121000.00,318892000.00,307873000.00,311185000.00,230068000.00,198775000.00,192883000.00,263212000.00,172561000.00,196113000.00,215753000.00,204541000.00,211599000.00,193211000.00,197731000.00,202716000.00,190585000.00,180710000.00,198608000.00,172360000.00,176076000.00,178026000.00,188797000.00,155954000.00,163308000.00,166929000.00,139208000.00,123203000.00,137083000.00,119455000.00,130599000.00,128110000.00,132340000.00,107781000.00,124700000.00,132300000.00,119300000.00,96300000.00,111500000.00,107100000.00,112900000.00,91900000.00,94200000.00,95500000.00,97400000.00,94000000.00,86200000.00,87100000.00,88600000.00,,,,,,,,,,,,,,,,,,
otherCashflowsFromInvestingActivities,-862000000.00,-785000000.00,4000000.00,8000000.00,59000000.00,56000000.00,2000000.00,12000000.00,-82000000.00,6000000.00,-11000000.00,6000000.00,7000000.00,19000000.00,3000000.00,4000000.00,-122000000.00,-91000000.00,-63000000.00,6000000.00,12000000.00,36000000.00,42000000.00,-3551000000.00,-26000000.00,23000000.00,-7552000000.00,1000000.00,-60000000.00,23000000.00,23000000.00,9000000.00,-216000000.00,2301000000.00,243000000.00,-482000000.00,-2787000000.00,27000000.00,27000000.00,-11936000.00,-547064000.00,0.00,0.00,-24276000.00,-431934000.00,-108841000.00,-659700000.00,6928000.00,-488199000.00,1687066000.00,7804000.00,-323788000.00,-2202230000.00,-507895000.00,-8287756000.00,0.00,0.00,0.00,,,,,300441000.00,534952000.00,319513000.00,,769000.00,,,,1503000.00,,12429000.00,11629000.00,1343000.00,14433000.00,13385000.00,11735000.00,1633000.00,66465000.00,,,4067000.00,16570000.00,12461000.00,9232000.00,5765000.00,,17970000.00,16914000.00,11808000.00,,245319000.00,152034000.00,179761000.00,,,,,,,,,,,,,,,,,,,,,,,,,,,,,,,,,,,,,,,,,,,,,,,,,,,,,,,,,,
dividendsPaid,2668000000.00,-890000000.00,-890000000.00,-823000000.00,826000000.00,828000000.00,832000000.00,798000000.00,801000000.00,803000000.00,800000000.00,641000000.00,639000000.00,642000000.00,638000000.00,568000000.00,569000000.00,568000000.00,565000000.00,495000000.00,494000000.00,494000000.00,491000000.00,464000000.00,463000000.00,462000000.00,460000000.00,386000000.00,384000000.00,384000000.00,385000000.00,360000000.00,359000000.00,360000000.00,364000000.00,335000000.00,331000000.00,333000000.00,343000000.00,218216000.00,219687000.00,220536000.00,223561000.00,811874000.00,805405000.00,806984000.00,758548000.00,752090000.00,751630000.00,750409000.00,683967000.00,692101000.00,679423000.00,679199000.00,620752000.00,618776000.00,618376000.00,618227000.00,559081000.00,558509000.00,555557000.00,555636000.00,504550000.00,502297000.00,502294000.00,500752000.00,453807000.00,452802000.00,450752000.00,450065000.00,423551000.00,426616000.00,427537000.00,426579000.00,405740000.00,404950000.00,405911000.00,405531000.00,383378000.00,383038000.00,382849000.00,382463000.00,367353000.00,367196000.00,367133000.00,366923000.00,326598000.00,326044000.00,325728000.00,330207000.00,288803000.00,293945000.00,294487000.00,294400000.00,263062000.00,258751000.00,258605000.00,258420000.00,227519000.00,227837000.00,228445000.00,229036000.00,206343000.00,206831000.00,208052000.00,208766000.00,185905000.00,186708000.00,187540000.00,188504000.00,165395000.00,166258000.00,166877000.00,167816000.00,152616000.00,153457000.00,154236000.00,155111000.00,139552000.00,140244000.00,140900000.00,141500000.00,125400000.00,125800000.00,129300000.00,126900000.00,106400000.00,106200000.00,106800000.00,107100000.00,90200000.00,90300000.00,91400000.00,92100000.00,77400000.00,,,,,,,,,,,,,,,,,,
changeToInventory,,-248000000.00,-419000000.00,-189000000.00,-194000000.00,-476000000.00,-554000000.00,15000000.00,71000000.00,-5000000.00,-537000000.00,345000000.00,149000000.00,-550000000.00,-437000000.00,137000000.00,-190000000.00,-254000000.00,-286000000.00,-64000000.00,-114000000.00,-165000000.00,-171000000.00,210000000.00,166000000.00,35000000.00,-162000000.00,54000000.00,-3000000.00,-54000000.00,-95000000.00,-44000000.00,-3000000.00,-82000000.00,-128000000.00,-94000000.00,-62000000.00,-51000000.00,-90000000.00,88032000.00,-9785000.00,-100257000.00,-131990000.00,48417000.00,-85992000.00,-208791000.00,-170687000.00,-177142000.00,-2458000.00,5195000.00,44784000.00,192741000.00,-27053000.00,23800000.00,-49631000.00,316806000.00,194359000.00,-81906000.00,-198704000.00,-140526000.00,-81863000.00,1662000.00,-36749000.00,165818000.00,-35495000.00,38828000.00,-37827000.00,15417000.00,-99978000.00,29271000.00,159943000.00,94154000.00,-179161000.00,62136000.00,-65386000.00,-45840000.00,-65934000.00,-128620000.00,-44934000.00,83747000.00,-38383000.00,85883000.00,-124240000.00,677000.00,-30144000.00,14508000.00,-176016000.00,17527000.00,-13155000.00,-23230000.00,-166095000.00,-36483000.00,-72560000.00,-85436000.00,-166898000.00,-84449000.00,2657000.00,-65493000.00,-493000.00,23368000.00,15136000.00,-63941000.00,-86212000.00,-34241000.00,-21155000.00,-48013000.00,4445000.00,-19878000.00,-22327000.00,-34628000.00,-48893000.00,-62395000.00,-22133000.00,-25205000.00,16549000.00,34835000.00,12592000.00,-59870000.00,-39850000.00,-16890000.00,-12000000.00,-33000000.00,-29600000.00,26400000.00,-14300000.00,-62200000.00,-59000000.00,9100000.00,10800000.00,-31500000.00,-33200000.00,25900000.00,-16200000.00,-16500000.00,-47900000.00,,,,,,,,,,,,,,,,,,
changeToAccountReceivables,,-196000000.00,233000000.00,341000000.00,530000000.00,-188000000.00,-751000000.00,-189000000.00,-394000000.00,35000000.00,165000000.00,-581000000.00,-470000000.00,231000000.00,-104000000.00,82000000.00,-22000000.00,-165000000.00,-170000000.00,90000000.00,-143000000.00,-84000000.00,-53000000.00,-38000000.00,-113000000.00,-86000000.00,30000000.00,-61000000.00,34000000.00,-146000000.00,-4000000.00,-20000000.00,-26000000.00,-35000000.00,-90000000.00,-22000000.00,-97000000.00,-158000000.00,82000000.00,-134790000.00,112613000.00,-81072000.00,-9751000.00,-653296000.00,-54220000.00,611030000.00,132482000.00,-942682000.00,-243358000.00,216935000.00,298953000.00,-870874000.00,230374000.00,-45803000.00,291638000.00,-897998000.00,82992000.00,51592000.00,375665000.00,-948314000.00,,,43998000.00,12890000.00,94663000.00,38724000.00,161673000.00,21069000.00,388510000.00,311014000.00,263130000.00,-158980000.00,334331000.00,245285000.00,141588000.00,75444000.00,,66076000.00,163640000.00,40568000.00,188516000.00,313018000.00,246501000.00,-137709000.00,,,62891000000.00,-279167000000.00,,40097000.00,74907000.00,-260790000.00,,,80183000.00,,,,,,,,,,,,,,,,,,,,,,,,,,,,,,,,,,,,,,,,,,,,,,,,,,,,,,,,,,
salePurchaseOfStock,-835000000.00,-426000000.00,-540000000.00,-685000000.00,-798000000.00,-5000000.00,-2307000000.00,-974000000.00,-579000000.00,-471000000.00,-275000000.00,-161000000.00,-2000000.00,-4000000.00,-236000000.00,-496000000.00,-1000000.00,-4000000.00,-217000000.00,-104000000.00,-3000000.00,-3000000.00,-128000000.00,-721000000.00,-8000000.00,-3000000.00,-95000000.00,42000000.00,-2000000.00,-1000000.00,-519000000.00,-888000000.00,-2000000.00,-1000000.00,-1346000000.00,-1000000.00,-1000000.00,-1000000.00,-2192000000.00,-38841000.00,-351008000.00,-289818000.00,-925333000.00,-640892000.00,-1234000.00,-734428000.00,-987686000.00,-2579000.00,-583000.00,-2095000.00,-71750000.00,-652000.00,-2326000.00,-2479000.00,-861368000.00,-959000.00,-605000.00,-1828000.00,-822953000.00,-8679000.00,-1692000.00,-252285000.00,-819150000.00,-187000.00,-195136000.00,-2267000.00,-861203000.00,754502000.00,,,-754502000.00,-712847000.00,-177083000.00,113046000.00,-525430000.00,-94396000.00,,,-264069000.00,-48847000.00,14139000.00,25346000.00,-88255000.00,,,,390000000000.00,-17364000000.00,,,5506000000.00,-261929000.00,,,,,,,-293988000.00,-293988000.00,-215676000.00,-194034000.00,-171709000.00,-321825000.00,-311278000.00,-231801000.00,-189608000.00,-315758000.00,-187182000.00,-179237000.00,-126639000.00,-280538000.00,-135132000.00,-188650000.00,-167091000.00,-202144000.00,-129521000.00,-141656000.00,-142625000.00,-168722000.00,-92700000.00,-114800000.00,-89600000.00,-189200000.00,-208800000.00,-125000000.00,-84600000.00,-102900000.00,-81900000.00,-78600000.00,-54400000.00,-119800000.00,-202800000.00,-147100000.00,-135900000.00,,,,,,,,,,,,,,,,,,
otherCashflowsFromFinancingActivities,,29000000.00,20000000.00,600000000.00,82000000.00,21000000.00,67000000.00,-111000000.00,43000000.00,13000000.00,110000000.00,16000000.00,56000000.00,1305000000.00,140000000.00,1797000000.00,59000000.00,144000000.00,140000000.00,-23000000.00,3967000000.00,167000000.00,143000000.00,8000000.00,-8000000.00,83000000.00,-13000000.00,13891000000.00,-38000000.00,-132000000.00,-25000000.00,772000000.00,-451000000.00,10000000.00,1170000000.00,-364000000.00,61000000.00,-285000000.00,1383000000.00,-94600000.00,11937000.00,974867000.00,-3583806000.00,14975553000.00,-1384318000.00,1656779000.00,2086308000.00,-313389000.00,-1126922000.00,872420000.00,571965000.00,2272183000.00,-5357000.00,894556000.00,963175000.00,1123108000.00,-237352000.00,790432000.00,5049812000.00,1874863000.00,-3279837000.00,709923000.00,789946000.00,-176323000.00,-233187000.00,-229200000.00,94217000.00,2971998000.00,-987365000.00,4032008000.00,-365824000.00,449206000.00,904407000.00,-1457593000.00,500450000.00,286513000.00,-589136000.00,1129752000.00,692786000.00,-466060000.00,428140000.00,-401404000.00,46432000.00,-522175000.00,89111000.00,-198996000.00,-387068000.00,2758409702000.00,-374092000.00,555713000.00,5497853000.00,789514000.00,-311050000.00,-554806000.00,6216000.00,22731000.00,-107547000.00,-305116000.00,-467782000.00,486130000.00,46153000.00,287862000.00,-286763000.00,281439000.00,189242000.00,260728000.00,-175842000.00,295623000.00,28535000.00,994993000.00,-374476000.00,191271000.00,115796000.00,79859000.00,104179000.00,24235000.00,14251000.00,69126000.00,-169232000.00,102599000.00,-29500000.00,122200000.00,-45300000.00,165900000.00,302200000.00,-157600000.00,128000000.00,55600000.00,-51000000.00,24500000.00,-80800000.00,-230000000.00,181100000.00,203300000.00,244200000.00,,,,,,,,,,,,,,,,,,
changeToNetincome,,132000000.00,281000000.00,115000000.00,123000000.00,142000000.00,305000000.00,106000000.00,114000000.00,132000000.00,288000000.00,98000000.00,100000000.00,115000000.00,233000000.00,332000000.00,94000000.00,114000000.00,226000000.00,248000000.00,83000000.00,101000000.00,212000000.00,23000000.00,63000000.00,92000000.00,-980000000.00,46000000.00,1000000000.00,62000000.00,604000000.00,40000000.00,27000000.00,-149000000.00,-2673000000.00,56000000.00,40000000.00,49000000.00,119000000.00,39948000.00,44758000.00,51548000.00,125746000.00,1425352000.00,75608000.00,85785000.00,197342000.00,62499000.00,67838000.00,-23543000.00,275808000.00,370147000.00,72146000.00,84224000.00,173866000.00,577416000.00,,,,160830000.00,,,,,,,,,,,,567569000.00,,,,217815000.00,,,,63591000.00,,,,,,,,51747000.00,,,,,,,,,,,,,,,,,,,,,,,,,,,,,,,,,,,,,,,,,,,,,,,,,,,,,,,,,,,,,,,,,
capitalExpenditures,1447000000,507000000,380000000,610000000,467000000,379000000,321000000,614000000,461000000,413000000,397000000,679000000,496000000,642000000,360000000,434000000,401000000,468000000,335000000,467000000,354000000,298000000,275000000,345000000,263000000,255000000,272000000,319000000,312000000,247000000,243000000,248000000,411000000,216000000,235000000,287000000,277000000,258000000,255000000,303659000,276457000,290419000,274465000,386096000,530747000,425116000,453330000,274735000,451995000,372957000,391813000,291333000,205085000,273514000,245143000,245447000,328710000,262740000,252151000,264592000,319805000,370344000,332983000,428779000,387578000,510731000,329119000,314121000,352339000,375106000,296252000,311649000,261992000,299709000,334143000,357925000,371921000,198206000,363581000,310467000,341518000,309842000,284914000,386294000,309615000,275574000,324914000,362098000,410219000,154617000,236773000,307629000,197399000,289041000,241804000,252582000,272270000,252307000,209939000,0,0,0,0,0,0,0,0,0,220665000,231085000,229823000,0,0,0,0,0,0,0,0,0,244100000,241100000,211800000,305400000,248700000,236300000,216800000,270800000,181500000,163900000,154400000,185100000,144200000,157400000,154700000,,,,,,,,,,,,,,,,,,
changeReceivables,,-196000000.00,233000000.00,341000000.00,530000000.00,-188000000.00,-751000000.00,-189000000.00,-394000000.00,35000000.00,165000000.00,-581000000.00,-470000000.00,231000000.00,-104000000.00,,,,-170000000.00,90000000.00,-143000000.00,-84000000.00,-53000000.00,-38000000.00,-113000000.00,-86000000.00,30000000.00,-61000000.00,34000000.00,-146000000.00,-4000000.00,-20000000.00,-26000000.00,-35000000.00,-90000000.00,-22000000.00,-97000000.00,-158000000.00,82000000.00,-134790000.00,112613000.00,-81072000.00,-9751000.00,-653296000.00,-54220000.00,611030000.00,132482000.00,-942682000.00,-243358000.00,216935000.00,298953000.00,-870874000.00,230374000.00,-45803000.00,291638000.00,,,,,,,,,,,,,,,,,,,,,,,,,,,,,,,,,,,,,,,,,,,,,,,,,,,,,,,,,,,,,,,,,,,,,,,,,,,,,,,,,,,,,,,,,,,,,,,,,,
cashFlowsOtherOperating,,-660000000.00,-1076000000.00,182000000.00,71000000.00,92000000.00,-205000000.00,-117000000.00,-37000000.00,-97000000.00,-6000000.00,-244000000.00,247000000.00,164000000.00,-369000000.00,,,,-483000000.00,-459000000.00,981000000.00,-191000000.00,-150000000.00,-339000000.00,530000000.00,379000000.00,493000000.00,1200000000.00,175000000.00,85000000.00,-1261000000.00,-496000000.00,234000000.00,71000000.00,230000000.00,27000000.00,426000000.00,194000000.00,-548000000.00,-268754000.00,-62153000.00,410510000.00,55397000.00,1537368000.00,2824378000.00,887370000.00,1322526000.00,1422671000.00,5200622000.00,-449629000.00,-217884000.00,4739805000.00,705262000.00,319224000.00,-458637000.00,,,,,,,,,,,,,,,,,,,,,,,,,,,,,,,,,,,,,,,,,,,,,,,,,,,,,,,,,,,,,,,,,,,,,,,,,,,,,,,,,,,,,,,,,,,,,,,,,,
exchangeRateChanges,,,,,,,,,,,,,,,,,,,,,,,35000000.00,19000000.00,24000000.00,8000000.00,65000000.00,-104000000.00,5000000.00,-16000000.00,-368000000.00,-28000000.00,-99000000.00,13000000.00,-84000000.00,-78000000.00,-62000000.00,1000000.00,-4000000.00,-3000000.00,43599000.00,-18012000.00,-48587000.00,21903000.00,147234000.00,-163700000.00,34700000.00,282516000.00,-406022000.00,14298000.00,66203000.00,47410000.00,28134000.00,-110125000.00,-586312000.00,,,,,,,,,,,,,,,,,,,,,,,,,,,,,,,,,,,,,,,,,,,,,,,,,,,,,,,,,,,,,,,,,,,,,,,,,,,,,,,,,,,,,,,,,,,,,,,,,,
cashAndCashEquivalentsChanges,,-1299000000.00,-729000000.00,237000000.00,753000000.00,1333000000.00,-2118000000.00,510000000.00,673000000.00,600000000.00,1248000000.00,2280000000.00,-321000000.00,1361000000.00,-413000000.00,,,,-826000000.00,-3507000000.00,4331000000.00,-721000000.00,-5550000000.00,-1605000000.00,1337000000.00,969000000.00,-9914000000.00,16120000000.00,-78000000.00,-756000000.00,-1667000000.00,1869000000.00,-916000000.00,822000000.00,-837000000.00,450000000.00,43000000.00,1510000000.00,-1415000000.00,592709000.00,-2689800000.00,1199134000.00,-6429043000.00,2805215000.00,944172000.00,2706866000.00,-2466910000.00,1763521000.00,972281000.00,1336862000.00,-908215000.00,-169774000.00,-503557000.00,2754882000.00,-7242519000.00,,,,,,,,,,,,,,,,,,,,,,,,,,,,,,,,,,,,,,,,,,,,,,,,,,,,,,,,,,,,,,,,,,,,,,,,,,,,,,,,,,,,,,,,,,,,,,,,,,
changeInWorkingCapital,-2866000000.00,-444000000.00,-186000000.00,114000000.00,336000000.00,-664000000.00,-1305000000.00,-106000000.00,-323000000.00,30000000.00,-372000000.00,289000000.00,-321000000.00,-319000000.00,-541000000.00,-244000000.00,-212000000.00,-419000000.00,-456000000.00,582000000.00,-257000000.00,-249000000.00,-224000000.00,2045000000.00,53000000.00,-51000000.00,-132000000.00,-1245000000.00,31000000.00,-200000000.00,-99000000.00,208000000.00,-29000000.00,-117000000.00,-218000000.00,-114000000.00,-159000000.00,-209000000.00,-8000000.00,-1016758000.00,102828000.00,-181329000.00,-141741000.00,-1948390000.00,741363000.00,-614601000.00,-38205000.00,-318984000.00,-245816000.00,222130000.00,343737000.00,-330390000.00,908583000.00,297221000.00,-216630000.00,-524291000.00,946356000.00,-169666000.00,-593781000.00,-751757000.00,1048433000.00,-343611000.00,7249000.00,-1067980000.00,213277000.00,41625000.00,-250287000.00,-1025807000.00,-22482000.00,569722000.00,-69494000.00,22021000.00,-90115000.00,165833000.00,76202000.00,-212662000.00,-164779000.00,-226184000.00,118706000.00,-608595000.00,-162885000.00,152400000.00,122261000.00,199209000.00,-26850000.00,-89510000.00,-113125000.00,-348393000.00,245105000.00,-435719000.00,-102889000.00,-247905000.00,-169421000.00,411378000.00,-439249000.00,-545982000.00,239218000.00,-80412000.00,-32780000.00,-340849000.00,8128000.00,-92729000.00,-35745000.00,-152959000.00,-46628000.00,-49635000.00,-89243000.00,-152508000.00,84645000.00,-118244000.00,-53754000.00,-311847000.00,-20698000.00,52776000.00,-57828000.00,19253000.00,118514000.00,-31522000.00,48271000.00,7145000.00,131900000.00,-112200000.00,-28900000.00,1700000.00,-122800000.00,-22600000.00,-138800000.00,-35800000.00,62600000.00,21500000.00,-110100000.00,10600000.00,53700000.00,-79500000.00,-96000000.00,,,,,,,,,,,,,,,,,,
stockBasedCompensation,,132000000.00,281000000.00,115000000.00,123000000.00,142000000.00,305000000.00,106000000.00,114000000.00,132000000.00,288000000.00,98000000.00,100000000.00,115000000.00,233000000.00,85000000.00,94000000.00,114000000.00,226000000.00,81000000.00,83000000.00,101000000.00,212000000.00,68000000.00,75000000.00,92000000.00,171000000.00,47000000.00,49000000.00,62000000.00,152000000.00,43000000.00,44000000.00,57000000.00,148000000.00,38000000.00,40000000.00,49000000.00,119000000.00,39948000.00,44758000.00,51548000.00,125746000.00,74379000.00,75608000.00,85785000.00,197342000.00,62499000.00,67838000.00,76457000.00,175808000.00,56947000.00,72146000.00,84224000.00,173866000.00,58859000.00,62587000.00,57964000.00,186947000.00,347015000.00,,,151922000.00,46330000.00,,,153701000.00,136474000.00,,,,9745000.00,-41000.00,,,-10220000.00,,,,-7657000.00,,,,11719000.00,,,,,,,,,,,,,,,,,,,,,,,,,,,,,,,,,,,,,,,,,,,,,,,,,,,,,,,,,,,,,,,,,,,,,
otherNonCashItems,,-660000000.00,-1076000000.00,257000000.00,71000000.00,92000000.00,-205000000.00,195000000.00,-37000000.00,-97000000.00,-6000000.00,383000000.00,247000000.00,164000000.00,-369000000.00,770000000.00,352000000.00,-392000000.00,-483000000.00,-608000000.00,981000000.00,-191000000.00,-150000000.00,-490000000.00,530000000.00,379000000.00,493000000.00,1003000000.00,175000000.00,85000000.00,-871000000.00,-867000000.00,234000000.00,71000000.00,74000000.00,-414000000.00,426000000.00,194000000.00,-718000000.00,1191695000.00,-1027886000.00,-65545000.00,-558227000.00,-1848719007000.00,1942803000.00,1904210000.00,-606877000.00,-969368263000.00,2394022000.00,2256971000.00,-293636000.00,-327971463000.00,,,-188169000.00,-508457033000.00,,,-1076524000.00,-834225000.00,66806000.00,314212000.00,-551229000.00,390294000.00,103958000.00,41925000.00,-659564000.00,2287494000.00,210088000.00,-2887000.00,15138000.00,-59998000.00,404403000.00,488668000.00,-725243000.00,-212261000.00,-86321000.00,721041000.00,86306000.00,-81359000.00,217156000.00,351993000.00,-292881000.00,73042000.00,-83729000.00,139187000.00,99337000.00,303336000.00,,1187000000.00,,69914000.00,,-92203000.00,-46304000.00,83712000.00,,,,-13925000.00,-167111000.00,120708000.00,136950000.00,24147000.00,22876000.00,-64974000.00,162967000.00,34386000.00,-61795000.00,-13289000.00,94503000.00,90735000.00,18623000.00,-73123000.00,11820000.00,30434000.00,,,,-34143000.00,-100000.00,-100000.00,100000.00,61400000.00,,-57000000.00,,43400000.00,-100000.00,,4000000.00,-9500000.00,-200000.00,200000.00,-100000.00,,,,,,,,,,,,,,,,,,
freeCashFlow,,696000000.00,763000000.00,1716000000.00,2313000000.00,2031000000.00,1744000000.00,2453000000.00,2240000000.00,1715000000.00,2240000000.00,3119000000.00,1570000000.00,680000000.00,355000000.00,1982000000.00,1547000000.00,592000000.00,377000000.00,1298000000.00,1829000000.00,946000000.00,833000000.00,1295000000.00,1742000000.00,1096000000.00,302000000.00,851000000.00,905000000.00,662000000.00,-336000000.00,580000000.00,784000000.00,725000000.00,-233000000.00,951000000.00,924000000.00,642000000.00,81000000.00,1321402000.00,245668000.00,426140000.00,185790000.00,1117044000.00,2988755000.00,1641713000.00,1771600000.00,1126614000.00,2602435000.00,2130195000.00,1619333000.00,2025186000.00,2343328000.00,2074783000.00,1277609000.00,1587170000.00,2701314000.00,1451061000.00,446567000.00,1317562000.00,2378606000.00,1388131000.00,972168000.00,621312000.00,1150432000.00,1028724000.00,727168000.00,974422000.00,932550000.00,1197584000.00,886867000.00,1039599000.00,1162919000.00,1564821000.00,199584000.00,444678000.00,493861000.00,1186010000.00,991761000.00,336261000.00,747524000.00,757820000.00,658102000.00,813235000.00,591318000.00,643295000.00,838699000.00,525292000.00,774159000.00,1436897000.00,-333207000.00,466554000.00,480482000.00,978548000.00,138161000.00,151664000.00,648828000.00,514482000.00,635449000.00,464788000.00,570470000.00,816260000.00,881383000.00,618556000.00,646305000.00,579280000.00,784626000.00,570518000.00,411869000.00,263759000.00,454343000.00,411182000.00,519184000.00,526886000.00,508329000.00,591694000.00,600455000.00,473143000.00,546845000.00,472109000.00,328600000.00,125000000.00,224200000.00,203000000.00,18800000.00,108300000.00,51500000.00,143400000.00,226800000.00,221400000.00,91000000.00,189800000.00,216300000.00,90600000.00,62800000.00,,,,,,,,,,,,,,,,,,
researchDevelopment,672000000.00,715000000.00,654000000.00,725000000.00,782000000.00,684000000.00,697000000.00,762000000.00,672000000.00,654000000.00,654000000.00,698000000.00,580000000.00,564000000.00,578000000.00,595000000.00,596000000.00,577000000.00,672000000.00,562000000.00,574000000.00,575000000.00,589000000.00,613000000.00,562000000.00,513000000.00,547000000.00,343000000.00,352000000.00,348000000.00,379000000.00,369000000.00,378000000.00,345000000.00,313000000.00,361000000.00,307000000.00,335000000.00,387000000.00,386000000.00,357000000.00,363000000.00,346000000.00,1141431000.00,1164000000.00,1011000000.00,1006000000.00,1151607000.00,1010000000.00,1038000000.00,930000000.00,1295632000.00,1079000000.00,858000000.00,730000000.00,747048000.00,676000000.00,670000000.00,650743000.00,731631000.00,680360000.00,656863000.00,619957000.00,662401000.00,640718000.00,583474000.00,578374000.00,596167000.00,617625000.00,1049337000.00,485142000.00,490392000.00,448869000.00,445258000.00,436656000.00,463967000.00,391698000.00,436510000.00,429024000.00,485693000.00,438999000.00,402753000.00,406027000.00,432494000.00,393125000.00,379492000.00,356681000.00,461365000.00,400566000.00,397341000.00,318280000.00,349682000.00,318383000.00,361592000.00,321367000.00,335602000.00,276240000.00,314944000.00,267177000.00,342507000.00,292078000.00,307132000.00,279876000.00,375384000.00,326797000.00,320148000.00,280074000.00,352409000.00,278970000.00,304846000.00,268616000.00,282381000.00,255829000.00,287360000.00,247175000.00,252340000.00,239390000.00,244989000.00,226797000.00,,,,,,,,,,,,,,,,,,,,,,,,,,,,,,,,,,
effectOfAccountingCharges,,,,,,,,,,,,,,,,,,,,0.00,0.00,0.00,0.00,0.00,0.00,0.00,0.00,0.00,0.00,0.00,0.00,0.00,0.00,0.00,0.00,0.00,0.00,0.00,0.00,0.00,0.00,0.00,0.00,0.00,0.00,0.00,0.00,0.00,0.00,0.00,0.00,0.00,0.00,0.00,0.00,0.00,0.00,0.00,0.00,0.00,0.00,0.00,0.00,0.00,0.00,0.00,0.00,0.00,0.00,0.00,0.00,0.00,0.00,0.00,0.00,0.00,0.00,0.00,0.00,0.00,0.00,0.00,0.00,0.00,0.00,0.00,0.00,0.00,0.00,0.00,0.00,0.00,0.00,0.00,0.00,,,,,,,,,,,,,,,,,,,,,,,,,,,,,,,,,,,,,,,,,,,,,,,,,,,,,,,,,,
incomeBeforeTax,1671000000.00,1636000000.00,1562000000.00,1320000000.00,1758000000.00,2352000000.00,2876000000.00,2327000000.00,2493000000.00,1348000000.00,2043000000.00,2388000000.00,1421000000.00,526000000.00,633000000.00,1240000000.00,1103000000.00,1102000000.00,632000000.00,947000000.00,718000000.00,777000000.00,431000000.00,574000000.00,626000000.00,295000000.00,736000000.00,875000000.00,-179000000.00,715000000.00,2000000.00,830000000.00,714000000.00,986000000.00,653000000.00,804000000.00,718000000.00,737000000.00,423000000.00,737000000.00,628000000.00,601000000.00,554000000.00,873887000.00,1872000000.00,2003000000.00,1513000000.00,1953705000.00,501000000.00,1675000000.00,1069000000.00,1767830000.00,1064000000.00,1559000000.00,1322000000.00,1822882000.00,1871000000.00,1567000000.00,1932479000.00,1686206000.00,1373036000.00,1636318000.00,1160726000.00,1482925000.00,893419000.00,1252638000.00,770991000.00,-242100000.00,726317000.00,657136000.00,1135017000.00,1399924000.00,895670000.00,1146470000.00,1177856000.00,1155644000.00,1066058000.00,875672000.00,1109384000.00,1242620000.00,1020641000.00,417233000.00,1053923000.00,803749000.00,953710000.00,784457000.00,1131497000.00,794764000.00,814153000.00,662915000.00,-388684000.00,1032053000.00,896465000.00,938633000.00,949256000.00,931116000.00,647398000.00,892584000.00,925790000.00,869933000.00,738502000.00,813285000.00,818879000.00,798110000.00,653460000.00,739758000.00,758618000.00,724275000.00,597003000.00,667267000.00,681005000.00,660092000.00,541916000.00,601461000.00,591850000.00,603645000.00,501918000.00,537936000.00,523191000.00,543530000.00,439200000.00,480700000.00,479900000.00,484700000.00,387200000.00,458300000.00,408600000.00,446300000.00,356900000.00,380600000.00,360400000.00,391400000.00,308800000.00,336000000.00,314700000.00,,,,,,,,,,,,,,,,,,
minorityInterest,,,,,,,,,,229000000.00,226000000.00,219000000.00,209000000.00,220000000.00,209000000.00,213000000.00,202000000.00,208000000.00,204000000.00,198000000.00,193000000.00,197000000.00,7000000.00,9000000.00,8000000.00,5000000.00,3000000.00,7000000.00,5000000.00,4000000.00,4000000.00,5000000.00,3000000.00,5000000.00,4000000.00,3000000.00,4000000.00,3000000.00,3000000.00,4000000.00,3000000.00,3000000.00,3000000.00,7000000.00,-3000000.00,3000000.00,2000000.00,4000000.00,3000000.00,2000000.00,1000000.00,1000000.00,4000000.00,3000000.00,1000000.00,2000000.00,3000000.00,1000000.00,1000000.00,7000000.00,0.00,0.00,0.00,9000000.00,0.00,0.00,0.00,8000000.00,0.00,0.00,0.00,9000000.00,0.00,0.00,0.00,11000000.00,0.00,0.00,0.00,11000000.00,0.00,0.00,0.00,18000000.00,0.00,0.00,0.00,17000000.00,0.00,0.00,0.00,8000000.00,0.00,0.00,0.00,,,,,,,,,,,,,,,,,,,,,,,,,,,,,,,,,,,,,,,,,,,,,,,,,,,,,,,,,,
sellingGeneralAdministrative,2680000000.00,2740000000.00,2760000000.00,2829000000.00,2692000000.00,2757000000.00,2787000000.00,3048000000.00,2737000000.00,2790000000.00,2783000000.00,2548000000.00,2302000000.00,2276000000.00,2548000000.00,2413000000.00,2440000000.00,2434000000.00,2478000000.00,2359000000.00,2377000000.00,2466000000.00,2542000000.00,2462000000.00,2099000000.00,2132000000.00,2424000000.00,1609000000.00,1628000000.00,1737000000.00,1698000000.00,1655000000.00,1666000000.00,1727000000.00,1737000000.00,1644000000.00,1603000000.00,1788000000.00,1762000000.00,1701473000.00,1734693000.00,1714275000.00,1785559000.00,3192772000.00,2921923000.00,2944492000.00,3000308000.00,2905503000.00,4238910000.00,2762086000.00,2850318000.00,2797229000.00,2673277000.00,2743418000.00,2162400000.00,2225047000.00,2085660000.00,2024252000.00,2070945000.00,2297360000.00,2067914000.00,2052317000.00,2018033000.00,1879269000.00,1945404000.00,1796456000.00,1657030000.00,1703112000.00,1661761000.00,1520397000.00,1464415000.00,1446583000.00,1410127000.00,1351792000.00,1287621000.00,1387196000.00,1144416000.00,1237353000.00,1214682000.00,1281014000.00,1087796000.00,1685886000.00,996205000.00,1141864000.00,967218000.00,978008000.00,891686000.00,1044579000.00,995086000.00,948202000.00,747013000.00,735646000.00,699285000.00,728943000.00,730304000.00,805473000.00,683631000.00,687727000.00,680273000.00,714349000.00,665202000.00,682162000.00,682175000.00,702292000.00,675062000.00,651005000.00,656596000.00,673079000.00,615269000.00,598866000.00,572346000.00,577877000.00,521754000.00,532277000.00,598832000.00,572964000.00,515568000.00,468739000.00,497184000.00,,698100000.00,767600000.00,666900000.00,,632900000.00,844500000.00,620000000.00,,534100000.00,536200000.00,518300000.00,,460900000.00,456000000.00,425600000.00,,,,,,,,,,,,,,,,,,
sellingAndMarketingExpenses,,,,,,,,,,,,22000000.00,,,,,,,,,,,,,,,,,,,,,,,,22000000.00,,,,473000.00,307000.00,275000.00,441000.00,,77000.00,508000.00,308000.00,,90000.00,86000.00,682000.00,,277000.00,418000.00,400000.00,,660000.00,748000.00,,,,,,,,,,,,,,,,,,,,,,,,,,,,,,,,,,,,,,,,,,,,,,,,,,,,,,,,,,,,,,,,,,,,,,,,,,,,,,,,,,,,,,,,,,,,,,,
grossProfit,5538000000.00,5495000000.00,5416000000.00,5498000000.00,5781000000.00,6324000000.00,6908000000.00,6702000000.00,6505000000.00,5276000000.00,6055000000.00,6208000000.00,4887000000.00,4065000000.00,4445000000.00,4880000000.00,4718000000.00,4700000000.00,4375000000.00,4574000000.00,4490000000.00,4485000000.00,4323000000.00,4326000000.00,3972000000.00,3464000000.00,3291000000.00,3021000000.00,3017000000.00,3046000000.00,2745000000.00,2982000000.00,2908000000.00,2952000000.00,2816000000.00,3019000000.00,2773000000.00,3045000000.00,2774000000.00,3042000000.00,2919000000.00,2901000000.00,2946000000.00,6777526000.00,6075000000.00,6170000000.00,5732000000.00,6539578000.00,5844000000.00,5746000000.00,5182000000.00,5922808000.00,4933000000.00,5282000000.00,4363000000.00,5005904000.00,4401000000.00,4366000000.00,3782447000.00,4771887000.00,4144791000.00,4194321000.00,3804531000.00,4059671000.00,3512676000.00,3566294000.00,3113589000.00,3352357000.00,3182552000.00,3112511000.00,3013755000.00,3237777000.00,2706807000.00,2891965000.00,2860148000.00,3027349000.00,2566750000.00,2634327000.00,2735772000.00,2872569000.00,2499074000.00,2452780000.00,2382722000.00,2463156000.00,2273742000.00,2148299000.00,2293212000.00,2363961000.00,2140286000.00,2116055000.00,1916562000.00,2008250000.00,1802390000.00,1839899000.00,1856731000.00,1981999000.00,1536019000.00,1832224000.00,1850200000.00,1888724000.00,1660757000.00,1768983000.00,1764940000.00,1858594000.00,1623342000.00,1683365000.00,1672483000.00,1741262000.00,1468947000.00,1555293000.00,1515960000.00,1516116000.00,1320500000.00,1414287000.00,1435486000.00,1415002000.00,1238986000.00,1257214000.00,1250976000.00,904316000.00,1268000000.00,1319100000.00,1231700000.00,1288000000.00,1187600000.00,1152800000.00,1146100000.00,1144300000.00,980900000.00,1003700000.00,986700000.00,996900000.00,869700000.00,895900000.00,842100000.00,1455500000.00,1310300000.00,1318500000.00,1295500000.00,1306300000.00,1212400000.00,1229900000.00,1188400000.00,1233900000.00,1090700000.00,1059500000.00,1003800000.00,1063200000.00,940900000.00,938000000.00,865500000.00,954400000.00,822700000.00
reconciledDepreciation,496000000.00,498000000.00,491000000.00,496000000.00,498000000.00,507000000.00,512000000.00,514000000.00,520000000.00,504000000.00,509000000.00,866000000.00,808000000.00,825000000.00,828000000.00,756000000.00,754000000.00,751000000.00,753000000.00,763000000.00,813000000.00,850000000.00,852000000.00,843000000.00,756000000.00,648000000.00,774000000.00,319000000.00,340000000.00,347000000.00,347000000.00,366000000.00,383000000.00,352000000.00,371000000.00,395000000.00,355000000.00,400000000.00,398000000.00,425625000.00,436692000.00,435830000.00,420853000.00,588777000.00,759728000.00,691435000.00,743267000.00,648429000.00,838386000.00,811412000.00,745667000.00,709578000.00,677024000.00,675202000.00,562501000.00,547353000.00,540714000.00,537398000.00,464045000.00,422555000.00,498560000.00,465860000.00,451854000.00,483192000.00,503769000.00,467161000.00,400764000.00,411106000.00,381441000.00,393611000.00,372592000.00,337715000.00,343367000.00,332977000.00,344880000.00,333360000.00,312803000.00,315116000.00,327421000.00,371156000.00,273554000.00,316626000.00,312655000.00,285836000.00,291461000.00,276927000.00,323121000.00,318892000.00,307873000.00,311185000.00,230068000.00,198775000.00,192883000.00,263212000.00,172561000.00,196113000.00,215753000.00,204541000.00,211599000.00,193211000.00,197731000.00,202716000.00,190585000.00,180710000.00,198608000.00,172360000.00,176076000.00,178026000.00,188797000.00,155954000.00,163308000.00,166929000.00,139208000.00,123203000.00,137083000.00,119455000.00,130599000.00,128110000.00,132340000.00,107781000.00,124700000.00,132300000.00,119300000.00,96300000.00,111500000.00,107100000.00,112900000.00,91900000.00,94200000.00,95500000.00,97400000.00,94000000.00,86200000.00,87100000.00,88600000.00,,,,,,,,,,,,,,,,,,
ebit,1730000000.00,1542000000.00,1509000000.00,1304000000.00,1770000000.00,2376000000.00,2912000000.00,2441000000.00,2620000000.00,1471000000.00,2170000000.00,2510000000.00,1541000000.00,650000000.00,759000000.00,1440000000.00,1253000000.00,1244000000.00,786000000.00,1211000000.00,977000000.00,960000000.00,641000000.00,785000000.00,802000000.00,466000000.00,924000000.00,1002000000.00,-75000000.00,808000000.00,505000000.00,809000000.00,716000000.00,1008000000.00,615000000.00,817000000.00,734000000.00,758000000.00,448000000.00,760000000.00,657000000.00,635000000.00,609000000.00,2500601000.00,1212272000.00,1638565000.00,1178733000.00,2506264000.00,-233386000.00,1290588000.00,647333000.00,1976129000.00,487976000.00,1005798000.00,908499000.00,2063254000.00,1427286000.00,1132602000.00,1096803000.00,2312206000.00,1350297000.00,1267698000.00,1181120000.00,1573506000.00,967549000.00,1111000000.00,1007521000.00,2377523000.00,1114600000.00,346735000.00,958860000.00,1173892000.00,759592000.00,1000116000.00,1051616000.00,1154684000.00,958508000.00,1010360000.00,1039403000.00,934879000.00,887693000.00,272665000.00,869767000.00,926491000.00,820331000.00,744920000.00,905307000.00,856676000.00,600142000.00,809638000.00,2064501000.00,814573000.00,672100000.00,641208000.00,695134000.00,736779000.00,485353000.00,744494000.00,853471000.00,768031000.00,642079000.00,719166000.00,761853000.00,738999000.00,568182000.00,664946000.00,691977000.00,692773000.00,535148000.00,623853000.00,661874000.00,646714000.00,538671000.00,583189000.00,584166000.00,573604000.00,462493000.00,545079000.00,527733000.00,639540000.00,438000000.00,343800000.00,396900000.00,439100000.00,486700000.00,-69100000.00,403700000.00,458900000.00,334800000.00,344600000.00,367700000.00,390100000.00,312400000.00,344300000.00,323200000.00,,,,,,,,,,,,,,,,,,
ebitda,2226000000.00,2216000000.00,2111000000.00,1868000000.00,2361000000.00,2965000000.00,3502000000.00,2955000000.00,3140000000.00,1975000000.00,2679000000.00,3018000000.00,2051000000.00,1203000000.00,1320000000.00,1923000000.00,1737000000.00,1727000000.00,1272000000.00,1699000000.00,1521000000.00,1522000000.00,1225000000.00,1345000000.00,1303000000.00,858000000.00,1446000000.00,1123000000.00,65000000.00,953000000.00,649000000.00,952000000.00,867000000.00,1159000000.00,771000000.00,980000000.00,866000000.00,919000000.00,622000000.00,958000000.00,854000000.00,832000000.00,808000000.00,3089378000.00,1972000000.00,2330000000.00,1922000000.00,3154693000.00,605000000.00,2102000000.00,1393000000.00,2685707000.00,1165000000.00,1681000000.00,1471000000.00,2610607000.00,1968000000.00,1670000000.00,1560848000.00,2734761000.00,1848857000.00,1733558000.00,1632974000.00,2056698000.00,1471318000.00,1578161000.00,1408285000.00,2788629000.00,1496041000.00,740346000.00,1331452000.00,1511607000.00,1102959000.00,1333093000.00,1396496000.00,1488044000.00,1271311000.00,1325476000.00,1366824000.00,1306035000.00,1161247000.00,589291000.00,1182422000.00,1212327000.00,1111792000.00,1021847000.00,1228428000.00,1175568000.00,908015000.00,1120823000.00,2294569000.00,1013348000.00,864983000.00,904420000.00,867695000.00,932892000.00,701106000.00,949035000.00,1065070000.00,961242000.00,839810000.00,921882000.00,952438000.00,919709000.00,766790000.00,837306000.00,868053000.00,870799000.00,723945000.00,779807000.00,825182000.00,813643000.00,677879000.00,706392000.00,721249000.00,693059000.00,593092000.00,673189000.00,660073000.00,747321000.00,562700000.00,476100000.00,516200000.00,535400000.00,598200000.00,38000000.00,516600000.00,550800000.00,429000000.00,440100000.00,465100000.00,484100000.00,398600000.00,431400000.00,411800000.00,-2703100000.00,1310300000.00,1318500000.00,1295500000.00,-2528700000.00,1212400000.00,1229900000.00,1188400000.00,-2148300000.00,1090700000.00,1059500000.00,1003800000.00,-1865800000.00,940900000.00,938000000.00,865500000.00,-1668800000.00,822700000.00
depreciationAndAmortization,496000000.00,674000000.00,602000000.00,564000000.00,591000000.00,589000000.00,590000000.00,514000000.00,520000000.00,504000000.00,509000000.00,508000000.00,510000000.00,553000000.00,561000000.00,483000000.00,484000000.00,483000000.00,486000000.00,488000000.00,544000000.00,562000000.00,584000000.00,560000000.00,501000000.00,392000000.00,522000000.00,121000000.00,140000000.00,145000000.00,144000000.00,143000000.00,151000000.00,151000000.00,156000000.00,163000000.00,132000000.00,161000000.00,174000000.00,198000000.00,197000000.00,197000000.00,199000000.00,588777000.00,759728000.00,691435000.00,743267000.00,648429000.00,838386000.00,811412000.00,745667000.00,709578000.00,677024000.00,675202000.00,562501000.00,547353000.00,540714000.00,537398000.00,464045000.00,422555000.00,498560000.00,465860000.00,451854000.00,483192000.00,503769000.00,467161000.00,400764000.00,411106000.00,381441000.00,393611000.00,372592000.00,337715000.00,343367000.00,332977000.00,344880000.00,333360000.00,312803000.00,315116000.00,327421000.00,371156000.00,273554000.00,316626000.00,312655000.00,285836000.00,291461000.00,276927000.00,323121000.00,318892000.00,307873000.00,311185000.00,230068000.00,198775000.00,192883000.00,263212000.00,172561000.00,196113000.00,215753000.00,204541000.00,211599000.00,193211000.00,197731000.00,202716000.00,190585000.00,180710000.00,198608000.00,172360000.00,176076000.00,178026000.00,188797000.00,155954000.00,163308000.00,166929000.00,139208000.00,123203000.00,137083000.00,119455000.00,130599000.00,128110000.00,132340000.00,107781000.00,124700000.00,132300000.00,119300000.00,96300000.00,111500000.00,107100000.00,112900000.00,91900000.00,94200000.00,95500000.00,97400000.00,94000000.00,86200000.00,87100000.00,88600000.00,,,,,,,,,,,,,,,,,,
nonOperatingIncomeNetOther,,253000000.00,206000000.00,170000000.00,129000000.00,108000000.00,95000000.00,80000000.00,80000000.00,90000000.00,69000000.00,92000000.00,63000000.00,-12000000.00,14000000.00,,72000000.00,,64000000.00,-32000000.00,-74000000.00,105000000.00,50000000.00,129000000.00,34000000.00,82000000.00,1164000000.00,80000000.00,-959000000.00,2000000.00,-464000000.00,56000000.00,42000000.00,301000000.00,80000000.00,21000000.00,22000000.00,15000000.00,11000000.00,16826000.00,37855000.00,13799000.00,-19480000.00,-1355123000.00,35365000.00,26087000.00,64173000.00,-2677000.00,31056000.00,35232000.00,-86776000.00,89227000.00,32027000.00,87209000.00,-30075000.00,,366234000.00,32587000.00,,,,,,,,,,,,,,,,,,,,,,,,,,,,,,,,,,,,,,,,,,,,,,,,,,,,,,,,,,,,,,,,,,,,,,,,,,,,,,,,,,,,,,,,,,,,,,,
operatingIncome,1647000000.00,1542000000.00,1509000000.00,1304000000.00,1770000000.00,2376000000.00,2912000000.00,2378000000.00,2546000000.00,1392000000.00,2109000000.00,2432000000.00,1495000000.00,672000000.00,758000000.00,1389000000.00,1198000000.00,1206000000.00,739000000.00,1165000000.00,995000000.00,882000000.00,608000000.00,691000000.00,810000000.00,427000000.00,-202000000.00,948000000.00,897000000.00,816000000.00,524000000.00,815000000.00,713000000.00,729000000.00,610000000.00,829000000.00,731000000.00,761000000.00,451000000.00,757000000.00,630000000.00,627000000.00,615000000.00,2415323000.00,1989000000.00,2104000000.00,1576000000.00,2082468000.00,595000000.00,1773000000.00,1301000000.00,1829947000.00,1181000000.00,1606000000.00,1471000000.00,1863809000.00,1640000000.00,1671000000.00,1060759000.00,1742896000.00,1396517000.00,1406585000.00,1147841000.00,1518001000.00,926554000.00,1186364000.00,878185000.00,-253922000.00,689166000.00,542777000.00,1064198000.00,1300802000.00,830680000.00,1094915000.00,1135871000.00,1129186000.00,1022536000.00,796458000.00,1032166000.00,1105862000.00,911039000.00,325141000.00,980490000.00,888798000.00,913399000.00,683099000.00,1044845000.00,714617000.00,744634000.00,598512000.00,-163731000.00,922922000.00,784722000.00,841567000.00,851364000.00,840924000.00,576148000.00,829553000.00,902750000.00,831868000.00,703477000.00,779689000.00,802889000.00,780918000.00,621483000.00,712212000.00,735813000.00,715774000.00,574708000.00,651581000.00,674998000.00,655858000.00,542917000.00,594650000.00,589479000.00,589698000.00,484028000.00,543486000.00,526995000.00,614066000.00,445200000.00,419200000.00,445500000.00,468500000.00,443200000.00,201200000.00,413200000.00,461400000.00,352600000.00,372000000.00,371000000.00,402900000.00,322600000.00,352700000.00,327900000.00,-2703100000.00,1310300000.00,1318500000.00,1295500000.00,-2528700000.00,1212400000.00,1229900000.00,1188400000.00,-2148300000.00,1090700000.00,1059500000.00,1003800000.00,-1865800000.00,940900000.00,938000000.00,865500000.00,-1668800000.00,822700000.00
otherOperatingExpenses,8496000000.00,8436000000.00,8238000000.00,8787000000.00,8640000000.00,8881000000.00,8983000000.00,9090000000.00,8382000000.00,8831000000.00,8347000000.00,8269000000.00,7358000000.00,6656000000.00,6968000000.00,6925000000.00,6878000000.00,6773000000.00,6796000000.00,6600000000.00,6661000000.00,6885000000.00,6782000000.00,6898000000.00,6019000000.00,6210000000.00,6537000000.00,4385000000.00,4405000000.00,4517000000.00,4361000000.00,4373000000.00,4437000000.00,4441000000.00,4287000000.00,4527000000.00,4373000000.00,4790000000.00,4793000000.00,4898000000.00,4739000000.00,4819000000.00,4763000000.00,8393613000.00,7784000000.00,7593000000.00,7731000000.00,7894985000.00,9222000000.00,7670000000.00,7640000000.00,8137901000.00,7494000000.00,7145000000.00,6227000000.00,6756318000.00,6121000000.00,5824000000.00,5657609000.00,6207372000.00,6101143000.00,5828880000.00,5599062000.00,5703350000.00,5450152000.00,5184256000.00,4412099000.00,5164891000.00,4670604000.00,4958347000.00,4119261000.00,4746532000.00,4536184000.00,4428885000.00,4246808000.00,4478257000.00,3651033000.00,3742585000.00,4123987000.00,4424720000.00,3873602000.00,4359494000.00,3599973000.00,3950451000.00,3427837000.00,3524090000.00,3144444000.00,3587045000.00,3436551000.00,3328607000.00,2708611000.00,2781768000.00,2533173000.00,2528586000.00,2501814000.00,2673842000.00,2544514000.00,2413613000.00,2396281000.00,2498544000.00,2332290000.00,2287064000.00,2242024000.00,2337138000.00,2243701000.00,2188196000.00,2264001000.00,2280075000.00,2071486000.00,2047659000.00,1997179000.00,1940876000.00,1847836000.00,1905660000.00,1934918000.00,1892216000.00,1770789000.00,1660544000.00,1688253000.00,1613977000.00,1615200000.00,1654600000.00,1600100000.00,1628000000.00,1525600000.00,1707500000.00,1464700000.00,1424900000.00,1301100000.00,1311000000.00,1282600000.00,1307200000.00,1184200000.00,1150700000.00,1110500000.00,4158600000.00,,,,3835000000.00,,,,3382200000.00,,,,2929000000.00,,,,2623200000.00,
interestExpense,69000000.00,61000000.00,52000000.00,66000000.00,86000000.00,106000000.00,117000000.00,120000000.00,123000000.00,123000000.00,124000000.00,127000000.00,127000000.00,125000000.00,121000000.00,139000000.00,143000000.00,146000000.00,148000000.00,152000000.00,181000000.00,189000000.00,199000000.00,211000000.00,182000000.00,183000000.00,204000000.00,129000000.00,95000000.00,83000000.00,25000000.00,9000000.00,16000000.00,17000000.00,16000000.00,19000000.00,17000000.00,20000000.00,23000000.00,17000000.00,24000000.00,23000000.00,26000000.00,186312000.00,152034000.00,127191000.00,126866000.00,126086000.00,124339000.00,134129000.00,145587000.00,151344000.00,149102000.00,96000000.00,89000000.00,123885000.00,134612000.00,136969000.00,124190000.00,528474000.00,125014000.00,137769000.00,142534000.00,593142000.00,146657000.00,153349000.00,147385000.00,292347000.00,86884000000.00,81683000000.00,34519000.00,153662000.00,40360000.00,43244000.00,42270000.00,149087000.00,36706000.00,34896000.00,35345000.00,146123000.00,36224000.00,38384000.00,37290000.00,205220000.00,52757000000.00,52221000.00,52886000000.00,234759000000.00,74973000.00,68471000000.00,26721000.00,23221000.00,879000.00,33018000.00,32215000.00,,,,,,,,,,,,,,,,,,,,,,,,,,,,,,,,,,,,,,,,,,,,,,,,,,,,,,,,,,
taxProvision,235000000.00,261000000.00,244000000.00,287000000.00,323000000.00,334000000.00,429000000.00,338000000.00,393000000.00,159000000.00,250000000.00,230000000.00,189000000.00,-11000000.00,89000000.00,199000000.00,143000000.00,96000000.00,-40000000.00,,,,,,,,,,,,,,,,,,,,,,,,,,,,,,,,,,,,,,,,,,,,,,,,,,,,,,,,,,,,,,,,,,,,,,,,,,,,,,,,,,,,,,,,,,,,,,,,,,,,,,,,,,,,,,,,,,,,,,,,,,,,,,,,,,,,,,
interestIncome,59000000.00,82000000.00,58000000.00,52000000.00,105000000.00,26000000.00,14000000.00,114000000.00,127000000.00,123000000.00,127000000.00,122000000.00,120000000.00,9000000.00,18000000.00,137000000.00,24000000.00,142000000.00,23000000.00,,,,,,,,,,,,,,,,,,,,,,,,,,,,,,,,,,,,,,,,,,,,,,,,,,,,,,,,,,,,,,,,,,,,,,,,,,,,,,,,,,,,,,,,,,,,,,,,,,,,,,,,,,,,,,,,,,,,,,,,,,,,,,,,,,,,,,
netInterestIncome,-69000000.00,-61000000.00,-52000000.00,-66000000.00,-86000000.00,-106000000.00,-117000000.00,-120000000.00,-123000000.00,-123000000.00,-124000000.00,-127000000.00,-127000000.00,-125000000.00,-121000000.00,-139000000.00,-143000000.00,-146000000.00,-148000000.00,,,,,,,,,,,,,,,,,,,,,,,,,,,,,,,,,,,,,,,,,,,,,,,,,,,,,,,,,,,,,,,,,,,,,,,,,,,,,,,,,,,,,,,,,,,,,,,,,,,,,,,,,,,,,,,,,,,,,,,,,,,,,,,,,,,,,,
extraordinaryItems,,,,,,,,0.00,0.00,0.00,,4000000.00,,,20000000.00,8000000.00,,,78000000.00,0.00,0.00,0.00,0.00,0.00,0.00,0.00,0.00,0.00,0.00,0.00,0.00,0.00,0.00,0.00,0.00,0.00,0.00,0.00,0.00,0.00,0.00,0.00,0.00,0.00,0.00,0.00,0.00,0.00,0.00,0.00,0.00,0.00,0.00,0.00,0.00,0.00,0.00,0.00,0.00,0.00,0.00,0.00,0.00,0.00,0.00,0.00,0.00,0.00,0.00,0.00,0.00,0.00,0.00,0.00,0.00,0.00,0.00,0.00,0.00,0.00,0.00,0.00,0.00,0.00,0.00,0.00,0.00,0.00,0.00,0.00,0.00,0.00,0.00,0.00,0.00,,,,,,,,,,,,,,,,,,,,,,,,,,,,,,,,,,,,,,,,,,,,,,,,,,,,,,,,,,
nonRecurring,,,,,,,,,,,,,,,,,,,,0.00,0.00,0.00,0.00,0.00,0.00,0.00,0.00,0.00,0.00,0.00,0.00,0.00,0.00,0.00,0.00,0.00,0.00,0.00,0.00,0.00,0.00,0.00,0.00,28000000.00,0.00,110000000.00,150000000.00,400000000.00,0.00,172500000.00,100000000.00,238200000.00,0.00,75000000.00,0.00,0.00,0.00,0.00,0.00,0.00,0.00,0.00,0.00,0.00,0.00,0.00,0.00,0.00,0.00,0.00,0.00,0.00,0.00,0.00,0.00,0.00,0.00,0.00,0.00,0.00,0.00,0.00,0.00,0.00,0.00,0.00,0.00,0.00,0.00,0.00,0.00,0.00,0.00,0.00,0.00,,,,,,,,,,,,,,,,,,,,,,,,,,,,,,,,,,,,,,,,,,,,,,,,,,,,,,,,,,
otherItems,,,,,,,,,,,,,,,,,,,,0.00,0.00,0.00,0.00,0.00,0.00,0.00,0.00,0.00,0.00,0.00,0.00,0.00,0.00,0.00,0.00,0.00,0.00,0.00,0.00,0.00,0.00,0.00,0.00,0.00,0.00,0.00,0.00,0.00,0.00,0.00,0.00,0.00,0.00,0.00,0.00,0.00,0.00,0.00,0.00,0.00,0.00,0.00,0.00,0.00,0.00,0.00,0.00,0.00,0.00,0.00,0.00,0.00,0.00,0.00,0.00,0.00,0.00,0.00,0.00,0.00,0.00,0.00,0.00,0.00,0.00,0.00,0.00,0.00,0.00,0.00,0.00,0.00,0.00,0.00,0.00,,,,,,,,,,,,,,,,,,,,,,,,,,,,,,,,,,,,,,,,,,,,,,,,,,,,,,,,,,
incomeTaxExpense,235000000.00,261000000.00,244000000.00,287000000.00,323000000.00,334000000.00,429000000.00,338000000.00,393000000.00,159000000.00,250000000.00,230000000.00,189000000.00,-11000000.00,89000000.00,191000000.00,143000000.00,96000000.00,-40000000.00,292000000.00,166000000.00,59000000.00,22000000.00,1438000000.00,65000000.00,25000000.00,350000000.00,110000000.00,178000000.00,116000000.00,-54000000.00,135000000.00,118000000.00,200000000.00,124000000.00,170000000.00,278000000.00,277000000.00,84000000.00,148000000.00,-145000000.00,125000000.00,10000000.00,-179494000.00,-71000000.00,278000000.00,271000000.00,335037000.00,198000000.00,-268000000.00,205000000.00,326983000.00,173000000.00,267000000.00,319000000.00,284153000.00,391000000.00,279000000.00,493842000.00,296483000.00,288424000.00,314304000.00,222859000.00,279898000.00,176414000.00,263894000.00,129542000.00,234114000.00,10475000.00,44892000.00,270134000.00,423508000.00,214961000.00,269418000.00,339968000.00,181039000.00,261979000.00,240794000.00,286475000.00,298228000.00,259424000.00,170590000.00,252942000.00,176642000.00,233659000.00,192192000.00,277217000.00,181209000.00,182753000.00,133867000.00,-165071000.00,278654000.00,242046000.00,253431000.00,256299000.00,260713000.00,181271000.00,249924000.00,259221000.00,243582000.00,206780000.00,227720000.00,229286000.00,231452000.00,182011000.00,218229000.00,223792000.00,213661000.00,176116000.00,196844000.00,200896000.00,194727000.00,159865000.00,177431000.00,174596000.00,181093000.00,150576000.00,161381000.00,156957000.00,152204000.00,123000000.00,134600000.00,134400000.00,135700000.00,108400000.00,141200000.00,114400000.00,131600000.00,105300000.00,112300000.00,106300000.00,111600000.00,88000000.00,95800000.00,89700000.00,,,,,,,,,,,,,,,,,,
totalRevenue,10143000000.00,9978000000.00,9747000000.00,10091000000.00,10410000000.00,11257000000.00,11895000000.00,11468000000.00,10928000000.00,10223000000.00,10456000000.00,10701000000.00,8853000000.00,7328000000.00,7726000000.00,8314000000.00,8076000000.00,7979000000.00,7535000000.00,7765000000.00,7656000000.00,7767000000.00,7390000000.00,7589000000.00,6829000000.00,6637000000.00,6335000000.00,5333000000.00,5302000000.00,5333000000.00,4885000000.00,5188000000.00,5150000000.00,5170000000.00,4897000000.00,5356000000.00,5104000000.00,5551000000.00,5244000000.00,5655000000.00,5369000000.00,5446000000.00,5378000000.00,10836936000.00,9773000000.00,9807000000.00,9457000000.00,10377453000.00,9817000000.00,9616000000.00,9041000000.00,9967848000.00,8675000000.00,8826000000.00,7698000000.00,8790127000.00,7761000000.00,7495000000.00,6718368000.00,7950268000.00,7497660000.00,7314021000.00,6765603000.00,7221351000.00,6376706000.00,6370620000.00,5290284000.00,6217969000.00,5573770000.00,5501124000.00,5183459000.00,6047334000.00,5383995000.00,5523800000.00,5382679000.00,5654443000.00,4681669000.00,4703049000.00,5216053000.00,5530582000.00,4845881000.00,4723635000.00,4580463000.00,4839249000.00,4341236000.00,4314889000.00,4189289000.00,4445062000.00,4181185000.00,4099119000.00,3559880000.00,3704690000.00,3317895000.00,3370153000.00,3353178000.00,3514766000.00,3120662000.00,3243166000.00,3299031000.00,3330412000.00,3035767000.00,3066753000.00,3044913000.00,3118056000.00,2865184000.00,2900408000.00,2999814000.00,2995849000.00,2646194000.00,2699240000.00,2672177000.00,2596734000.00,2390753000.00,2500310000.00,2524397000.00,2481914000.00,2254817000.00,2204030000.00,2215248000.00,2228043000.00,2060400000.00,2073800000.00,2045600000.00,2096500000.00,1968800000.00,1908700000.00,1877900000.00,1886300000.00,1653700000.00,1683000000.00,1653600000.00,1710100000.00,1506800000.00,1503400000.00,1438400000.00,1455500000.00,1310300000.00,1318500000.00,1295500000.00,1306300000.00,1212400000.00,1229900000.00,1188400000.00,1233900000.00,1090700000.00,1059500000.00,1003800000.00,1063200000.00,940900000.00,938000000.00,865500000.00,954400000.00,822700000.00
totalOperatingExpenses,3891000000.00,3953000000.00,3907000000.00,4194000000.00,4011000000.00,3948000000.00,3996000000.00,4324000000.00,3959000000.00,3884000000.00,3946000000.00,3776000000.00,3392000000.00,3393000000.00,3687000000.00,3491000000.00,3520000000.00,3494000000.00,3636000000.00,3409000000.00,3495000000.00,3603000000.00,3715000000.00,3635000000.00,3162000000.00,3037000000.00,3493000000.00,2073000000.00,2120000000.00,2230000000.00,2221000000.00,2167000000.00,2195000000.00,2223000000.00,2206000000.00,2190000000.00,2042000000.00,2284000000.00,2323000000.00,2285000000.00,2289000000.00,2274000000.00,2331000000.00,4334203000.00,4086000000.00,3956000000.00,4006000000.00,4057110000.00,5249000000.00,3800000000.00,3781000000.00,4092861000.00,3752000000.00,3601000000.00,2892000000.00,2972095000.00,2761000000.00,2695000000.00,2721688000.00,3028991000.00,2748274000.00,2709180000.00,2637990000.00,2541670000.00,2586122000.00,2379930000.00,2235404000.00,2299279000.00,2279386000.00,2569734000.00,1949557000.00,1936975000.00,1858996000.00,1797050000.00,1724277000.00,1851163000.00,1536114000.00,1673863000.00,1643706000.00,1766707000.00,1526795000.00,2088639000.00,1402232000.00,1574358000.00,1360343000.00,1357500000.00,1248367000.00,1505944000.00,1395652000.00,1345543000.00,1065293000.00,1085328000.00,1017668000.00,998332000.00,1005367000.00,1141075000.00,959871000.00,1002671000.00,947450000.00,1056856000.00,957280000.00,989294000.00,962051000.00,1077676000.00,1001859000.00,971153000.00,936670000.00,1025488000.00,894239000.00,903712000.00,840962000.00,860258000.00,777583000.00,819637000.00,846007000.00,825304000.00,754958000.00,713728000.00,723981000.00,290250000.00,822800000.00,899900000.00,786200000.00,819500000.00,744400000.00,951600000.00,732900000.00,682900000.00,628300000.00,631700000.00,615700000.00,594000000.00,547100000.00,543200000.00,514200000.00,-4158600000.00,,,,-3835000000.00,,,,-3382200000.00,,,,-2929000000.00,,,,-2623200000.00,
costOfRevenue,4605000000.00,4483000000.00,4331000000.00,4593000000.00,4629000000.00,4933000000.00,4987000000.00,4766000000.00,4423000000.00,4947000000.00,4401000000.00,4493000000.00,3966000000.00,3263000000.00,3281000000.00,3434000000.00,3358000000.00,3279000000.00,3160000000.00,3191000000.00,3166000000.00,3282000000.00,3067000000.00,3263000000.00,2857000000.00,3173000000.00,3044000000.00,2312000000.00,2285000000.00,2287000000.00,2140000000.00,2206000000.00,2242000000.00,2218000000.00,2081000000.00,2337000000.00,2331000000.00,2506000000.00,2470000000.00,2613000000.00,2450000000.00,2545000000.00,2432000000.00,4059410000.00,3698000000.00,3637000000.00,3725000000.00,3837875000.00,3973000000.00,3870000000.00,3859000000.00,4045040000.00,3742000000.00,3544000000.00,3335000000.00,3784223000.00,3360000000.00,3129000000.00,2935921000.00,3178381000.00,3352869000.00,3119700000.00,2961072000.00,3161680000.00,2864030000.00,2804326000.00,2176695000.00,2865612000.00,2391218000.00,2388613000.00,2169704000.00,2809557000.00,2677188000.00,2631835000.00,2522531000.00,2627094000.00,2114919000.00,2068722000.00,2480281000.00,2658013000.00,2346807000.00,2270855000.00,2197741000.00,2376093000.00,2067494000.00,2166590000.00,1896077000.00,2081101000.00,2040899000.00,1983064000.00,1643318000.00,1696440000.00,1515505000.00,1530254000.00,1496447000.00,1532767000.00,1584643000.00,1410942000.00,1448831000.00,1441688000.00,1375010000.00,1297770000.00,1279973000.00,1259462000.00,1241842000.00,1217043000.00,1327331000.00,1254587000.00,1177247000.00,1143947000.00,1156217000.00,1080618000.00,1070253000.00,1086023000.00,1088911000.00,1066912000.00,1015831000.00,946816000.00,964272000.00,1323727000.00,792400000.00,754700000.00,813900000.00,808500000.00,781200000.00,755900000.00,731800000.00,742000000.00,672800000.00,679300000.00,666900000.00,713200000.00,637100000.00,607500000.00,596300000.00,,,,,,,,,,,,,,,,,,
totalOtherIncomeExpenseNet,93000000.00,94000000.00,53000000.00,16000000.00,-12000000.00,-24000000.00,-36000000.00,69000000.00,70000000.00,79000000.00,58000000.00,83000000.00,53000000.00,-21000000.00,-4000000.00,-10000000.00,48000000.00,42000000.00,41000000.00,-66000000.00,-96000000.00,84000000.00,22000000.00,94000000.00,-2000000.00,51000000.00,1142000000.00,56000000.00,-981000000.00,-18000000.00,-497000000.00,24000000.00,17000000.00,274000000.00,59000000.00,-6000000.00,4000000.00,-4000000.00,-5000000.00,-3000000.00,22000000.00,-3000000.00,-35000000.00,-1406196000.00,17000000.00,-116000000.00,-196000000.00,-426473000.00,-10000000.00,-156000000.00,8000000.00,-56955000.00,16000000.00,-26000000.00,-60000000.00,-116487000.00,-328000000.00,1000000.00,959866000.00,24355000.00,46220000.00,234498000.00,87363000.00,66069000.00,73089000.00,191090000.00,17296000.00,-1205917000.00,-89965000.00,196042000.00,105338000.00,126910000.00,88219000.00,94799000.00,84255000.00,21502000.00,72128000.00,-49896000.00,52663000.00,170983000.00,84586000.00,91476000.00,110723000.00,-37693000.00,93068000.00,45879000.00,139538000.00,1341000.00,144492000.00,-39126000.00,-1213232000.00,108349000.00,112622000.00,200359000.00,156230000.00,104145000.00,90795000.00,85059000.00,49279000.00,63837000.00,61398000.00,60523000.00,41036000.00,41919000.00,53301000.00,47266000.00,43836000.00,23001000.00,39560000.00,27728000.00,13124000.00,9144000.00,4246000.00,11461000.00,5313000.00,16094000.00,21535000.00,-1593000.00,-738000.00,-25474000.00,7200000.00,75400000.00,48600000.00,29400000.00,-43500000.00,270300000.00,9500000.00,2500000.00,17800000.00,27400000.00,3300000.00,12800000.00,10200000.00,8500000.00,4700000.00,,,,,,,,,,,,,,,,,,
discontinuedOperations,,,,,,,,,,,,4000000.00,4000000.00,4000000.00,20000000.00,20000000.00,20000000.00,20000000.00,,-1000000.00,11000000.00,15000000.00,9000000.00,36000000.00,42000000.00,13000000.00,33000000.00,33000000.00,28000000.00,16000000.00,260000000.00,1809000000.00,-16000000.00,-2000000.00,26000000.00,563000000.00,0.00,0.00,0.00,0.00,0.00,0.00,0.00,0.00,0.00,0.00,0.00,0.00,0.00,0.00,0.00,0.00,0.00,0.00,0.00,0.00,0.00,0.00,0.00,0.00,0.00,0.00,0.00,0.00,0.00,0.00,0.00,0.00,0.00,0.00,0.00,0.00,0.00,0.00,0.00,0.00,0.00,0.00,0.00,0.00,0.00,0.00,0.00,0.00,0.00,0.00,0.00,0.00,0.00,0.00,0.00,0.00,0.00,0.00,0.00,,,,,,,,,,,,,,,,,,,,,,,,,,,,,,,,,,,,,,,,,,,,,,,,,,,,,,,,,,
netIncomeFromContinuingOps,1436000000.00,1375000000.00,1318000000.00,1033000000.00,1435000000.00,2018000000.00,2447000000.00,1989000000.00,2100000000.00,1189000000.00,1793000000.00,2158000000.00,1232000000.00,537000000.00,544000000.00,1049000000.00,960000000.00,1006000000.00,672000000.00,655000000.00,552000000.00,718000000.00,409000000.00,-864000000.00,561000000.00,270000000.00,386000000.00,765000000.00,-357000000.00,599000000.00,56000000.00,695000000.00,596000000.00,786000000.00,529000000.00,482000000.00,440000000.00,460000000.00,339000000.00,589421000.00,772863000.00,476055000.00,544661000.00,1053378000.00,1942806000.00,1724612000.00,1242124000.00,1618668000.00,303181000.00,1942782000.00,863818000.00,1440847000.00,890660000.00,1291650000.00,1003015000.00,0.00,1480367000.00,1288105000.00,0.00,0.00,0.00,0.00,0.00,0.00,0.00,0.00,0.00,0.00,0.00,0.00,0.00,0.00,0.00,0.00,0.00,0.00,0.00,0.00,0.00,0.00,0.00,0.00,0.00,0.00,0.00,0.00,0.00,0.00,0.00,0.00,0.00,0.00,0.00,0.00,0.00,,,,,,,,,,,,,,,,,,,,,,,,,,,,,,,,,,,,,,,,,,,,,,,,,,,,,,,,,,
netIncomeApplicableToCommonShares,1436000000.00,1375000000.00,1318000000.00,1033000000.00,1435000000.00,2018000000.00,2447000000.00,1989000000.00,2100000000.00,1189000000.00,1793000000.00,2162000000.00,1232000000.00,537000000.00,564000000.00,1044000000.00,954000000.00,1006000000.00,672000000.00,654000000.00,563000000.00,733000000.00,418000000.00,-828000000.00,603000000.00,283000000.00,419000000.00,798000000.00,-329000000.00,615000000.00,316000000.00,767000000.00,596000000.00,786000000.00,2292000000.00,905000000.00,538000000.00,466000000.00,375000000.00,589550000.00,965734000.00,476055000.00,544661000.00,1053378000.00,1942806000.00,1724612000.00,1242124000.00,1618668000.00,303181000.00,1942782000.00,863818000.00,1440847000.00,890660000.00,1291650000.00,1003015000.00,1538729000.00,1480367000.00,1288105000.00,1438637000.00,1389723000.00,1084612000.00,1322014000.00,937867000.00,1203027000.00,717006000.00,988744000.00,697537000.00,1000913000.00,715842000.00,612244000.00,864883000.00,976416000.00,680709000.00,877052000.00,837888000.00,974605000.00,804079000.00,634878000.00,762274000.00,894246000.00,697475000.00,179143000.00,733861000.00,627107000.00,720051000.00,592265000.00,854280000.00,613555000.00,631400000.00,529048000.00,0.00,753399000.00,654419000.00,685202000.00,692957000.00,,,,,,,,,,,,,,,,,,,,,,,,,,,,,,,,,,,,,,,,,,,,,,,,,,,,,,,,,,
preferredStockAndOtherAdjustments,,,,,,,,,,,,,,,,,,,,,,,,,,,,,,,,,,,,,,,,,,,,,,,,,,,,,,,,,,,,,,,,,,,,,,,,,,,,,,,,,,,,,,,,,,,,,,,,,,,,,,,,,,,,,,,,,,,,,,,,,,,,,,,,,,,,,,,,,,,,,,,,,,,,,,,,,
