,2023-09-30,2023-06-30,2023-03-31,2022-12-31,2022-09-30,2022-06-30,2022-03-31,2021-12-31,2021-09-30,2021-06-30,2021-03-31,2020-12-31,2020-09-30,2020-06-30,2020-03-31,2019-12-31,2019-09-30,2019-06-30,2019-03-31,2018-12-31,2018-09-30,2018-06-30,2018-03-31,2017-12-31,2017-09-30,2017-06-30,2017-03-31,2016-12-31,2016-09-30,2016-06-30,2016-03-31,2015-12-31,2015-09-30,2015-06-30,2015-03-31,2014-12-31,2014-09-30,2014-06-30,2014-03-31,2013-12-31,2013-09-30,2013-06-30,2013-03-31,2012-12-31,2012-09-30,2012-06-30,2012-03-31,2011-12-31,2011-09-30,2011-06-30,2011-03-31,2010-12-31,2010-09-30,2010-06-30,2010-03-31,2009-12-31,2009-09-30,2009-06-30,2009-03-31,2008-12-31,2008-09-30,2008-06-30,2008-03-31,2007-12-31,2007-09-30,2007-06-30,2007-03-31,2006-12-31,2006-09-30,2006-06-30,2006-03-31,2005-12-31,2005-09-30,2005-06-30,2005-03-31,2004-12-31,2004-09-30,2004-06-30,2004-03-31,2003-12-31,2003-09-30,2003-06-30,2003-03-31,2002-12-31,2002-09-30,2002-06-30,2002-03-31,2001-12-31,2001-09-30,2001-06-30,2001-03-31,2000-12-31,2000-09-30,2000-06-30,2000-03-31,1999-12-31
date,2023-09-30,2023-06-30,2023-03-31,2022-12-31,2022-09-30,2022-06-30,2022-03-31,2021-12-31,2021-09-30,2021-06-30,2021-03-31,2020-12-31,2020-09-30,2020-06-30,2020-03-31,2019-12-31,2019-09-30,2019-06-30,2019-03-31,2018-12-31,2018-09-30,2018-06-30,2018-03-31,2017-12-31,2017-09-30,2017-06-30,2017-03-31,2016-12-31,2016-09-30,2016-06-30,2016-03-31,2015-12-31,2015-09-30,2015-06-30,2015-03-31,2014-12-31,2014-09-30,2014-06-30,2014-03-31,2013-12-31,2013-09-30,2013-06-30,2013-03-31,2012-12-31,2012-09-30,2012-06-30,2012-03-31,2011-12-31,2011-09-30,2011-06-30,2011-03-31,2010-12-31,2010-09-30,2010-06-30,2010-03-31,2009-12-31,2009-09-30,2009-06-30,2009-03-31,2008-12-31,2008-09-30,2008-06-30,2008-03-31,2007-12-31,2007-09-30,2007-06-30,2007-03-31,2006-12-31,2006-09-30,2006-06-30,2006-03-31,2005-12-31,2005-09-30,2005-06-30,2005-03-31,2004-12-31,2004-09-30,2004-06-30,2004-03-31,2003-12-31,2003-09-30,2003-06-30,2003-03-31,2002-12-31,2002-09-30,2002-06-30,2002-03-31,2001-12-31,2001-09-30,2001-06-30,2001-03-31,2000-12-31,2000-09-30,2000-06-30,2000-03-31,1999-12-31
filing_date,2023-09-30,2023-06-30,2023-03-31,2023-03-24,2022-09-30,2022-06-30,2022-04-28,2021-12-31,2021-09-30,2021-06-30,2021-03-31,2021-03-29,2020-09-30,2020-06-30,2020-03-31,2020-03-27,2019-09-30,2019-06-30,2019-03-31,2019-03-15,2018-09-30,2018-06-30,2018-03-31,2018-03-29,2017-09-30,2017-06-30,2017-03-31,2017-03-30,2016-09-30,2016-06-30,2016-03-31,2016-03-31,2015-09-30,2015-06-30,2015-03-31,2015-03-31,2014-09-30,2014-06-30,2014-04-01,2013-12-31,2013-09-30,2013-06-30,2013-03-31,2013-03-29,2012-09-30,2012-06-30,2012-04-02,2011-12-31,2011-09-30,2011-06-30,2011-03-31,2011-03-31,2010-09-30,2010-06-30,2010-03-31,2010-03-31,2009-09-30,2009-06-30,2009-04-01,2008-12-31,2008-09-30,2008-06-30,2008-03-31,2008-03-31,2007-09-30,2007-06-30,2007-03-31,2007-03-29,2006-09-30,2006-06-30,2006-03-31,2006-03-30,2005-09-30,2005-06-30,2005-03-31,2005-03-31,2004-09-30,2004-06-30,2004-03-31,2003-12-31,2003-09-30,2003-06-30,2003-06-30,2002-12-31,2002-09-30,2002-06-30,2002-03-31,2001-12-31,2001-09-30,2001-06-30,2001-03-31,2000-12-31,2000-09-30,2000-06-30,2000-03-31,
currency_symbol,CAD,CAD,CAD,CAD,CAD,CAD,CAD,CAD,CAD,CAD,CAD,CAD,CAD,CAD,CAD,CAD,CAD,CAD,CAD,CAD,CAD,CAD,CAD,CAD,CAD,CAD,CAD,CAD,CAD,CAD,CAD,CAD,CAD,CAD,CAD,CAD,CAD,CAD,CAD,CAD,CAD,CAD,CAD,CAD,CAD,CAD,CAD,CAD,CAD,CAD,CAD,CAD,CAD,CAD,CAD,CAD,CAD,CAD,CAD,CAD,CAD,CAD,CAD,CAD,CAD,CAD,CAD,CAD,CAD,CAD,CAD,CAD,CAD,CAD,CAD,CAD,CAD,CAD,CAD,CAD,CAD,CAD,CAD,CAD,CAD,CAD,CAD,CAD,CAD,CAD,CAD,CAD,CAD,CAD,CAD,CAD
totalAssets,76616631.00,76932845.00,77474606.00,78050210.00,85821670.00,86115458.00,87232290.00,87232290.00,87444274.00,87736681.00,88395787.00,76448771.00,76889227.00,75020788.00,75723275.00,74063855.00,75302179.00,75488119.00,73042598.00,73928394.00,74384213.00,75353555.00,66485105.00,66803196.00,65633341.00,66048790.00,50755745.00,47513895.00,47660917.00,40829627.00,37364168.00,38215348.00,34947418.00,44751481.00,45598116.00,42018646.00,52444106.00,47707942.00,48987933.00,48987933.00,50116249.00,49513984.00,47020941.00,49132316.00,49912312.00,50040837.00,53905269.00,53905269.00,43528724.00,40013243.00,36356062.00,36343355.00,36420761.00,26492849.00,26660600.00,25659423.00,23577652.00,23866203.00,24402080.00,24402080.00,25581920.00,27713317.00,27588325.00,27969639.00,28925586.00,28625642.00,28772437.00,28719562.00,28181386.00,27741946.00,19464360.00,16366755.00,11797329.00,10050122.00,10212087.00,10215275.00,11238229.00,10695340.00,10591469.00,10341770.00,6834870.00,5300783.00,5635752.00,5635752.00,4782657.00,7103685.00,6853989.00,6297093.00,4445645.00,4567286.00,4672555.00,4780243.00,6523307.00,6508586.00,7019704.00,2650252.44
intangibleAssets,,,,,,,,,,,,,,,,,19495.00,21352.00,23209.00,17940.31,16227.50,22418.00,23450.00,20208.85,19928.05,19824.91,21010.29,22502.60,0.00,0.00,0.00,22445.63,0.00,0.00,0.00,41308.84,0.00,0.00,0.00,63970.63,0.00,0.00,0.00,0.00,0.00,0.00,0.00,0.00,0.00,0.00,0.00,0.00,0.00,0.00,0.00,0.00,0.00,0.00,0.00,0.00,0.00,0.00,0.00,0.00,0.00,0.00,0.00,0.00,0.00,0.00,0.00,0.00,0.00,0.00,0.00,0.00,0.00,0.00,0.00,0.00,0.00,0.00,0.00,0.00,0.00,0.00,0.00,0.00,0.00,0.00,0.00,0.00,0.00,0.00,0.00,0.00
earningAssets,,,,,,,,,,,,,,,,,,,,,,,,,,,,,,,,,,,,,,,,,,,,,,,,,,,,,,,,,,,,,,,,,,,,,,,,,,,,,,,,,,,,,,,,,,,,,,,,
otherCurrentAssets,,1000460.00,974397000000.00,974397000000.00,994559.00,1034765.00,979628.00,979628.00,963540.00,980213.00,883567.00,1007822.00,1069892.00,1056424.00,937995.00,1636874.00,2467845.00,3073665.00,84389.00,103716.00,109282.00,157185.00,119770.00,124992.00,118844.00,176702.00,187095.00,132519.00,145255.00,180611.00,122326.00,147481.00,135774.00,6117417.00,125245.00,151095.00,137832.00,124668.00,138577.00,138577.00,595997.00,1065639.00,579852.00,552511.00,597725.00,576526.00,537238.00,537238.00,220732.00,9497628.00,9280202.00,9083633.00,491691.77,439601.73,370297.42,667300.38,561167.23,407636.74,785091.20,369000.66,190699.86,551366.17,571094.44,529748.17,638426.63,1535403.26,676002.77,514623.90,829075.92,-1.00,580330.39,-2.00,1.00,196654.43,261308.19,177057.36,272561.60,288072.02,167213.87,80956.05,53222.95,111366.84,113752.47,86475.49,0.00,0.00,0.00,0.00,3776.67,4564.72,7164.72,10010.68,6568.14,11437.80,7438.46,9682.55
totalLiab,8150842.00,8077358.00,8113194.00,8234533.00,6680733.00,6848064.00,7048153.00,7048153.00,5389261.00,5265352.00,5419282.00,5271337.00,5363627.00,5313649.00,5838826.00,5478705.00,5597454.00,5368673.00,2471542.00,2563289.00,2426120.00,2733770.00,2325212.00,2072883.00,2002599.00,1757684.00,2053701.00,2292705.00,1873875.00,1759234.00,2100316.00,2232651.00,2438068.00,2481884.00,2612528.00,2382060.00,675100.00,549970.00,1097158.00,1097158.00,747797.00,397938.00,819182.00,1060829.00,153971.00,322850.00,565097.00,565097.00,677233.00,701075.00,687422.00,649481.00,1564650.00,322705.00,409852.00,488579.00,201254.00,349242.00,335270.00,335270.00,902762.00,1018523.00,671533.00,707486.00,940218.00,563176.00,734330.00,748903.00,741631.00,573279.00,722609.00,566202.00,1023704.00,608242.00,597249.00,458787.00,641604.00,612096.00,462782.00,487289.00,596240.00,394967.00,454267.00,454267.00,368723.00,478264.00,1299613.00,458188.00,48281.00,10378.00,26664.00,75055.00,27828.00,39909.00,47601.00,95442.29
totalStockholderEquity,68465789.00,68855487.00,69361412.00,69815677.00,79140937.00,79267394.00,80184137.00,80184137.00,82055013.00,82471329.00,82976505.00,71177434.00,71525600.00,69707139.00,69884449.00,68585150.00,69704725.00,70119446.00,70571056.00,71365105.00,71958093.00,72619785.00,64159893.00,64730313.00,63630742.00,64291106.00,48702044.00,45221190.00,45787042.00,39070393.00,35263852.00,35982697.00,32509350.00,42269597.00,42985588.00,39636586.00,51769006.00,47157972.00,47890775.00,47890775.00,49368452.00,49116046.00,46201759.00,48071487.00,49758341.00,49717987.00,53340172.00,53340172.00,42851491.00,39312168.00,35668640.00,35693874.00,34856111.00,26170144.00,26250748.00,25170844.00,23376398.00,23516961.00,24066810.00,24066810.00,24679158.00,26694793.00,26916793.00,27262153.00,27985368.00,28062465.00,28038107.00,27970659.00,27439755.00,27168667.00,18741752.00,15800554.00,10773625.00,9441879.00,9614838.00,9756488.00,10596625.00,10083244.00,10128687.00,9854481.00,6238630.00,4905816.00,5181485.00,5181485.00,4413934.00,6625421.00,5554376.00,5838905.00,4397364.00,4556908.00,4645891.00,4705188.00,6495479.00,6468677.00,6972103.00,2554810.15
deferredLongTermLiab,,,,,,,,,,,,,,,,,,0.00,0.00,0.00,0.00,0.00,,0.00,0.00,0.00,0.00,0.00,0.00,0.00,0.00,0.00,0.00,0.00,0.00,0.00,0.00,0.00,0.00,0.00,0.00,0.00,0.00,0.00,0.00,0.00,0.00,0.00,0.00,0.00,0.00,0.00,0.00,0.00,0.00,0.00,0.00,0.00,0.00,0.00,0.00,0.00,0.00,0.00,0.00,0.00,0.00,0.00,0.00,0.00,0.00,0.00,0.00,0.00,0.00,0.00,0.00,0.00,0.00,0.00,0.00,0.00,0.00,0.00,0.00,0.00,0.00,0.00,0.00,0.00,0.00,0.00,0.00,0.00,0.00,0.00
otherCurrentLiab,90229.00,,97499.00,340509000000.00,,,,,,,,,,,,,,0.00,0.00,0.00,0.00,0.00,,0.00,0.00,0.00,0.00,0.00,0.00,0.00,0.00,0.00,0.00,49748.00,0.00,0.00,0.00,0.00,0.00,0.00,0.00,0.00,0.00,0.00,153971.00,322850.00,594041.00,0.00,677233.00,701075.00,687422.00,649481.00,1447041.00,207123.00,296297.00,353563.00,67659.00,217068.00,366039.00,0.00,379653.00,379653.00,379653.00,379653.00,379653.00,379653.00,379653.00,379653.00,379653.00,379653.00,469121.00,379653.00,743836.00,379654.00,483123.00,379653.00,393862.00,387285.00,393152.00,437664.00,466316.00,379653.00,392453.00,392453.00,329653.00,416980.00,1189653.00,330322.00,0.00,0.00,0.00,0.00,0.00,0.00,0.00,0.00
commonStock,141040654.00,141040654.00,141040654.00,141040654.00,141040654.00,141040654.00,141040654.00,141040654.00,143542559.00,143542559.00,143624661.00,131189978.00,131142659.00,129029890.00,129041015.00,127022366.00,127022366.00,127022366.00,127022366.00,127022366.00,126863983.00,126959394.00,118054463.00,118054463.00,116295781.00,116088181.00,99967254.00,95290220.00,95211420.00,87991953.00,83757687.00,83757687.00,80426871.00,92236166.00,92236166.00,87083931.00,87083931.00,81340042.00,81151042.00,81151042.00,81056681.00,76045677.00,75895177.00,75237977.00,76593708.64,72286360.51,74035123.13,71936844.17,67727835.44,73405646.67,65572047.00,63043129.39,60196288.02,49146158.18,50452038.61,48363117.87,46115787.50,42403680.77,39101506.74,40401051.94,46059182.71,47874840.86,47641555.40,48385672.72,48369137.67,45050170.39,40701936.38,40017154.13,40886439.01,40031328.32,30159205.68,27134648.37,22716410.21,20710730.31,20912924.83,20995843.72,19973853.10,17981995.50,18133923.80,17868157.29,14197220.58,13076694.63,11935835.43,11057417.18,10120360.45,10612716.00,9393029.22,9429020.10,5002203.06,5182262.80,5176838.40,5303657.23,5227586.21,5055506.96,5081146.88,5196763.26
capitalStock,141040654.00,141040654.00,141040654.00,141040654.00,141040654.00,141040654.00,141040654.00,141040654.00,143542559.00,143542559.00,,,,,,,,,,,,,,,,,,,,,,,,,,,,,,,,,,,,,,,,,,,,,,,,,,,,,,,,,,,,,,,,,,,,,,,,,,,,,,,,,,,,,,
retainedEarnings,-95864088.00,-95104040.00,-94321615.00,-93771350.00,-84117540.00,-83991083.00,-81924790.00,-81924790.00,-82425088.00,-81170472.00,-80687398.00,-79256536.00,-78202151.00,-77983103.00,-77072518.00,-76127168.00,-75007593.00,-73908192.00,-73311892.00,-72364093.00,-71540592.00,-70909551.00,-69734846.00,-68852426.00,-67402415.00,-65941651.00,-65181027.00,-63621131.00,-62915979.00,-62001581.00,-60316472.00,-59597627.00,-59497479.00,-61257527.00,-60588764.00,-58453102.00,-46325803.00,-45210415.00,-43470435.00,-43470435.00,-40647661.00,-39794903.00,-38794058.00,-37113826.00,-31698930.00,-29709862.00,-26875449.00,-26875449.00,-36830793.00,-39957804.00,-35013141.00,-34170307.00,-33045433.00,-31777231.00,-24977746.00,-30705655.00,-29828530.00,-29364338.00,-28419696.00,-28419696.00,-27055504.00,-26038408.00,-25151248.00,-24458054.00,-24155366.00,-23555714.00,-23437908.00,-22766634.00,-22182707.00,-19562663.00,-18924427.00,-18497859.00,-17452758.00,-17740994.00,-17262304.00,-17100404.00,-15004517.00,-14279107.00,-14020419.00,-13696201.00,-12966986.00,-12706613.00,-12207896.00,-12207896.00,-11646292.00,-9465467.00,-9456400.00,-9171871.00,-8902100.00,-8670056.00,-8581073.00,-8521776.00,-6731485.00,-6683537.00,-5800111.00,0.00
otherLiab,,,,,2118760.00,2334763.00,2919973.00,2763933.00,1735016.00,1746532.00,1752028.00,1810299.00,1921003.00,1922001.00,1912840.00,1865847.00,1859246.00,1846908.00,1434882.00,1052120.55,874142.69,1434882.00,1434882.00,1143787.96,1147079.70,1106735.06,1077805.15,1067779.43,0.00,0.00,0.00,1036689.55,0.00,0.00,0.00,1582894.76,0.00,0.00,0.00,0.00,0.00,0.00,0.00,0.00,0.00,0.00,0.00,0.00,0.00,0.00,0.00,0.00,114663.30,108961.11,112271.03,127376.43,124392.07,113519.09,103885.80,106015.78,120244.25,123396.34,121820.49,124410.55,125063.04,0.00,0.00,0.00,0.00,0.00,0.00,0.00,0.00,0.00,0.00,0.00,0.00,0.00,0.00,0.00,0.00,0.00,0.00,0.00,0.00,0.00,0.00,0.00,0.00,0.00,0.00,0.00,0.00,0.00,0.00,0.00
goodWill,,,,,,,,,,,,,,,,,,0.00,0.00,0.00,0.00,0.00,,0.00,0.00,0.00,0.00,0.00,0.00,0.00,0.00,0.00,0.00,0.00,0.00,0.00,0.00,0.00,0.00,0.00,0.00,0.00,0.00,0.00,0.00,0.00,0.00,0.00,0.00,0.00,0.00,0.00,0.00,0.00,0.00,0.00,0.00,0.00,0.00,0.00,0.00,0.00,0.00,0.00,0.00,0.00,0.00,0.00,0.00,0.00,0.00,0.00,0.00,0.00,0.00,0.00,0.00,0.00,0.00,0.00,0.00,0.00,0.00,0.00,0.00,0.00,0.00,0.00,0.00,0.00,0.00,0.00,0.00,0.00,0.00,0.00
otherAssets,,,,,,,,,,,,,,,58549376.00,,,0.00,0.00,0.00,0.00,0.00,6474888.00,3924272.62,3935566.39,3392209.80,961466.24,952522.70,957422.50,960928.43,958788.25,697203.96,0.00,0.00,1755989.91,2392220.98,8455219.22,8923249.93,8781900.45,9098183.19,9412221.14,9222635.04,9608575.92,10759927.43,10957955.82,10639197.56,11173798.95,10896342.06,10932292.16,1350425.58,1220366.93,1208625.88,1280730.74,1297200.83,1393539.49,1411596.96,1399176.95,1467148.26,1377478.19,1454635.11,-1.00,1982176.08,1996881.40,-1.00,1.00,632336.24,1.00,66043.40,68118.67,68027.21,69331.51,70325.90,70489.13,66911.46,67807.82,68162.93,64971.08,60765.19,62609.76,63222.82,60615.02,60880.54,55854.51,52139.63,51673.07,50784.86,48182.22,48366.83,225341.47,233452.89,298964.37,101441.54,51231.53,51806.50,53421.69,88526.18
cash,4671429.00,4918149.00,5728749.00,6658076.00,7268286.00,8090088.00,10170376.00,10170376.00,11365301.00,12381826.00,13941567.00,2534698.00,3447564.00,1746087.00,2473406.00,912214.00,1373536.00,1716610.00,3359899.00,5080580.00,8618603.00,12275735.00,12270897.00,16334534.00,17159599.00,19961069.00,11013669.00,9770006.00,12534143.00,7201331.00,4312500.00,6222778.00,4583410.00,9495620.00,11287244.00,8172598.00,10696370.00,8007563.00,11994773.00,11994773.00,14591859.00,15559839.00,13729097.00,16487408.00,18280488.00,19972391.00,21184159.00,21184159.00,19974205.00,18920267.00,14211839.00,16087832.00,17840450.00,12440501.00,12569915.00,13142671.00,11218658.00,11570743.00,12318950.00,12318950.00,13099746.00,13804487.00,14487493.00,14548760.00,15240915.00,14986685.00,16418695.00,18796956.00,18509913.00,19388608.00,10836695.00,7961050.00,3447715.00,3150349.00,3748632.00,4125706.00,4807114.00,4539321.00,4706710.00,4838914.00,1759452.00,524495.00,964967.00,964967.00,457904.00,923046.00,1057000.00,274100.00,121283.00,105819.00,121539.00,287599.00,299700.00,346560.00,137669.00,0.00
cashAndEquivalents,,,,,7268290.00,8090090.00,,,,,,,,,,,,,,,,,,,,,,,,,,,,,,,,,,,,,,,,,,,,,,,,,,,,,,,,,,,,,,,,,,,,,,,,,,,,,,,,,,,,,,,,,,
totalCurrentLiabilities,257469.00,332589.00,295357.00,428804.00,312726.00,587712.00,590745.00,590745.00,515263.00,563599.00,765776.00,582501.00,490469.00,438652.00,919328.00,900789.00,1035962.00,902118.00,743981.00,1128407.00,991238.00,1298888.00,890330.00,638001.00,567717.00,322802.00,618819.00,857823.00,438993.00,324352.00,665434.00,797769.00,598586.00,642402.00,773046.00,542578.00,675100.00,549970.00,1097158.00,1097158.00,747797.00,397938.00,819182.00,1060829.00,153971.00,322850.00,565097.00,565097.00,677233.00,701075.00,687422.00,649481.00,1447041.00,207123.00,296297.00,353563.00,67659.00,217068.00,205938.00,205938.00,774851.00,892034.00,546464.00,583450.00,816182.00,563177.00,734330.00,748903.00,741631.00,573279.00,722609.00,566201.00,1023704.00,608244.00,597248.00,458787.00,641604.00,612096.00,462782.00,487289.00,596240.00,394967.00,454267.00,454267.00,368723.00,478264.00,1299613.00,458188.00,48281.00,10378.00,26664.00,75055.00,27828.00,39909.00,47601.00,95442.29
currentDeferredRevenue,,,-340509000000.00,-340509000000.00,,,,,,,,,,,,,,,,,,,,,,,,,,,,,,,,,,,,,,,,,,,,,,,,,,,,,,,,,,,,,,,,,,,,,,,,,,,,,,,,,,,,,,,,,,,,
netDebt,54484.00,-394848.00,-1227320.00,-2263131.00,-2933626.00,-4081902.00,-6394224.00,-6394224.00,-8155595.00,-9321754.00,-10901908.00,478789.00,-363614.00,1335623.00,658957.00,1921803.00,1446989.00,1017733.00,-2984817.00,-5080580.00,-8618603.00,-12275735.00,-12270897.00,-16334534.00,-17159599.00,-19961069.00,-11013669.00,-9770006.00,-12534143.00,-7201331.00,-4312500.00,-6222778.00,-4583410.00,-9495620.00,-11287244.00,-8172598.00,-10696370.00,-8007563.00,-11994773.00,-11994773.00,-14591859.00,-15559839.00,-13729097.00,-16487408.00,-18280488.00,-19972391.00,-21184159.00,-21184159.00,-19974205.00,-18920267.00,-14211839.00,-16087832.00,-17840450.00,-12440501.00,-12569915.00,-13142671.00,-11218658.00,-11570743.00,-12318950.00,-12318950.00,-13099746.00,-13804487.00,-14487493.00,-14548760.00,-15240915.00,-14986685.00,-16418695.00,-18796956.00,-18509913.00,-19388608.00,-10836695.00,-7961050.00,-3447715.00,-3150349.00,-3748632.00,-4125706.00,-4807114.00,-4539321.00,-4706710.00,-4838914.00,-1759452.00,-524495.00,-964967.00,-964967.00,-457904.00,-923046.00,-1057000.00,-274100.00,-121283.00,-105819.00,-121539.00,-287599.00,-299700.00,-346560.00,-137669.00,
shortTermDebt,97362.00,94268.00,91246.00,88295.00,85413.00,82597.00,82677.00,82677.00,70724.00,104851.00,138181.00,134950.00,131795.00,128714.00,125705.00,121948.00,118279.00,114696.00,82403.00,0.00,0.00,0.00,,0.00,0.00,0.00,0.00,0.00,0.00,0.00,0.00,0.00,0.00,0.00,0.00,0.00,0.00,0.00,0.00,0.00,0.00,0.00,0.00,0.00,0.00,0.00,0.00,0.00,0.00,0.00,0.00,0.00,0.00,0.00,0.00,0.00,0.00,0.00,0.00,0.00,0.00,0.00,0.00,0.00,0.00,0.00,0.00,0.00,0.00,0.00,0.00,0.00,0.00,0.00,0.00,0.00,0.00,0.00,0.00,0.00,0.00,0.00,0.00,0.00,0.00,0.00,0.00,0.00,0.00,0.00,0.00,0.00,0.00,0.00,0.00,0.00
shortLongTermDebt,,,,,,,,,,,,,,,,,,0.00,82403.00,0.00,0.00,0.00,,0.00,0.00,0.00,0.00,0.00,0.00,0.00,0.00,0.00,0.00,0.00,0.00,0.00,0.00,0.00,0.00,0.00,0.00,0.00,0.00,0.00,0.00,0.00,0.00,0.00,0.00,0.00,0.00,0.00,0.00,0.00,0.00,0.00,0.00,0.00,0.00,0.00,0.00,0.00,0.00,0.00,0.00,0.00,0.00,0.00,0.00,0.00,0.00,0.00,0.00,0.00,0.00,0.00,0.00,0.00,0.00,0.00,0.00,0.00,0.00,0.00,0.00,0.00,0.00,0.00,0.00,0.00,0.00,0.00,0.00,0.00,0.00,0.00
shortLongTermDebtTotal,4725913.00,4523301.00,4501429.00,4394945.00,4334660.00,4008186.00,3776152.00,3776152.00,3209706.00,3060072.00,3039659.00,3013487.00,3083950.00,3081710.00,3132363.00,2834017.00,2820525.00,2734343.00,375082.00,,,,,,,,,,,,,,,,,,,,,,,,,,,,,,,,,,,,,,,,,,,,,,,,,,,,,,,,,,,,,,,,,,,,,,,,,,,,,
otherStockholderEquity,,,22642373.00,69815677000000.00,22217823.00,22217823.00,21417023.00,21068273.00,20937542.00,20099242.00,20039242.00,19243992.00,18585092.00,18660352.00,68585150.00,17689952.00,17689952.00,17005272.00,16860582.00,12250206.78,10134006.19,16569942.00,15840276.00,12378059.78,11781418.18,10909815.66,10452803.27,10084909.21,0.00,0.00,0.00,8541750.60,0.00,0.00,0.00,9470576.54,0.00,0.00,0.00,9611379.08,0.00,4125000.00,0.00,0.00,75237977.00,81145085.00,81826638.00,81826638.00,71120942.00,70719342.00,63617993.00,71558149.00,69189349.00,59197544.00,52481923.00,56612858.00,54054243.00,54054243.00,53845156.00,53845156.00,53359237.00,53176869.00,53111870.00,52548686.00,52220648.00,51393648.00,51059798.00,51530763.00,50377099.00,46188130.00,37634679.00,34889031.00,26425029.00,25381519.00,25289387.00,25258538.00,25208608.00,23969817.00,23749772.00,21851247.00,19558478.00,17965291.00,17742243.00,17742243.00,16406396.00,16437058.00,15356946.00,15356946.00,13299464.00,13226964.00,13226964.00,13439678.00,13226964.00,13152214.00,12772214.00,0.00
propertyPlantEquipment,,70782220.00,70454370.00,70158270.00,77391027.00,76877369.00,76350866.00,75980506.00,74948564.00,74196696.00,73422123.00,72769807.00,72226122.00,72077755.00,72161863.00,71396920.00,71343920.00,70608310.00,69371160.00,50167862.59,39852165.38,62737543.00,47247128.00,36011956.95,34611080.02,31906671.81,28616389.99,26851465.99,25529743.32,24708704.06,24150392.13,22140018.78,22564776.57,23265028.42,24315100.88,25406591.52,27212251.09,26211226.69,24235294.12,24051586.18,22173617.85,20231494.71,20008851.30,18060874.82,16927618.85,14749729.57,13727291.08,11489653.82,9419102.94,8634004.57,6995464.85,5316950.85,12333106.60,9620514.75,9669095.92,8831749.05,8620463.90,8009115.93,7654242.66,7601084.81,8710192.58,8736656.55,8210700.71,7920136.45,7804336.86,7151647.10,8234785.62,6563170.08,6691763.02,5998030.79,5564495.42,5441680.96,5511905.79,4692778.46,4348796.82,4168744.80,4111401.63,3650412.60,3658089.64,3602158.83,3196333.53,2807186.87,2565901.51,2275068.35,1990043.48,3378182.30,3108691.57,3079145.73,1855605.21,1933485.49,1928613.30,1835958.36,1839080.46,1616093.66,1418041.66,1370772.53
totalCurrentAssets,5873980.00,6150621.00,7020241.00,7891944.00,8430643.00,9229780.00,11242009.00,11242009.00,12495710.00,13539985.00,14961198.00,3665487.00,4648258.00,2926816.00,3545097.00,2649297.00,3958260.00,4879806.00,3671441.00,5484996.00,8941305.00,12593594.00,12739639.00,16703497.00,17414664.00,20283882.00,11378511.00,10150904.00,12886065.00,7652210.00,4707124.00,6606242.00,4901831.00,15686242.00,12519120.00,9714369.00,12500460.00,10216462.00,13773324.00,13773324.00,17551334.00,18595496.00,16906470.00,20535613.00,22519859.00,24223018.00,31078500.00,31078500.00,22157992.00,30394408.00,28384723.00,29836516.00,22410806.00,14869608.00,15428483.00,14883145.00,12864577.00,12846972.00,13383286.00,13383286.00,14542337.00,16768485.00,17114052.00,17998582.00,19662169.00,20403289.00,19169791.00,20991279.00,20639109.00,20964582.00,12881695.00,9940274.00,5303256.00,4216697.00,4871077.00,5118404.00,5967112.00,5748163.00,5718347.00,5588074.00,2428924.00,1437887.00,1975894.00,1975894.00,1542798.00,1905079.00,1809734.00,1318380.00,656771.00,765502.00,922236.00,1157541.00,1180842.00,1337083.00,1095379.00,0.00
longTermInvestments,,,,,,,,,,,,,,,,,,0.00,0.00,0.00,0.00,0.00,,0.00,0.00,0.00,0.00,0.00,0.00,0.00,0.00,0.00,0.00,0.00,0.00,2301867.31,0.00,0.00,0.00,8893435.94,0.00,0.00,0.00,0.00,0.00,0.00,0.00,0.00,0.00,0.00,0.00,0.00,0.00,0.00,0.00,0.00,0.00,0.00,0.00,0.00,0.00,0.00,0.00,0.00,0.00,0.00,0.00,0.00,0.00,0.00,0.00,0.00,0.00,0.00,0.00,0.00,0.00,0.00,0.00,0.00,0.00,0.00,0.00,0.00,0.00,0.00,0.00,0.00,0.00,0.00,0.00,0.00,0.00,0.00,0.00,0.00
netTangibleAssets,,,,,79140937.00,79259085.00,79392969.00,80174362.00,82055013.00,82471329.00,82964039.00,71163957.00,71510753.00,69690922.00,69868134.00,68567512.00,69685230.00,70098094.00,70547847.00,52310190.64,43821273.16,72597367.00,64136443.00,51578286.97,50848040.61,49568378.71,36561310.75,33629223.84,0.00,0.00,0.00,25974734.48,0.00,0.00,0.00,34066415.11,0.00,0.00,0.00,45018186.01,0.00,0.00,0.00,0.00,0.00,0.00,0.00,0.00,0.00,0.00,0.00,0.00,0.00,0.00,0.00,0.00,0.00,0.00,0.00,0.00,0.00,0.00,0.00,0.00,0.00,0.00,0.00,0.00,0.00,0.00,0.00,0.00,0.00,0.00,0.00,0.00,0.00,0.00,0.00,0.00,0.00,0.00,0.00,0.00,0.00,0.00,0.00,0.00,0.00,0.00,0.00,0.00,0.00,0.00,0.00,0.00
shortTermInvestments,,3486000.00,4135940.00,5115120.00,5452610.00,,7373600.00,8037300.00,10070500.00,11040640.00,12417500.00,1300000.00,2300000.00,,,,,0.00,0.00,0.00,0.00,0.00,,0.00,0.00,0.00,0.00,0.00,0.00,0.00,0.00,0.00,0.00,0.00,648711.00,853123.00,1120267.00,1509372.00,1058661.00,1058661.00,1043668.00,712388.00,1385966.00,2201808.00,2568549.00,2768957.00,8471167.00,8471167.00,795930.00,1142020.00,3966890.00,3851883.00,3789680.00,1686047.00,2207889.00,763479.00,771123.00,527494.00,340893.00,340893.00,964457.00,2125764.00,1765361.00,2646959.00,3513073.00,3519618.00,1693914.00,1319141.00,929442.00,803479.00,1092163.00,1206928.00,1302504.00,550314.00,531526.00,504754.00,540948.00,549589.00,518018.00,369286.00,322559.00,488370.00,600074.00,600074.00,592897.00,591067.00,143150.00,476473.00,503873.00,599309.00,739401.00,732038.00,720228.00,708134.00,916134.00,0.00
netReceivables,107009.00,114437.00,192994.00,198942.00,167798.00,104927.00,92005.00,92005.00,166869.00,177946.00,136064.00,122967.00,130802.00,124305.00,133696.00,100209.00,116879.00,89531.00,227153.00,300700.00,213420.00,160674.00,348972.00,243971.00,136221.00,146111.00,177747.00,248379.00,206667.00,270268.00,272298.00,235983.00,182647.00,73205.00,183152.00,262785.00,271223.00,300091.00,306545.00,306545.00,1045042.00,982862.00,936787.00,1019118.00,798329.00,630376.00,611168.00,611168.00,892357.00,559725.00,651024.00,538400.00,505908.00,468292.00,375911.00,702227.00,600028.00,473967.00,448675.00,448675.00,203366.00,563466.00,586430.00,528095.00,633413.00,1622218.00,782414.00,600414.00,924986.00,497727.00,678069.00,497530.00,278268.00,241267.00,316151.00,213176.00,344282.00,384485.00,218851.00,105106.00,72145.00,150254.00,136085.00,136085.00,217229.00,116198.00,162796.00,121019.00,31615.00,60374.00,61296.00,137904.00,160914.00,282389.00,41576.00,0.00
longTermDebt,4325203.00,4100060.00,4056175.00,3929020.00,3848537.00,3502343.00,3287296.00,3227545.00,3138982.00,2955220.00,2901478.00,2842756.00,2881430.00,2848150.00,2868480.00,2541340.00,2499730.00,2386080.00,292679.00,0.00,0.00,0.00,,0.00,0.00,0.00,0.00,0.00,0.00,0.00,0.00,0.00,0.00,0.00,0.00,0.00,0.00,0.00,0.00,0.00,0.00,0.00,0.00,0.00,0.00,0.00,0.00,0.00,0.00,0.00,0.00,0.00,0.00,0.00,0.00,0.00,0.00,0.00,0.00,0.00,0.00,0.00,0.00,0.00,0.00,0.00,0.00,0.00,0.00,0.00,0.00,0.00,0.00,0.00,0.00,0.00,0.00,0.00,0.00,0.00,0.00,0.00,0.00,0.00,0.00,0.00,0.00,0.00,0.00,0.00,0.00,0.00,0.00,0.00,0.00,0.00
inventory,,,-974395965074.00,-974395965074.00,,,,,,,,,,,,,,0.00,0.00,0.00,0.00,0.00,,0.00,0.00,0.00,0.00,0.00,0.00,0.00,0.00,0.00,0.00,0.00,274768.00,274768.00,274768.00,274768.00,274768.00,274768.00,274768.00,274768.00,274768.00,274768.00,274768.00,274768.00,274768.00,274768.00,274768.00,274768.00,274768.00,274768.00,274768.00,274768.00,274768.00,274768.00,274768.00,274768.00,274768.00,274768.00,274768.00,274768.00,274768.00,274768.00,274768.00,274768.00,274768.00,274768.00,274768.00,274769.00,274768.00,274768.00,274768.00,274767.00,274768.00,274768.00,274768.00,274768.00,274768.00,274768.00,274768.00,274768.00,274768.00,274768.00,274768.00,274768.00,446788.00,446788.00,281362.12,347570.92,403178.53,619327.28,722495.89,740765.66,889910.74,969638.29
accountsPayable,69878.00,238321.00,106612.00,340509.00,227313.00,505115.00,508068.00,508068.00,444539.00,458748.00,627595.00,447551.00,358674.00,309938.00,793623.00,778841.00,917683.00,787422.00,661578.00,1128407.00,991238.00,1298888.00,890330.00,638001.00,567717.00,322802.00,618819.00,857823.00,438993.00,324352.00,665434.00,797769.00,598586.00,592654.00,773046.00,542578.00,675100.00,549970.00,1097158.00,1097158.00,747797.00,397938.00,819182.00,1060829.00,156774.92,317632.02,565097.00,565097.00,644700.50,435955.99,420531.85,373119.36,1249635.60,194439.23,291510.73,336501.90,63598.95,186618.51,205938.00,205938.00,395198.00,512381.00,166811.00,203797.00,436529.00,183524.00,354677.00,369250.00,361978.00,193626.00,253488.00,186548.00,279868.00,228590.00,114125.00,79134.00,247742.00,224811.00,69630.00,49625.00,129924.00,15314.00,61814.00,61814.00,39070.00,61284.00,109960.00,127866.00,48281.00,10378.00,26664.00,75055.00,27828.00,39909.00,47601.00,95442.29
totalPermanentEquity,,,,,,,,,,,,,,,,,,0.00,0.00,0.00,0.00,0.00,,0.00,0.00,0.00,0.00,0.00,0.00,0.00,0.00,0.00,0.00,0.00,0.00,0.00,0.00,0.00,0.00,0.00,0.00,0.00,0.00,0.00,0.00,0.00,0.00,0.00,0.00,0.00,0.00,0.00,0.00,0.00,0.00,0.00,0.00,0.00,0.00,0.00,0.00,0.00,0.00,0.00,0.00,0.00,0.00,0.00,0.00,0.00,0.00,0.00,0.00,0.00,0.00,0.00,0.00,0.00,0.00,0.00,0.00,0.00,0.00,0.00,0.00,0.00,0.00,0.00,0.00,0.00,0.00,0.00,0.00,0.00,0.00,0.00
noncontrollingInterestInConsolidatedEntity,,,,,,,,,,,,,,,,,,0.00,0.00,0.00,0.00,0.00,,0.00,0.00,0.00,0.00,0.00,0.00,0.00,0.00,0.00,0.00,0.00,0.00,0.00,0.00,0.00,0.00,0.00,0.00,0.00,0.00,0.00,0.00,0.00,0.00,0.00,0.00,0.00,0.00,0.00,0.00,0.00,0.00,0.00,0.00,0.00,0.00,0.00,0.00,0.00,0.00,0.00,0.00,0.00,0.00,0.00,0.00,0.00,0.00,0.00,0.00,0.00,0.00,0.00,0.00,0.00,0.00,0.00,0.00,0.00,0.00,0.00,0.00,0.00,0.00,0.00,0.00,0.00,0.00,0.00,0.00,0.00,0.00,0.00
temporaryEquityRedeemableNoncontrollingInterests,,,,,,,,,,,,,,,,,,0.00,0.00,0.00,0.00,0.00,,0.00,0.00,0.00,0.00,0.00,0.00,0.00,0.00,0.00,0.00,0.00,0.00,0.00,0.00,0.00,0.00,0.00,0.00,0.00,0.00,0.00,0.00,0.00,0.00,0.00,0.00,0.00,0.00,0.00,0.00,0.00,0.00,0.00,0.00,0.00,0.00,0.00,0.00,0.00,0.00,0.00,0.00,0.00,0.00,0.00,0.00,0.00,0.00,0.00,0.00,0.00,0.00,0.00,0.00,0.00,0.00,0.00,0.00,0.00,0.00,0.00,0.00,0.00,0.00,0.00,0.00,0.00,0.00,0.00,0.00,0.00,0.00,0.00
accumulatedOtherComprehensiveIncome,23289223.00,22918873.00,22546373.00,22546373.00,22217823.00,22217823.00,21068273.00,21068273.00,20937542.00,20099242.00,20039242.00,19243992.00,18585092.00,18660352.00,17915952.00,17689952.00,17689952.00,17005272.00,16860582.00,16706832.00,16634702.00,16569942.00,15840276.00,15528276.00,14737376.00,14144576.00,13915817.00,13552101.00,13491601.00,13080021.00,11822637.00,11822637.00,11579958.00,11290958.00,11338186.00,11005757.00,11010878.00,11028345.00,10210168.00,10210168.00,8959432.00,8740272.00,9100640.00,9947336.00,6219294.00,-1717236.00,-1611017.00,-1611017.00,8561342.00,8550630.00,7063788.00,-1693968.00,-1287805.00,-1250169.00,-1253429.00,-736359.00,-849315.00,-1172944.00,-1358650.00,-1358650.00,-1624575.00,-443668.00,-1043829.00,-828479.00,-79914.00,224531.00,416217.00,-793470.00,-754637.00,543200.00,31500.00,-590618.00,1801354.00,1801354.00,1587755.00,1598354.00,392534.00,392534.00,399334.00,1699435.00,-352862.00,-352862.00,-352862.00,-352862.00,-346170.00,-346170.00,-346170.00,-346170.00,0.00,0.00,0.00,-212714.00,0.00,0.00,0.00,0.00
additionalPaidInCapital,,,,,,,,,,,,,,,,,,0.00,0.00,0.00,0.00,0.00,,0.00,0.00,0.00,0.00,0.00,0.00,0.00,0.00,0.00,0.00,0.00,0.00,0.00,0.00,0.00,0.00,0.00,0.00,0.00,0.00,0.00,0.00,0.00,0.00,0.00,0.00,0.00,0.00,0.00,0.00,0.00,0.00,0.00,0.00,0.00,0.00,0.00,0.00,0.00,0.00,0.00,0.00,0.00,0.00,0.00,0.00,0.00,0.00,0.00,0.00,0.00,0.00,0.00,0.00,0.00,0.00,0.00,0.00,0.00,0.00,0.00,0.00,0.00,0.00,0.00,0.00,0.00,0.00,0.00,0.00,0.00,0.00,0.00
commonStockTotalEquity,,,,,,,,,,143542559.00,143624661.00,131189978.00,131142659.00,129029890.00,129041015.00,127022366.00,127022366.00,127022366.00,127022366.00,127022366.00,126863983.00,126959394.00,118054463.00,118054463.00,116295781.00,116088181.00,99967254.00,95290220.00,95211420.00,87991953.00,83757687.00,83757687.00,80426871.00,92236166.00,87083931.00,87083931.00,87083931.00,81340042.00,81151042.00,81151042.00,81056681.00,76045677.00,75895177.00,75237977.00,0.00,0.00,0.00,0.00,0.00,0.00,0.00,0.00,0.00,0.00,0.00,0.00,0.00,0.00,0.00,0.00,0.00,0.00,0.00,0.00,0.00,0.00,0.00,0.00,0.00,0.00,0.00,0.00,0.00,0.00,0.00,0.00,0.00,0.00,0.00,0.00,0.00,0.00,0.00,0.00,0.00,0.00,0.00,0.00,0.00,0.00,0.00,0.00,0.00,0.00,0.00,0.00
preferredStockTotalEquity,,,,,,,,,,,,,,,,,,0.00,0.00,0.00,0.00,0.00,,0.00,0.00,0.00,0.00,0.00,0.00,0.00,0.00,0.00,0.00,0.00,0.00,0.00,0.00,0.00,0.00,0.00,0.00,0.00,0.00,0.00,0.00,0.00,0.00,0.00,0.00,0.00,0.00,0.00,0.00,0.00,0.00,0.00,0.00,0.00,0.00,0.00,0.00,0.00,0.00,0.00,0.00,0.00,0.00,0.00,0.00,0.00,0.00,0.00,0.00,0.00,0.00,0.00,0.00,0.00,0.00,0.00,0.00,0.00,0.00,0.00,0.00,0.00,0.00,0.00,0.00,0.00,0.00,0.00,0.00,0.00,0.00,0.00
retainedEarningsTotalEquity,,,,,,,,,,,,,,,,,,0.00,0.00,0.00,0.00,0.00,,0.00,0.00,0.00,0.00,0.00,0.00,0.00,0.00,0.00,0.00,0.00,0.00,0.00,0.00,0.00,0.00,0.00,0.00,0.00,0.00,0.00,0.00,0.00,0.00,0.00,0.00,0.00,0.00,0.00,0.00,0.00,0.00,0.00,0.00,0.00,0.00,0.00,0.00,0.00,0.00,0.00,0.00,0.00,0.00,0.00,0.00,0.00,0.00,0.00,0.00,0.00,0.00,0.00,0.00,0.00,0.00,0.00,0.00,0.00,0.00,0.00,0.00,0.00,0.00,0.00,0.00,0.00,0.00,0.00,0.00,0.00,0.00,0.00
treasuryStock,,,,,,,,,,,,,,,,,,0.00,0.00,0.00,0.00,0.00,,0.00,0.00,0.00,0.00,0.00,0.00,0.00,0.00,0.00,0.00,0.00,0.00,0.00,0.00,0.00,0.00,0.00,0.00,0.00,0.00,0.00,0.00,0.00,0.00,0.00,0.00,0.00,0.00,0.00,0.00,0.00,0.00,0.00,0.00,0.00,0.00,0.00,0.00,0.00,0.00,0.00,0.00,0.00,0.00,0.00,0.00,0.00,0.00,0.00,0.00,0.00,0.00,0.00,0.00,0.00,0.00,0.00,0.00,0.00,0.00,0.00,0.00,0.00,0.00,0.00,0.00,0.00,0.00,0.00,0.00,0.00,0.00,0.00
accumulatedAmortization,,,,,,,,,,,,,,,,,,0.00,0.00,0.00,0.00,0.00,,,,,,,,,,,,,,,,,,,,,,,,,,,,,,,,,,,,,,,,,,,,,,,,,,,,,,,,,,,,,,,,,,,,,,,,,,
nonCurrrentAssetsOther,,,-3090208000000.00,-3090208000000.00,,,,,,,,,,,72178178.00,71414558.00,71343919.00,70608313.00,69371157.00,0.00,0.00,0.00,6474888.00,4923209.00,4923209.00,4397368.00,1280383.00,1280383.00,1257133.00,1242133.00,1247383.00,965358.00,,,87551.00,104148.00,122964.00,139464.00,216893.00,216893.00,215093.00,215093.00,269693.00,410393.00,452693.00,517493.00,792464.00,792464.00,268693.00,263693.00,6023507.00,263693.00,263693.00,263693.00,9198038.00,84000.00,84000.00,81500.00,220429.00,220429.00,1767170.00,2023342.00,2048977.00,2077323.00,1525676.00,667393.00,76499.00,76499.00,76500.00,76500.00,81500.00,81501.00,81499.00,81500.00,81500.00,81500.00,81500.00,81500.00,81500.00,81500.00,81500.00,81500.00,81500.00,81500.00,81500.00,76500.00,76500.00,76500.00,232135.00,395995.00,395995.00,395995.00,751025.00,751025.00,751025.00,
deferredLongTermAssetCharges,,,,,,,,,,,,,,,,,,0.00,0.00,0.00,0.00,0.00,,,,,,,,,,,,,,,,,,,,,,,,,,,,,,,,,,,,,,,,,,,,,,,,,,,,,,,,,,,,,,,,,,,,,,,,,,
nonCurrentAssetsTotal,70742651.00,70782224.00,70454365.00,70158266.00,77391027.00,76885678.00,75990281.00,75990281.00,74948564.00,74196696.00,73434589.00,72783284.00,72240969.00,72093972.00,72178178.00,71414558.00,71343919.00,70608313.00,69371157.00,68443398.00,65442908.00,62759961.00,53745466.00,50099699.00,48218677.00,45764908.00,39377234.00,37362991.00,34774852.00,33177417.00,32657044.00,31609106.00,30045587.00,29065239.00,33078996.00,32304277.00,39943646.00,37491480.00,35214609.00,35214609.00,32564915.00,30918488.00,30114471.00,28596703.00,27392453.00,25817819.00,22826769.00,22826769.00,21370732.00,9618835.00,7971339.00,6506839.00,14009955.00,11623241.00,11232117.00,10776278.00,10713075.00,11019231.00,11018794.00,11018794.00,11039584.00,10944832.00,10474273.00,9971058.00,9263416.00,8222353.00,9602645.00,7728283.00,7542277.00,6777364.00,6582665.00,6426481.00,6494073.00,5833425.00,5341010.00,5096871.00,5271117.00,4947177.00,4873122.00,4753696.00,4405946.00,3862896.00,3659858.00,3659858.00,3239859.00,5198606.00,5044255.00,4978713.00,3788874.00,3801784.00,3750319.00,3622702.00,5342465.00,5171503.00,5924325.00,
capitalLeaseObligations,400710.00,423246.00,445254.00,465930.00,486123.00,505843.00,525103.00,548607.00,70724.00,104851.00,138181.00,170731.00,202520.00,233565.00,263885.00,292679.00,320799.00,348261.00,375082.00,0.00,0.00,0.00,,,,,,,,,,,,,,,,,,,,,,,,,,,,,,,,,,,,,,,,,,,,,,,,,,,,,,,,,,,,,,,,,,,,,,,,,,
longTermDebtTotal,,4429030.00,4410180.00,4306650.00,4249250.00,3925590.00,3732550.00,3693480.00,3138980.00,2955220.00,2901480.00,2878540.00,2952160.00,2953000.00,3006660.00,2712070.00,2702250.00,2619650.00,292680.00,0.00,0.00,0.00,,,,,,,,,,,,,,,,,,,,,,,,,,,,,,,,,,,,,,,,,,,,,,,,,,,,,,,,,,,,,,,,,,,,,,,,,,
nonCurrentLiabilitiesOther,,,,,,,,,,,,,,,,,,0.00,0.00,0.00,0.00,0.00,,,,,,,,,,,,,,,,,,,,,,,,,,,,,,,,,,,,,,,,,,,,,,,,,,,,,,,,,,,,,,,,,,,,,,,,,,
nonCurrentLiabilitiesTotal,7893373.00,7744769.00,7817837.00,7805729.00,6368007.00,6260352.00,6457408.00,6457408.00,4873998.00,4701753.00,4653506.00,4688836.00,4873158.00,4874997.00,4919498.00,4577916.00,4561492.00,4466555.00,1727561.00,1434882.00,1434882.00,1434882.00,1434882.00,1434882.00,1434882.00,1434882.00,1434882.00,1434882.00,1434882.00,1434882.00,1434882.00,1434882.00,1839482.00,1839482.00,1839482.00,1839482.00,675100.00,549970.00,1097158.00,1097158.00,747797.00,397938.00,819182.00,1060829.00,,,565097.00,565097.00,,,,,117609.00,115582.00,113555.00,135016.00,133595.00,132174.00,129332.00,129332.00,127911.00,126489.00,125068.00,124036.00,124036.00,-1.06,354677.00,369250.00,361978.00,193626.00,253488.00,1.16,279868.00,-1.23,1.21,79134.00,247742.00,224811.00,69630.00,49625.00,129924.00,15314.00,61814.00,61814.00,39070.00,61284.00,109960.00,127866.00,48281.00,10378.00,26664.00,75055.00,27828.00,39909.00,47601.00,
negativeGoodwill,,,,,,,,,,,,,,,,,,0.00,0.00,0.00,0.00,0.00,,,,,,,,,,,,,,,,,,,,,,,,,,,,,,,,,,,,,,,,,,,,,,,,,,,,,,,,,,,,,,,,,,,,,,,,,,
warrants,,,,,,,,,,,,,,,,,,0.00,0.00,0.00,0.00,0.00,,,,,,,,,,,,,,,,,,,,,,,,,,,,,,,,,,,,,,,,,,,,,,,,,,,,,,,,,,,,,,,,,,,,,,,,,,
preferredStockRedeemable,,,,,,,,,,,,,,,,,,0.00,0.00,0.00,0.00,0.00,,,,,,,,,,,,,,,,,,,,,,,,,,,,,,,,,,,,,,,,,,,,,,,,,,,,,,,,,,,,,,,,,,,,,,,,,,
capitalSurpluse,,,,,,,,,,,,,,,,,,0.00,0.00,0.00,0.00,0.00,,,,,,,,,,,,,,,,,,,,,,,,,,,,,,,,,,,,,,,,,,,,,,,,,,,,,,,,,,,,,,,,,,,,,,,,,,
liabilitiesAndStockholdersEquity,76616631.00,76932845.00,77474606.00,78050210.00,85821670.00,86115458.00,87232290.00,87232290.00,87444274.00,87736681.00,88395787.00,76448771.00,76889227.00,75020788.00,75723275.00,74063855.00,75302179.00,75488119.00,73042598.00,73928394.00,74384213.00,75353555.00,66485105.00,66803196.00,65633341.00,66048790.00,50755745.00,47513895.00,47660917.00,40829627.00,37364168.00,38215348.00,34947418.00,44751481.00,45598116.00,42018646.00,52444106.00,47707942.00,48987933.00,48987933.00,50116249.00,49513984.00,47020941.00,49132316.00,49912312.00,50040837.00,53905269.00,53905269.00,43528724.00,40013243.00,36356062.00,36343355.00,36420761.00,26492849.00,26660600.00,25659423.00,23577652.00,23866203.00,24402080.00,24402080.00,25581920.00,27713316.00,27588325.00,27969639.00,28925586.00,28625642.00,28772437.00,28719562.00,28181386.00,27741946.00,19464360.00,16366755.00,11797329.00,10050122.00,10212087.00,10215275.00,11238229.00,10695340.00,10591469.00,10341770.00,6834870.00,5300783.00,5635752.00,5635752.00,4782657.00,7103685.00,6853989.00,6297093.00,4445645.00,4567286.00,4672555.00,4780243.00,6523307.00,6508586.00,7019704.00,
cashAndShortTermInvestments,4671429.00,4918149.00,5728749.00,6658076.00,7268286.00,8090088.00,10170376.00,10170376.00,11365301.00,12381826.00,13941567.00,2534698.00,3447564.00,1746087.00,2473406.00,912214.00,1373536.00,1716610.00,3359899.00,5080580.00,8618603.00,12275735.00,12270897.00,16334534.00,17159599.00,19961069.00,11013669.00,9770006.00,12534143.00,7201331.00,4312500.00,6222778.00,4583410.00,9495620.00,11935955.00,9025721.00,11816637.00,9516935.00,13053434.00,13053434.00,15635527.00,16272227.00,15115063.00,18689216.00,20849037.00,22741348.00,29655326.00,29655326.00,20770135.00,20062287.00,18178729.00,19939715.00,21630130.00,14126548.00,14777804.00,13906150.00,11989781.00,12098237.00,12659843.00,12659843.00,14064203.00,15930251.00,16252854.00,17195719.00,18753988.00,18506303.00,18112609.00,20116097.00,19439355.00,20192087.00,11928858.00,9167978.00,4750219.00,3700663.00,4280158.00,4630460.00,5348062.00,5088910.00,5224728.00,5208200.00,2082011.00,1012865.00,1565041.00,1565041.00,1050801.00,1514113.00,1200150.00,750573.00,625156.00,705128.00,860940.00,1019637.00,1019928.00,1054694.00,1053803.00,
propertyPlantAndEquipmentGross,,,,,,,,,,74196696.00,73434589.00,72783284.00,72240969.00,72093972.00,72178178.00,71414558.00,71343919.00,70608313.00,69371157.00,68443398.00,65442908.00,62759961.00,47270578.00,45176490.00,43295468.00,41367540.00,38096851.00,36082608.00,33517719.00,31935284.00,31409661.00,30643748.00,30045587.00,29065239.00,29525129.00,29525129.00,30475022.00,27969335.00,25550219.00,25550219.00,22860508.00,21237427.00,20345139.00,17919924.00,16628767.00,14999618.00,13602166.00,11854882.00,9891454.00,8318487.00,5301870.00,5301870.00,12692184.00,10242510.00,842134.00,9430627.00,9356357.00,9451494.00,9651544.00,9249329.00,9272414.00,8921490.00,8425296.00,7893735.00,7737740.00,7554960.00,9526146.00,7651784.00,7465777.00,6700864.00,6501165.00,6344980.00,6412574.00,5751925.00,5259510.00,5015371.00,5189617.00,4865677.00,4791622.00,4672196.00,4324446.00,3781396.00,3767975.00,3578358.00,3158359.00,5122106.00,4967755.00,4902213.00,3556739.00,3405789.00,3354324.00,3226707.00,4591440.00,4420478.00,5173300.00,
propertyPlantAndEquipmentNet,70742651.00,70782224.00,70454365.00,70158266.00,77391027.00,76885678.00,75990281.00,75990281.00,74948564.00,74196696.00,73434589.00,72783284.00,72240969.00,72093972.00,72178178.00,71414558.00,71343919.00,70608313.00,69371157.00,68443398.00,65442908.00,62759961.00,47270578.00,45176490.00,43295468.00,41367540.00,38096851.00,36082608.00,33517719.00,31935284.00,31409661.00,30643748.00,30045587.00,29065239.00,30851445.00,29525129.00,30475022.00,27969335.00,25550219.00,25550219.00,22860508.00,21237427.00,20345139.00,17919924.00,16628767.00,14999618.00,11854882.00,11854882.00,9891454.00,8318487.00,1028304.00,5301870.00,12692184.00,10242510.00,842134.00,9430627.00,9356357.00,9451494.00,9249329.00,9249329.00,9272414.00,8921490.00,8425296.00,7893735.00,7737740.00,7554960.00,9526146.00,7651784.00,7465777.00,6700864.00,6501165.00,6344980.00,6412574.00,5751925.00,5259510.00,5015371.00,5189617.00,4865677.00,4791622.00,4672196.00,4324446.00,3781396.00,3578358.00,3578358.00,3158359.00,5122106.00,4967755.00,4902213.00,3556739.00,3405789.00,3354324.00,3226707.00,4591440.00,4420478.00,5173300.00,
accumulatedDepreciation,,,,,,,,,,,,,,,,,,0.00,0.00,0.00,0.00,0.00,,,,,,,,,,,,,,,,,,,,,,,,,,,,,,,,,,,,,,,,,,,,,,,,,,,,,,,,,,,,,,,,,,,,,,,,,,
netWorkingCapital,5616511.00,5818032.00,6724884.00,7463140.00,8117917.00,8642068.00,9694626.00,10651264.00,11980447.00,12976386.00,14195422.00,3082986.00,4157789.00,2488164.00,2625769.00,,,,,,,,,,,,,,,,,,,,,,,,,,,,,,,,,,,,,,,,,,,,,,,,,,,,,,,,,,,,,,,,,,,,,,,,,,,,,,,,,
netInvestedCapital,72790992.00,72955542.00,73417587.00,73744692.00,82989474.00,82769737.00,82680265.00,83411682.00,85193995.00,85426550.00,85877983.00,74020190.00,74407030.00,72555284.00,72752927.00,,,,,,,,,,,,,,,,,,,,,,,,,,,,,,,,,,,,,,,,,,,,,,,,,,,,,,,,,,,,,,,,,,,,,,,,,,,,,,,,,
commonStockSharesOutstanding,137221408.00,137221408.00,137221408.00,137221408.00,137221408.00,137221408.00,40607000.00,40607000.00,137221408.00,137221408.00,123519656.00,123519656.00,119157675.00,117238135.00,112029447.00,112029447.00,111726719.00,111726719.00,111726719.00,111726719.00,111639625.00,104689295.00,102199625.00,102199625.00,100151694.00,93203469.00,88633408.00,88633408.00,85501341.00,79492551.00,78062984.00,78062984.00,72484511.00,72122686.00,71085654.00,71085654.00,67380495.00,64578321.00,64578321.00,64578321.00,61226848.00,60050288.00,59855377.00,59855377.00,64443883.00,59208035.00,59122321.00,59122321.00,57900136.00,57268649.00,55675411.00,55675411.00,51026631.00,49391176.00,49081056.00,49081056.00,45683082.00,59124100.00,45528421.00,45528421.00,44964925.00,44912038.00,44912038.00,44912038.00,44091618.00,44212311.00,43828967.00,43828967.00,43102283.00,36006711.00,37709634.00,37709634.00,28823500.00,23884550.00,32579600.00,35540700.00,36270500.00,25868800.00,32421800.00,32421800.00,26037300.00,22300800.00,27570900.00,27570900.00,19825682.00,14226450.00,14226450.00,14226450.00,11602200.00,8898300.00,14824250.00,14824250.00,13318889.00,13289347.00,12147833.00,
investments,12300.00,-352203.00,-318583.00,-232241.00,-548129.00,-539864.00,-408612.00,-582260.00,-775140.00,-753687.00,-684063.00,-568402.00,-163816.00,-224903.00,-800597.00,-1158563.00,-669475.00,-1095324.00,-828408.00,0.00,0.00,0.00,,0.00,0.00,0.00,0.00,0.00,0.00,0.00,0.00,0.00,0.00,0.00,0.00,33855.09,0.00,0.00,0.00,21241.65,0.00,0.00,0.00,0.00,0.00,0.00,0.00,0.00,0.00,0.00,0.00,0.00,0.00,0.00,0.00,0.00,0.00,0.00,0.00,0.00,0.00,0.00,0.00,0.00,0.00,0.00,0.00,0.00,0.00,0.00,0.00,0.00,0.00,0.00,0.00,0.00,0.00,0.00,0.00,0.00,0.00,0.00,0.00,0.00,0.00,0.00,0.00,0.00,0.00,0.00,0.00,0.00,0.00,0.00,0.00,0.00
changeToLiabilities,,,,,-263961.00,4421.00,-17614.00,78240.00,-25521.00,-211744.00,178377.00,79634.00,30254.00,-209831.00,16649.00,411012.00,27681.00,-52377.00,-207869.00,216862.44,-107249.38,101775.00,68697.00,-142296.53,-20166.28,-35423.83,-90743.63,-156129.63,0.00,0.00,0.00,28571.63,0.00,0.00,0.00,-477222.27,0.00,0.00,0.00,34198.44,0.00,0.00,0.00,499899.21,0.00,0.00,29269.28,0.00,289496.24,48785.55,37105.75,19057.17,906617.43,0.00,0.00,140684.41,0.00,9459.92,126883.43,1643.66,179426.96,301635.49,0.00,0.00,67574.38,0.00,0.00,156960.29,156852.20,6265.66,57348.28,91766.72,172784.32,121583.03,28942.36,24937.66,156881.39,131282.82,15270.67,0.00,50266.11,0.00,61984.88,0.00,0.00,13190.87,0.00,11306.53,0.00,0.00,0.00,32701.55,0.00,99576.13,0.00,67086.24
totalCashflowsFromInvestingActivities,,-670790.00,-318580.00,-1728850.00,-548129.00,-539864.00,-408612.00,-582260.00,-775140.00,-753687.00,-684063.00,-568402.00,-163816.00,-224903.00,-800597.00,-1158563.00,-2593210.00,-1923730.00,-828410.00,-2321734.86,-1719027.51,-8714630.00,-3469002.00,-10209687.52,-1751466.14,-5126654.07,-1606532.71,-4111194.37,0.00,0.00,0.00,-3152089.44,0.00,0.00,0.00,-5691614.32,0.00,0.00,0.00,-7718619.98,0.00,0.00,0.00,0.00,0.00,254695.64,2241622.93,1375894.87,323778.69,0.00,0.00,0.00,0.00,0.00,0.00,0.00,0.00,0.00,0.00,0.00,0.00,0.00,0.00,0.00,0.00,0.00,0.00,0.00,0.00,0.00,0.00,0.00,0.00,0.00,0.00,0.00,0.00,0.00,0.00,0.00,0.00,0.00,10898.44,0.00,0.00,0.00,154558.54,177763.82,0.00,0.00,0.00,0.00,0.00,0.00,0.00,0.00
netBorrowings,,,,,-31331.00,-31331.00,-23504.00,-30916.00,-34127.00,-33330.00,-32550.00,-31789.00,-31045.00,-30320.00,789566.00,749584.00,772538.00,-26821.00,-19572.00,-14351.08,-11923.43,-19572.00,,0.00,0.00,0.00,0.00,0.00,0.00,0.00,0.00,0.00,0.00,0.00,0.00,0.00,0.00,0.00,0.00,0.00,0.00,0.00,0.00,0.00,0.00,0.00,0.00,0.00,0.00,0.00,0.00,0.00,0.00,0.00,0.00,0.00,0.00,0.00,0.00,0.00,0.00,0.00,0.00,0.00,0.00,0.00,0.00,0.00,0.00,0.00,0.00,0.00,0.00,0.00,0.00,0.00,0.00,0.00,0.00,0.00,0.00,0.00,0.00,0.00,0.00,0.00,0.00,0.00,0.00,0.00,0.00,0.00,0.00,0.00,0.00,0.00
totalCashFromFinancingActivities,-32156.00,-32155.00,-31331.00,-31331.00,-31331.00,-31331.00,-30916.00,-30916.00,-34127.00,-115432.00,12224883.00,-136870.00,2006464.00,-44245.00,2808215.00,749584.00,772538.00,-26821.00,-19572.00,-8367.00,-95411.00,8941497.00,8941497.00,1758682.00,-31400.00,16206899.00,4172880.00,14800.00,7138887.00,4239300.00,0.00,3263377.00,-3000000.00,4135115.66,5165576.00,5060666.04,5759250.00,121500.00,43861.00,43861.00,993884.00,4216000.00,81550.00,1269905.26,1160000.00,100000.00,1678200.00,1678200.00,269900.00,4682999.00,631343.00,627550.00,9079840.00,1099866.00,365135.00,2491115.00,195473.25,179738.56,145320.00,145320.00,145967.00,513172.07,523583.00,212538.00,242000.00,333849.00,309506.00,1114831.00,402232.00,9065152.00,3367765.00,6072029.00,1043511.00,91131.00,21250.00,49930.00,1238791.00,213245.00,569461.00,3963066.00,1593187.00,89692.00,1329155.00,1329155.00,-30662.00,1080112.00,0.00,-72500.00,72500.00,0.00,0.00,-72500.00,74750.00,380000.00,0.00,0.00
changeToOperatingActivities,,,,,,,,,,,,,,,,,,0.00,0.00,0.00,0.00,0.00,,-113569.55,0.00,0.00,0.00,-116422.83,0.00,0.00,0.00,20568.60,0.00,0.00,0.00,-412019.62,0.00,0.00,0.00,0.00,0.00,0.00,0.00,0.00,0.00,0.00,0.00,0.00,0.00,0.00,0.00,0.00,0.00,0.00,0.00,0.00,0.00,0.00,0.00,0.00,0.00,0.00,0.00,0.00,0.00,0.00,0.00,0.00,0.00,0.00,0.00,0.00,0.00,0.00,0.00,0.00,0.00,0.00,0.00,0.00,0.00,0.00,0.00,0.00,0.00,0.00,0.00,0.00,0.00,0.00,0.00,0.00,0.00,0.00,0.00,0.00
changeInCash,-246720.00,-810600.00,-929327.00,-610210.00,-821802.00,-986966.00,-1194925.00,-1194925.00,-1016525.00,-1559741.00,11406869.00,-912866.00,1701477.00,-727319.00,1561192.00,-461322.00,-343074.00,-1643289.00,-1720681.00,-3538023.00,-3657132.00,4838.00,-4063637.00,-825065.00,-2801470.00,8947400.00,1243663.00,-2764137.00,5332812.00,2888831.00,-1910278.00,1639368.00,-4912210.00,-1791624.00,3114646.00,-2523772.00,2688807.00,-1781479.00,-2597086.00,-2597086.00,-967980.00,1830742.00,-2758311.00,-1793080.00,-1691903.00,-2843644.00,1209954.00,1209954.00,1053938.00,4708428.00,-1875993.00,-1752618.00,5399949.00,-129414.00,-572756.00,1924013.00,-352085.00,146113.00,-780796.00,-780796.00,-704741.00,-683006.00,-61267.00,-656155.00,254230.00,-1432010.00,-2378261.00,287043.00,-878695.00,8551913.00,2875645.00,4513335.00,297366.00,-598283.00,-377074.00,-681408.00,267793.00,-167389.00,-132204.00,3079462.00,1234957.00,-400299.00,507063.00,507063.00,-465142.00,-133954.00,782900.00,152817.00,15464.00,-15720.00,-166060.00,-12101.00,-46860.00,208891.00,-67456.00,0.00
beginPeriodCashFlow,4918149.00,5728749.00,6658076.00,7268286.00,8090088.00,9077054.00,11365301.00,11365301.00,12381826.00,13941567.00,2534698.00,3447564.00,1746087.00,2473406.00,912214.00,1373536.00,1716610.00,3359899.00,5080580.00,8618603.00,12275735.00,12270897.00,16334534.00,17159599.00,19961069.00,11013669.00,9770006.00,12534143.00,7201331.00,4312500.00,6222778.00,4583410.00,9495620.00,11287244.00,8172598.00,10696370.00,8007563.00,9789042.00,14591859.00,14591859.00,15559839.00,13729097.00,16487408.00,18280488.00,19972391.00,22816035.00,19974205.00,19974205.00,18920267.00,14211839.00,16087832.00,17840450.00,12440501.00,12569915.00,13142671.00,11218658.00,11570743.00,11424630.00,13099746.00,13099746.00,13804487.00,14487493.00,14548760.00,15240915.00,14986685.00,16418695.00,18796956.00,18509913.00,19388608.00,10836695.00,7961050.00,3447715.00,3150349.00,3748632.00,4125706.00,4807114.00,4539321.00,4706710.00,4838914.00,1759452.00,524495.00,924794.00,457904.00,457904.00,923046.00,1057000.00,274100.00,121283.00,105819.00,121539.00,287599.00,299700.00,346560.00,137669.00,205125.00,
endPeriodCashFlow,4671429.00,4918149.00,5728749.00,6658076.00,7268286.00,8090088.00,10170376.00,10170376.00,11365301.00,12381826.00,13941567.00,2534698.00,3447564.00,1746087.00,2473406.00,912214.00,1373536.00,1716610.00,3359899.00,5080580.00,8618603.00,12275735.00,12270897.00,16334534.00,17159599.00,19961069.00,11013669.00,9770006.00,12534143.00,7201331.00,4312500.00,6222778.00,4583410.00,9495620.00,11287244.00,8172598.00,10696370.00,8007563.00,11994773.00,11994773.00,14591859.00,15559839.00,13729097.00,16487408.00,18280488.00,19972391.00,21184159.00,21184159.00,19974205.00,18920267.00,14211839.00,16087832.00,17840450.00,12440501.00,12569915.00,13142671.00,11218658.00,11570743.00,12318950.00,12318950.00,13099746.00,13804487.00,14487493.00,14584760.00,15240915.00,14986685.00,16418695.00,18796956.00,18509913.00,19388608.00,10836695.00,7961050.00,3447715.00,3150349.00,3748632.00,4125706.00,4807114.00,4539321.00,4706710.00,4838914.00,1759452.00,524495.00,964967.00,964967.00,457904.00,923046.00,1057000.00,274100.00,121283.00,105819.00,121539.00,287599.00,299700.00,346560.00,137669.00,205125.00
totalCashFromOperatingActivities,-226864.00,-426242.00,-579413.00,-346638.00,-242342.00,-415771.00,-581749.00,-581749.00,-207258.00,-690622.00,-133951.00,-207594.00,-141171.00,-458171.00,-446426.00,-52343.00,-446137.00,-521144.00,-872701.00,-363274.00,-739983.00,-222029.00,-594635.00,-752087.00,-579161.00,-612792.00,-790440.00,-332749.00,-248819.00,-739170.00,-1000398.00,-550396.00,-1115774.00,-755720.00,-594076.00,-982384.00,-441001.00,-781105.00,388220.00,388220.00,-180743.00,-1002750.00,-833167.00,-193907.00,-958669.00,-981470.00,-1530467.00,-1530467.00,-687020.00,-685282.00,-665877.00,-1209676.00,759239.00,-441867.00,-341369.00,-407347.00,-369258.00,363934.00,-500122.00,-500122.00,-296306.00,-136308.00,-328244.00,-676353.00,804868.00,-1576437.00,-780628.00,198570.00,-281978.00,-374647.00,-285788.00,-2155707.00,836642.00,-151800.00,-105331.00,-315010.00,-272973.00,-226335.00,-397797.00,-445852.00,32233.00,-309042.00,-508277.00,-508277.00,-288770.00,-594360.00,535920.00,-184079.00,6763.00,-98091.00,-21354.00,21356.00,68009.00,-298935.00,-78646.00,0.00
issuanceOfCapitalStock,,,,0.00,0.00,0.00,0.00,0.00,0.00,,,,,,,,,,,,,,,,,,,,,,,,,,,,,,,,,,,,,,,,,,,,,,,,,,,,,,,,,,,,,,,,,,,,,,,,,,,,,,,,,,,,,,,
depreciation,28215.00,28216.00,28212.00,28957.00,28939.00,28941.00,34631.00,34631.00,34584.00,34477.00,34425.00,35330.00,35301.00,35255.00,35110.00,36450.00,36449.00,36389.00,36343.00,7304.00,7188.00,6918.00,6867.00,7473.00,7281.00,7183.00,6337.00,6533.00,7222.00,6848.00,6436.00,11139.00,23571.00,48388.00,48388.00,61773.00,61774.00,61076.00,76918.00,76918.00,75546.00,75463.00,75463.00,90906.00,90140.00,73761.00,97001.00,97001.00,60532.00,57491.00,56037.00,82899.00,37636.00,36078.00,32967.00,43288.00,42816.00,42039.00,35781.00,35781.00,54518.00,53481.00,51977.00,54394.00,54589.00,57018.00,52788.00,67392.00,56754.00,54402.00,52865.00,61738.00,34300.00,35186.00,18253.00,15801.00,15688.00,16706.00,12131.00,10238.00,11613.00,9110.00,18722.00,18722.00,9140.00,7826.00,7478.00,6417.00,6350.00,6256.00,7859.00,6563.00,6563.00,6563.00,6563.00,0.00
otherCashflowsFromInvestingActivities,,,,,,,,,,,,,,,,,,0.00,0.00,-7694900.00,0.00,0.00,,-2317575.93,0.00,0.00,0.00,-180122.79,0.00,0.00,0.00,493.46,0.00,0.00,0.00,118750.54,124118.22,130259.58,0.00,129572.63,0.00,0.00,0.00,97762.55,98747.84,19667.62,20185.71,0.00,0.00,0.00,0.00,0.00,0.00,0.00,0.00,0.00,0.00,0.00,0.00,367357.00,419915.45,0.00,0.00,0.00,0.00,0.00,0.00,4288.53,4481.49,4475.47,0.00,0.00,0.00,0.00,0.00,0.00,0.00,0.00,0.00,0.00,0.00,0.00,0.00,227634.01,0.00,0.00,0.00,0.00,0.00,0.00,0.00,0.00,28899.84,30949.34,27048.96,85759.73
dividendsPaid,,,,,,,,,,,,,,,,,,0.00,0.00,0.00,0.00,0.00,,0.00,0.00,0.00,0.00,0.00,0.00,0.00,0.00,0.00,0.00,0.00,0.00,0.00,0.00,0.00,0.00,0.00,0.00,0.00,0.00,0.00,0.00,0.00,0.00,0.00,0.00,0.00,0.00,0.00,0.00,0.00,0.00,0.00,0.00,0.00,0.00,0.00,0.00,0.00,0.00,0.00,0.00,0.00,0.00,0.00,0.00,0.00,0.00,0.00,0.00,0.00,0.00,0.00,0.00,0.00,0.00,0.00,0.00,0.00,0.00,0.00,0.00,0.00,0.00,0.00,0.00,0.00,0.00,0.00,0.00,0.00,0.00,0.00
changeToInventory,,,,,,,,,,,,,,,,,,0.00,0.00,0.00,0.00,0.00,,0.00,0.00,0.00,0.00,0.00,0.00,0.00,0.00,0.00,0.00,0.00,0.00,0.00,0.00,0.00,0.00,0.00,0.00,0.00,0.00,0.00,0.00,0.00,0.00,0.00,0.00,0.00,0.00,0.00,0.00,0.00,0.00,0.00,0.00,0.00,0.00,0.00,0.00,0.00,0.00,0.00,0.00,0.00,0.00,0.00,0.00,0.00,0.00,0.00,0.00,0.00,0.00,0.00,0.00,0.00,0.00,0.00,0.00,0.00,0.00,0.00,108387.42,113441.50,0.00,0.00,302763.27,258232.80,201914.94,315670.05,198357.96,202516.32,58155.26,0.00
changeToAccountReceivables,33932.00,-3545.00,31003.00,-7280.00,-40197.00,7798.00,99313.00,99313.00,38383.00,-114992.00,-3334.00,28416.00,19396.00,-54816.00,-7287.00,66118.00,-16923.00,101630.00,92874.00,-81714.00,-4843.00,150883.00,-99779.00,-113898.00,67748.00,42029.00,16056.00,-28976.00,98957.00,-56255.00,-11160.00,-247190.00,-70833.00,-130109.00,105483.00,-4825.00,15704.00,-38883.00,721243.00,721243.00,-8345.00,-116055.00,54990.00,-175575.00,-189152.00,-154191.00,-140306.00,-140306.00,-314504.00,-42572.00,-112624.00,-32492.00,-37615.00,-92381.00,326316.00,-102199.00,-126061.00,516828.00,-542120.00,0.00,0.00,0.00,0.00,0.00,0.00,0.00,0.00,0.00,0.00,0.00,0.00,0.00,0.00,0.00,0.00,0.00,0.00,0.00,0.00,0.00,0.00,0.00,0.00,0.00,0.00,0.00,0.00,0.00,0.00,19563.09,19540.16,0.00,0.00,0.00,0.00,0.00
salePurchaseOfStock,,,,0.00,0.00,0.00,0.00,12175330.00,12175330.00,-82102.00,12257430.00,4018300.00,4057570.00,-22425.00,2018650.00,,,0.00,0.00,6492887.52,5389115.52,0.00,,17592577.92,94651.85,12500500.58,3134440.02,8464852.66,0.00,0.00,0.00,5945640.49,0.00,0.00,0.00,5267618.97,0.00,0.00,0.00,5022399.51,0.00,0.00,0.00,0.00,0.00,0.00,0.00,0.00,0.00,0.00,0.00,0.00,0.00,0.00,0.00,0.00,0.00,0.00,0.00,0.00,0.00,0.00,0.00,0.00,0.00,0.00,0.00,0.00,0.00,0.00,0.00,0.00,0.00,0.00,0.00,0.00,0.00,0.00,0.00,0.00,0.00,0.00,0.00,0.00,0.00,0.00,0.00,0.00,0.00,0.00,0.00,0.00,0.00,0.00,0.00,0.00
otherCashflowsFromFinancingActivities,12300.00,-352203.00,-318583.00,-232241.00,-548129.00,-539864.00,-582260.00,-582260.00,-775140.00,-753687.00,564750.00,-18514.00,96957.00,8500.00,818360.00,777704.00,800000.00,-1095324.00,-828408.00,-8367.00,-95411.00,-8714630.00,-3469002.00,1758682.00,-31400.00,278375.00,976720.00,14800.00,7138887.00,147654.00,-909880.00,-1073613.00,-3000000.00,-1035904.00,-1456854.00,-1541388.00,-2629442.00,-1121874.00,-3029167.00,-3029167.00,-1781121.00,-1382508.00,-2006694.00,-1599173.00,-1893234.00,-1962174.00,1062221.00,1062221.00,1471058.00,710711.00,-1841459.00,-1170492.00,-4439130.00,-787413.00,-596522.00,-159755.00,17173.00,-217821.00,-425994.00,-425994.00,-554402.00,-546698.00,-256606.00,-192340.00,-792638.00,-189423.00,-1907138.00,-1026358.00,-998949.00,-138592.00,-206332.00,597013.00,-1582786.00,-537615.00,-292993.00,-416328.00,-698025.00,-154299.00,-303868.00,-437752.00,-390463.00,-180949.00,-313815.00,-313815.00,-145710.00,1080112.00,246980.00,-72500.00,72500.00,82371.00,-144706.00,39043.00,-189619.00,380000.00,11190.00,0.00
changeToNetincome,,,,,159334.00,469444.00,526102.00,-1294231.00,999912.00,84711.00,1087443.00,703411.00,-7074.00,681806.00,454452.00,52032.00,606057.00,-60486.00,153750.00,175157.65,39452.36,693100.00,312000.00,2148130.73,664961.23,157547.24,651896.64,1400930.20,0.00,0.00,0.00,-1298221.23,0.00,0.00,0.00,8261769.21,0.00,0.00,0.00,3168200.13,0.00,0.00,0.00,0.00,0.00,0.00,0.00,0.00,0.00,0.00,0.00,0.00,0.00,0.00,0.00,0.00,0.00,0.00,0.00,0.00,0.00,0.00,0.00,0.00,0.00,0.00,0.00,0.00,0.00,0.00,0.00,0.00,0.00,0.00,0.00,0.00,0.00,0.00,0.00,0.00,0.00,0.00,0.00,0.00,0.00,0.00,0.00,0.00,54132.31,44343.01,0.00,0.00,0.00,0.00,0.00,0.00
capitalExpenditures,0,670790,318583,232241,548129,4536,2790897,2790897,775140,753687,684063,568402,163816,224903,800597,1158563,669475,1095324,828408,3166382,2821738,8714630,3469002,1831660,2190909,6646707,2138777,2446188,1557256,611299,909880,1074983,796436,1037220,1454851,1579447,2629442,1260803,3029167,3029167,1846814,1337840,2135654,1710555,2025601,1971104,1968766,1968766,1564817,1664741,1677617,1721411,2604687,1000967,653852,192537,93879,237696,421391,421391,1070255,877579,923207,1074023,861959,354270,2229393,1156832,1145025,500571,418648,436979,833435,587748,405469,712165,409651,307681,165712,407315,563647,66268,706024,706024,124480,161444,82430,119516,159040,57721,137343,55088,177525,80174,179747,370703.37
changeReceivables,,,,,,,,,,,,,,,,,,0.00,0.00,0.00,0.00,0.00,,,,,,,,,,,,,,,,,,,,,,,,,,,,,,,,,,,,,,,,,,,,,,,,,,,,,,,,,,,,,,,,,,,,,,,,,,
cashFlowsOtherOperating,,,,,,,,,,,,,,,,,,0.00,0.00,0.00,0.00,0.00,,,,,,,,,,,,,,,,,,,,,,,,,,,,,,,,,,,,,,,,,,,,,,,,,,,,,,,,,,,,,,,,,,,,,,,,,,
exchangeRateChanges,,,,,,,,,,,,,,,,,,0.00,0.00,0.00,0.00,0.00,,,,,,,,,,,,,,,,,,,,,,,,,,,,,,,,,,,,,,,,,,,,,,,,,,,,,,,,,,,,,,,,,,,,,,,,,,
cashAndCashEquivalentsChanges,,,,,,,,,,,,,,,,,,0.00,0.00,0.00,0.00,0.00,,,,,,,,,,,,,,,,,,,,,,,,,,,,,,,,,,,,,,,,,,,,,,,,,,,,,,,,,,,,,,,,,,,,,,,,,,
changeInWorkingCapital,-45224.00,26793.00,-111123.00,100668.00,-304158.00,12219.00,177553.00,177553.00,12862.00,-326736.00,175043.00,108050.00,49650.00,-264647.00,9362.00,477130.00,10758.00,49253.00,-114995.00,214043.00,-180890.00,252658.00,-31082.00,-100449.00,42522.00,-3898.00,-104751.00,222045.00,181197.00,-318509.00,-291974.00,-263652.00,-114649.00,-260753.00,335951.00,-137347.00,140834.00,-330893.00,1070604.00,1070604.00,341514.00,-537299.00,-186657.00,731283.00,-358031.00,-425382.00,-658322.00,-658322.00,-214656.00,-31076.00,-76580.00,-949688.00,1202303.00,-181555.00,269050.00,183705.00,-275470.00,367857.00,-814221.00,-814221.00,242916.00,368533.00,-95320.00,-204539.00,1241810.00,-1010957.00,-196574.00,331844.00,-258906.00,31012.00,-24132.00,-676766.00,378461.00,85878.00,35487.00,-51711.00,69711.00,-16320.00,-138252.00,-141912.00,279382.00,-132898.00,-69547.00,-69547.00,-210572.00,-602731.00,799648.00,-413.00,66662.00,-15364.00,28217.00,70237.00,109394.00,-248505.00,-12322.00,
stockBasedCompensation,370350.00,276500.00,96000.00,328550.00,0.00,800800.00,348750.00,0.00,838300.00,60000.00,972500.00,811300.00,,747200.00,226000.00,,684680.00,94690.00,153750.00,238880.00,64760.00,693100.00,312000.00,790900.00,831800.00,202500.00,867870.00,124500.00,492160.00,1252350.00,,219240.00,289000.00,,442500.00,60000.00,193500.00,27300.00,285000.00,,,370550.00,11400.00,-16250.00,1016000.00,716500.00,51600.00,51600.00,434000.00,4384800.00,60300.00,451500.00,717400.00,176100.00,763800.00,67500.00,,,20933.00,,,,,,,,,,,,,,,,,,,,,,,,,,,,,,,,,,,,,
otherNonCashItems,148224.00,141683.00,-42237.00,-1341176151003.00,159334.00,-331356.00,-1294231.00,-1294231.00,101200.00,95416.00,93703.00,92179.00,-7074.00,92470.00,93039.00,553652.00,85202.00,91971.00,,,,,,,831800.00,1760.00,,19325.00,-15000.00,5250.00,3985.00,-416975.00,-205449.00,125408.00,714747.00,11160489.00,278279.00,95320.00,2063472.00,2063472.00,317477.00,89381.00,-115590.00,-387200.00,-11700.00,756671.00,-10940320.00,-10940320.00,-4127166.00,-151834.00,157200.00,-1993607.00,-153483.00,860973.00,-1669073.00,163234.00,327588.00,545279.00,1642511.00,1642511.00,423355.00,328838.00,408293.00,-223520.00,108121.00,-504692.00,-608168.00,383259.00,2540219.00,178175.00,112047.00,-797819.00,135646.00,204828.00,3827.00,1478387.00,367038.00,31967.00,52542.00,253037.00,1611.00,37754.00,104152.00,104152.00,2093487.00,9612.00,13323.00,79688.00,165795.00,,1867.00,1734847.00,,826433.00,,
freeCashFlow,-226864.00,-426242.00,-897996.00,-578879.00,-790471.00,-420307.00,-3372646.00,-3372646.00,-207258.00,-1444309.00,-818014.00,-775996.00,-304987.00,-683074.00,-1247023.00,-1210906.00,-1115612.00,-1616468.00,-1701109.00,-3529656.00,-3561721.00,-8936659.00,-4063637.00,-2583747.00,-2770070.00,-7259499.00,-2929217.00,-2778937.00,-1806075.00,-1350469.00,-1910278.00,-1625379.00,-1912210.00,-1792940.00,-2048927.00,-2561831.00,-3070443.00,-2041908.00,-2640947.00,-2640947.00,-2027557.00,-2340590.00,-2968821.00,-1904462.00,-2984270.00,-2952574.00,-3499233.00,-3499233.00,-2251837.00,-2350023.00,-2343494.00,-2931087.00,-1845448.00,-1442834.00,-995221.00,-599884.00,-463137.00,126238.00,-921513.00,-921513.00,-1366561.00,-1013887.00,-1251451.00,-1750376.00,-57091.00,-1930707.00,-3010021.00,-958262.00,-1427003.00,-875218.00,-704436.00,-2592686.00,3207.00,-739548.00,-510800.00,-1027175.00,-682624.00,-534016.00,-563509.00,-853167.00,-531414.00,-375310.00,-1214301.00,-1214301.00,-413250.00,-755804.00,453490.00,-64563.00,-152277.00,-155812.00,-158697.00,76444.00,-109516.00,-379109.00,-258393.00,
researchDevelopment,,,,,,,,,,,,,,,,,,0.00,0.00,0.00,0.00,0.00,0.00,0.00,0.00,0.00,0.00,0.00,0.00,0.00,0.00,0.00,0.00,0.00,0.00,0.00,0.00,0.00,0.00,0.00,0.00,0.00,0.00,0.00,0.00,0.00,0.00,0.00,0.00,0.00,0.00,0.00,0.00,0.00,0.00,0.00,0.00,0.00,0.00,0.00,0.00,0.00,0.00,0.00,0.00,0.00,0.00,0.00,0.00,0.00,0.00,0.00,0.00,0.00,0.00,0.00,0.00,0.00,0.00,0.00,0.00,0.00,0.00,0.00,0.00,0.00,0.00,0.00,0.00,0.00,0.00,0.00,0.00,0.00,0.00,0.00
effectOfAccountingCharges,,,,,,,,,,,,,,,,,,0.00,0.00,0.00,0.00,0.00,0.00,0.00,0.00,0.00,0.00,0.00,0.00,0.00,0.00,0.00,0.00,0.00,0.00,0.00,0.00,0.00,0.00,0.00,0.00,0.00,0.00,0.00,0.00,0.00,0.00,0.00,0.00,0.00,0.00,0.00,0.00,0.00,0.00,0.00,0.00,0.00,0.00,0.00,0.00,0.00,0.00,0.00,0.00,0.00,0.00,0.00,0.00,0.00,0.00,0.00,0.00,0.00,0.00,0.00,0.00,0.00,0.00,0.00,0.00,0.00,0.00,0.00,0.00,0.00,0.00,0.00,0.00,0.00,0.00,0.00,0.00,0.00,0.00,0.00
incomeBeforeTax,-760048.00,-782425.00,-550265.00,-8312625.00,-126457.00,-926375.00,814439.00,814439.00,-1254616.00,-483074.00,-1430862.00,-1054385.00,-219048.00,-910585.00,-945350.00,-1119575.00,-1099401.00,-596300.00,-947799.00,-823501.00,-631041.00,-1174705.00,-882420.00,-1450011.00,-1460764.00,-820337.00,-1559896.00,-705152.00,-914398.00,-1685109.00,-718845.00,-504748.00,1760048.00,-668763.00,-2135662.00,-10287817.00,-1115388.00,-633908.00,-2822774.00,-2822774.00,-915280.00,-1000845.00,-1680232.00,-5414896.00,-1989068.00,-2103020.00,9955344.00,9955344.00,3127011.00,-4944663.00,-862834.00,-1430640.00,-1268202.00,-1333463.00,261887.00,-797063.00,-729230.00,-570022.00,-1713068.00,-1713068.00,-980616.00,-812914.00,-693194.00,-302688.00,-599652.00,-117806.00,-671274.00,-583925.00,-2620044.00,-638236.00,-426568.00,-742860.00,288235.00,-477691.00,-162898.00,-1757487.00,-725410.00,-258688.00,-324218.00,-567215.00,-260373.00,-223008.00,-561604.00,-561604.00,-2139448.00,-9067.00,-284529.00,-269771.00,-232044.00,-88983.00,-59297.00,-1790291.00,-47948.00,-874439.00,-72887.00,0.00
minorityInterest,,,,,,,,,,,,,,,,,,0.00,0.00,0.00,0.00,0.00,0.00,0.00,0.00,0.00,0.00,0.00,0.00,0.00,0.00,0.00,0.00,0.00,0.00,0.00,0.00,0.00,0.00,0.00,0.00,0.00,0.00,0.00,0.00,0.00,0.00,0.00,0.00,0.00,0.00,0.00,0.00,0.00,0.00,0.00,0.00,0.00,0.00,0.00,0.00,0.00,0.00,0.00,0.00,0.00,0.00,0.00,0.00,0.00,0.00,0.00,0.00,0.00,0.00,0.00,0.00,0.00,0.00,0.00,0.00,0.00,0.00,0.00,0.00,0.00,0.00,0.00,0.00,0.00,0.00,0.00,0.00,0.00,0.00,0.00
sellingGeneralAdministrative,639934.00,737910.00,474113.00,832253.00,398712.00,1347619.00,1335556.00,1335556.00,1190900.00,462165.00,1214271.00,1106689.00,140491.00,931990.00,433339.00,390596.00,1256827.00,805582.00,877423.00,1192671.00,737303.00,1349182.00,1051998.00,1617167.00,1409227.00,768833.00,1567079.00,907222.00,934248.00,1713959.00,576530.00,873386.00,960213.00,479429.00,971183.00,739824.00,610156.00,359813.00,77319.00,77319.00,480331.00,660573.00,613909.00,741439.00,1528218.00,1191146.00,750978.00,750978.00,890936.00,4881225.00,503658.00,934636.00,999392.00,485067.00,1366562.00,74370.00,435443.00,443724.00,553956.00,1844009.00,316305.00,335999.00,381117.00,612570.00,883173.00,346306.00,831070.00,352816.00,2754603.00,271559.00,305417.00,211986.00,238690.00,374526.00,163585.00,1321987.00,148416.00,214546.00,188942.00,372935.00,150926.00,109564.00,110766.00,154480.00,35196.00,251866.00,227603.00,252512.56,55391.20,116074.34,60574.48,417111.59,0.00,0.00,0.00,0.00
sellingAndMarketingExpenses,14721.00,17356.00,12456.00,31937.00,21890.00,36555.00,14142.00,14142.00,71216.00,102331.00,13306.00,23747.00,22342.00,7594.00,28330.00,65836.00,53719.00,49439.00,93100.00,57167.00,64070.00,77989.00,68606.00,31316.00,86727.00,83397.00,85480.00,28940.00,80695.00,29755.00,120450.00,15074.00,94121.00,64804.00,90129.00,46652.00,70524.00,81187.00,150565.00,150565.00,,38553.00,,,,,,,,,,,,,,,,,,,,,,,,,,,,,,,,,,,,,,,,,,,,,,,,,,,,,,
grossProfit,-28215.00,-28216.00,-28212.00,-28957.00,-28939.00,-28941.00,-34631.00,-34631.00,-34584.00,-34477.00,-34425.00,-35330.00,-35301.00,-35255.00,-35110.00,-36450.00,-36449.00,-36389.00,-36343.00,-7304.00,-7188.00,-6918.00,-6867.00,-7473.00,-7281.00,-7183.00,-6337.00,0.00,-7222.00,-6848.00,-6436.00,-11139.00,-23571.00,-48388.00,-48388.00,-61773.00,-61774.00,-61076.00,17058.00,17058.00,0.00,-75463.00,0.00,-102201.00,67601.00,22300.00,34519.00,34519.00,27929.00,12300.00,12300.00,34695.00,18412.00,76745.00,65434.00,84900.00,251813.00,501673.00,367766.00,367766.00,113321.00,297264.00,260683.00,136224.00,161495.00,254247.00,200332.00,271052.00,322518.00,120434.00,0.00,182154.00,765152.00,69682.00,142249.00,26418.00,40516.00,113281.00,62682.00,22209.00,3592.00,35825.00,-244112.00,-244112.00,19654.00,343878.00,3118.00,30538.00,0.00,0.00,0.00,20979.00,0.00,0.00,0.00,0.00
reconciledDepreciation,28215.00,28216.00,28212.00,28957.00,28939.00,28941.00,34378.00,34631.00,34584.00,34477.00,34425.00,35330.00,35301.00,35255.00,35110.00,36450.00,36449.00,36389.00,36343.00,7304.00,7188.00,6918.00,6867.00,7473.00,7281.00,7183.00,6337.00,6533.00,7222.00,6848.00,6436.00,11139.00,23571.00,48388.00,61773.00,61773.00,61774.00,61076.00,76918.00,76918.00,75546.00,75463.00,75463.00,90906.00,90140.00,73761.00,71188.00,97001.00,60532.00,57491.00,82899.00,82899.00,37636.00,36078.00,32967.00,43288.00,42816.00,42039.00,41830.00,35781.00,54518.00,53481.00,51977.00,54394.00,54589.00,57018.00,52788.00,67392.00,56754.00,54402.00,52865.00,61738.00,34300.00,35186.00,18253.00,15801.00,15688.00,16706.00,12131.00,10238.00,11613.00,9110.00,7891.00,18722.00,9140.00,7826.00,7478.00,6417.00,6350.00,6256.00,7859.00,6563.00,6563.00,6563.00,6563.00,
ebit,-628796.00,-697098.00,-602625.00,-752294.00,-411100.00,-1410064.00,-746728.00,-746728.00,-1287679.00,-191006.00,-1400274.00,-1178255.00,-211075.00,-984381.00,-685051.00,-429729.00,-1255842.00,-728826.00,-930577.00,-1312272.00,-796806.00,-1497889.00,-1260012.00,-1641133.00,-1408110.00,-768314.00,-1673650.00,-1251431.00,-939080.00,-1629344.00,-493739.00,-1127047.00,-4043103.00,-718002.00,-497390.00,8291539.00,-647876.00,-534923.00,1305146.00,1305146.00,-348968.00,-883311.00,-611172.00,3323090.00,-1300624.00,-695626.00,-12019681.00,-12019681.00,-5224409.00,-5055553.00,-617033.00,-753639.00,-1009301.00,206788.00,-2864143.00,-305415.00,361970.00,685920.00,923330.00,923330.00,168827.00,-552170.00,-210220.00,-1066291.00,-1359976.00,-891721.00,-622362.00,-127748.00,-2645140.00,-33790.00,-392668.00,104416.00,435904.00,-579460.00,-196800.00,-690781.00,97332.00,-225391.00,-310181.00,-461249.00,-273263.00,-73795.00,-452067.00,-452067.00,2036668.00,37639.00,-265087.00,-81918.00,92722.00,-98285.00,-72260.00,1711698.00,-54408.00,714323.00,-86880.00,0.00
ebitda,-600581.00,-668882.00,-574413.00,-723337.00,-382161.00,-1381123.00,-712097.00,-712097.00,-1253095.00,-156529.00,-1365849.00,-1142925.00,-175774.00,-949126.00,-649941.00,-393279.00,-1219393.00,-692437.00,-894234.00,-1304968.00,-789618.00,-1490971.00,-1253145.00,-1633660.00,-1400829.00,-761131.00,-1667313.00,-1244898.00,-931858.00,-1622496.00,-487303.00,-1115908.00,-4019532.00,-669614.00,-449002.00,8353312.00,-586102.00,-473847.00,1382064.00,1382064.00,-273422.00,-807848.00,-535709.00,3413996.00,-1210484.00,-621865.00,-11922680.00,-11922680.00,-5163877.00,-4998062.00,-560996.00,-670740.00,-971665.00,242866.00,-2831176.00,-262127.00,404786.00,727959.00,959111.00,959111.00,223345.00,-498689.00,-158243.00,-1011897.00,-1305387.00,-834703.00,-569574.00,-60356.00,-2588386.00,20612.00,-339803.00,166154.00,470204.00,-544274.00,-178547.00,-674980.00,113020.00,-208685.00,-298050.00,-451011.00,-261650.00,-64685.00,-433345.00,-433345.00,2045808.00,45465.00,-257609.00,-75501.00,99072.00,-92029.00,-64401.00,1718261.00,-47845.00,720886.00,-80317.00,
depreciationAndAmortization,28215.00,28216.00,28212.00,28957.00,28939.00,28941.00,34631.00,34631.00,34584.00,34477.00,34425.00,35330.00,35301.00,35255.00,35110.00,36450.00,36449.00,36389.00,36343.00,7304.00,7188.00,6918.00,6867.00,7473.00,7281.00,7183.00,6337.00,6533.00,7222.00,6848.00,6436.00,11139.00,23571.00,48388.00,48388.00,61773.00,61774.00,61076.00,76918.00,76918.00,75546.00,75463.00,75463.00,90906.00,90140.00,73761.00,97001.00,97001.00,60532.00,57491.00,56037.00,82899.00,37636.00,36078.00,32967.00,43288.00,42816.00,42039.00,35781.00,35781.00,54518.00,53481.00,51977.00,54394.00,54589.00,57018.00,52788.00,67392.00,56754.00,54402.00,52865.00,61738.00,34300.00,35186.00,18253.00,15801.00,15688.00,16706.00,12131.00,10238.00,11613.00,9110.00,18722.00,18722.00,9140.00,7826.00,7478.00,6417.00,6350.00,6256.00,7859.00,6563.00,6563.00,6563.00,6563.00,
nonOperatingIncomeNetOther,,,,,,,,,,,,,,,,,,0.00,0.00,0.00,0.00,0.00,,,,,,,,,,,,,,,,,,,,,,,,,,,,,,,,,,,,,,,,,,,,,,,,,,,,,,,,,,,,,,,,,,,,,,,,,,
operatingIncome,-628796.00,-697098.00,-602625.00,-752294.00,-411100.00,-1410064.00,609497.00,609497.00,-1151480.00,-384924.00,-1333646.00,-967468.00,-120468.00,-812372.00,-845866.00,-895539.00,-1091625.00,-587882.00,-938806.00,-823501.00,-631041.00,-1174705.00,-882420.00,-1450011.00,-1524224.00,-820337.00,-1559896.00,-705152.00,-922616.00,-1659681.00,-609956.00,-774134.00,-1154909.00,-689040.00,-1402351.00,-3433367.00,-909396.00,-502674.00,-1519099.00,-1519099.00,-870778.00,-939575.00,-780930.00,-1278764.00,-1932432.00,-1858436.00,9881542.00,9881542.00,3055054.00,-5079401.00,-843634.00,-1430640.00,-1268202.00,-1333463.00,-1359956.00,-797063.00,-729230.00,-570022.00,-886320.00,-886320.00,-1020945.00,-777474.00,-594323.00,-855918.00,-1341078.00,-504694.00,-796253.00,-1467669.00,-2731351.00,-552330.00,-711676.00,-993023.00,388980.00,-534977.00,-186260.00,-1964497.00,-608005.00,-240684.00,-321287.00,-548503.00,-275038.00,-180233.00,-596175.00,-596175.00,-2130477.00,15019.00,-277805.00,-240652.00,-74624.00,-97910.00,-73265.00,-1420742.00,-57411.00,-912376.00,-87755.00,0.00
otherOperatingExpenses,736135.00,796016.00,660736.00,902821.00,460268.00,1432931.00,1370187.00,1370187.00,1309246.00,619931.00,1406654.00,1176622.00,222351.00,997536.00,638336.00,274964.00,1358672.00,891410.00,1006866.00,1257142.00,808561.00,1434089.00,1127471.00,1655956.00,1503235.00,859413.00,1658896.00,1232043.00,930862.00,1654772.00,602628.00,813611.00,1147257.00,675049.00,1246548.00,997106.00,865377.00,596785.00,705424.00,705424.00,632595.00,930885.00,783783.00,947226.00,1741458.00,1424603.00,1049488.00,1049488.00,1076041.00,5107980.00,755280.00,1101245.00,1155528.00,625435.00,1366562.00,1809203.00,435443.00,443724.00,880381.00,880381.00,505862.00,855331.00,635858.00,821459.00,1141309.00,709529.00,831071.00,586033.00,2897254.00,474445.00,444853.00,631722.00,373687.00,575348.00,317436.00,1408654.00,341748.00,352643.00,370966.00,558282.00,269646.00,172321.00,81406.00,81406.00,71044.00,501612.00,277176.00,191502.00,72884.00,97910.00,71398.00,66139.00,57411.00,85943.00,87755.00,0.00
interestExpense,148224.00,141683.00,141000.00,137297.00,135108.00,124735.00,109199.00,109199.00,103136.00,98150.00,97216.00,86917.00,98580.00,98213.00,99484.00,224036.00,7776.00,8418.00,8993.00,49299.75,40960.15,67235.00,67235.00,0.00,63460.00,0.00,0.00,0.00,8218.00,25428.00,108889.00,404600.00,2914957.00,20277.00,733311.00,1839482.00,205992.00,131234.00,2134408.00,2134408.00,44502.00,61270.00,899302.00,4136132.00,315211.00,700717.00,18090.00,0.00,0.00,151017.00,119854.00,0.00,0.00,0.00,1563015.00,0.00,0.00,0.00,1200453.00,1200453.00,588075.00,254847.00,318019.00,382547.00,380162.00,337476.00,124979.00,583925.00,2620044.00,638236.00,426568.00,2289.00,288235.00,477691.00,162898.00,1757487.00,725410.00,258688.00,324218.00,567215.00,260373.00,223008.00,561604.00,561604.00,2088058.00,9067.00,284529.00,269771.00,232044.00,88983.00,59297.00,1790291.00,47948.00,874439.00,72887.00,0.00
taxProvision,,,,1341190.00,,,,314140.00,,,,,,,,,,,,,,,,,,,,,,,,,,,,,,,,,,,,,,,,,,,,,,,,,,,,,,,,,,,,,,,,,,,,,,,,,,,,,,,,,,,,,,,,
interestIncome,107339.00,155270.00,58111.00,168790.00,49168.00,22867.00,31307.00,33373.00,21567.00,235010.00,6380.00,7903.00,101880.00,185160.00,152950.00,664710.00,166650.00,202230.00,2640.00,,,,,,,,,,,,,,,,,,,,,,,,,,,,,,,,,,,,,,,,,,,,,,,,,,,,,,,,,,,,,,,,,,,,,,,,,,,,,
netInterestIncome,-40885.00,-42765.00,-82889.00,13230.00,-85940.00,-101868.00,-87240.00,-75826.00,-81569.00,330775.00,-90836.00,-88550.00,-87304.00,-85058.00,-146199.00,-928729.00,95054.00,191562.00,230309.00,,,,,,,,,,,,,,,,,,,,,,,,,,,,,,,,,,,,,,,,,,,,,,,,,,,,,,,,,,,,,,,,,,,,,,,,,,,,,
extraordinaryItems,,,,,,,,,,,,,,,,,,0.00,0.00,0.00,0.00,0.00,0.00,0.00,0.00,0.00,0.00,0.00,0.00,0.00,0.00,0.00,0.00,0.00,0.00,0.00,0.00,0.00,0.00,0.00,0.00,0.00,0.00,0.00,0.00,0.00,0.00,0.00,0.00,0.00,0.00,0.00,0.00,0.00,0.00,0.00,0.00,0.00,0.00,0.00,0.00,0.00,0.00,0.00,0.00,0.00,0.00,0.00,0.00,0.00,0.00,0.00,0.00,0.00,0.00,0.00,0.00,0.00,0.00,0.00,0.00,0.00,0.00,0.00,0.00,0.00,0.00,0.00,0.00,0.00,0.00,0.00,0.00,0.00,0.00,0.00
nonRecurring,,,,,,,,,,,,,,,,,,0.00,0.00,0.00,0.00,0.00,0.00,0.00,0.00,0.00,0.00,814.11,0.00,0.00,0.00,225087.06,0.00,0.00,0.00,439899.32,0.00,0.00,0.00,0.00,0.00,0.00,0.00,0.00,0.00,0.00,0.00,0.00,0.00,0.00,0.00,0.00,0.00,0.00,0.00,0.00,0.00,0.00,0.00,0.00,0.00,0.00,0.00,0.00,0.00,0.00,0.00,0.00,0.00,0.00,0.00,0.00,0.00,0.00,0.00,0.00,0.00,0.00,0.00,0.00,0.00,0.00,0.00,0.00,0.00,0.00,0.00,0.00,0.00,0.00,0.00,0.00,0.00,0.00,0.00,0.00
otherItems,,,,,,,,,,,,,,,,,,0.00,0.00,0.00,0.00,0.00,0.00,0.00,0.00,0.00,0.00,0.00,0.00,0.00,0.00,0.00,0.00,0.00,0.00,0.00,0.00,0.00,0.00,0.00,0.00,0.00,0.00,0.00,0.00,0.00,0.00,0.00,0.00,0.00,0.00,0.00,0.00,0.00,0.00,0.00,0.00,0.00,0.00,0.00,0.00,0.00,0.00,0.00,0.00,0.00,0.00,0.00,0.00,0.00,0.00,0.00,0.00,0.00,0.00,0.00,0.00,0.00,0.00,0.00,0.00,0.00,0.00,0.00,0.00,0.00,0.00,0.00,0.00,0.00,0.00,0.00,0.00,0.00,0.00,0.00
incomeTaxExpense,148224.00,141683.00,-193360.00,8764219.00,135108.00,124735.00,314141.00,314141.00,103136.00,98150.00,97216.00,86917.00,98580.00,98213.00,99484.00,224036.00,7776.00,8418.00,8993.00,-428422.00,-216268.00,-269376.00,-276002.00,-226382.00,-63460.00,-46335.00,-132271.00,-532930.00,-8218.00,25428.00,108889.00,-404600.00,-2914957.00,-20277.00,733311.00,1839482.00,205992.00,131234.00,2134408.00,2134408.00,44502.00,61270.00,899302.00,4136132.00,315211.00,700717.00,-73802.00,-73802.00,-71957.00,-151017.00,-20000.00,-305766.00,127815.00,755478.00,-65000.00,80062.00,-265038.00,21219.00,-348876.00,-348876.00,36479.00,74246.00,318019.00,-382547.00,-380162.00,-337476.00,-642600.00,583925.00,2620044.00,638236.00,426568.00,742860.00,-288235.00,477691.00,162898.00,1757487.00,725410.00,258688.00,324218.00,567215.00,260373.00,223008.00,561604.00,561604.00,41377.00,9067.00,284529.00,269771.00,232044.00,88983.00,59297.00,1790291.00,47948.00,874439.00,72887.00,0.00
totalRevenue,0.00,0.00,0.00,0.00,0.00,0.00,0.00,0.00,0.00,0.00,0.00,0.00,0.00,0.00,0.00,0.00,0.00,0.00,0.00,0.00,0.00,0.00,0.00,0.00,0.00,0.00,0.00,0.00,0.00,0.00,0.00,81641.50,51070.22,39221.96,0.00,54212.20,13394.05,47793.08,17058.00,17058.00,12609.12,12384.49,11801.73,-102201.00,67601.00,22300.00,34519.00,34519.00,27929.00,12300.00,12300.00,34695.00,18412.00,76745.00,65434.00,1303418.00,251813.00,501673.00,367766.00,367766.00,113321.00,297264.00,260683.00,136224.00,161495.00,254247.00,200332.00,271052.00,322518.00,120434.00,0.00,182154.00,765152.00,69682.00,142249.00,26418.00,40516.00,113281.00,62682.00,59106.00,3592.00,35825.00,-416132.00,-416132.00,19654.00,515898.00,3118.00,30538.00,144143.01,130420.61,473523.09,20979.00,199671.59,204534.75,80470.65,0.00
totalOperatingExpenses,707920.00,767800.00,632524.00,873864.00,431329.00,1403990.00,1335556.00,1335556.00,1274662.00,585454.00,1372229.00,1141292.00,187050.00,962281.00,603226.00,-311414.00,1322223.00,855021.00,970523.00,1249838.00,801373.00,1427171.00,1120604.00,1648483.00,1495954.00,852230.00,1652559.00,1205004.00,930862.00,1654772.00,602628.00,813611.00,1147257.00,675049.00,1246548.00,997106.00,865377.00,596785.00,705424.00,705424.00,632595.00,930885.00,783783.00,947226.00,1741458.00,1424603.00,1049488.00,1049488.00,1076041.00,5107980.00,755280.00,1101245.00,1155528.00,625435.00,1366562.00,590685.00,435443.00,443724.00,880381.00,880381.00,505862.00,855331.00,635858.00,821459.00,1141309.00,709529.00,831071.00,586033.00,2897254.00,474445.00,444853.00,631722.00,373687.00,575348.00,317436.00,1408654.00,341748.00,352643.00,370966.00,521385.00,269646.00,172321.00,253426.00,253426.00,71044.00,329592.00,277176.00,191502.00,72884.00,97910.00,71398.00,66139.00,57411.00,85943.00,87755.00,0.00
costOfRevenue,28215.00,28216.00,28212.00,28957.00,28939.00,28941.00,34631.00,34631.00,34584.00,34477.00,34425.00,35330.00,35301.00,35255.00,35110.00,36450.00,36449.00,36389.00,36343.00,7304.00,7188.00,6918.00,6867.00,7473.00,7281.00,7183.00,6337.00,0.00,7222.00,6848.00,6436.00,11139.00,23571.00,48388.00,48388.00,61773.00,61774.00,61076.00,61016.00,128024.10,57225.99,75463.00,153422.50,331586.37,311513.79,491690.43,135244.25,76493.09,52375.96,60203.45,131931.56,529588.77,110776.41,506293.44,58105.18,1218518.00,86045.64,479876.16,110229.98,307363.58,589948.33,215453.92,213429.49,171566.17,364094.81,47330.56,142634.85,570374.82,140718.83,177228.79,89874.18,466552.32,1719.25,8975.93,9096.17,1486284.29,243245.38,750.19,32068.41,36897.00,6652.87,54198.53,-172020.00,-172020.00,1408406.33,172020.00,170827.86,-76633.17,76792.35,61949.79,185631.47,639348.64,88013.14,96212.07,81146.88,542914.45
totalOtherIncomeExpenseNet,16972.00,56356.00,52360.00,-7560331.00,284643.00,483689.00,2260452.00,2260452.00,136199.00,-193918.00,66628.00,210787.00,90607.00,172009.00,-160815.00,-465810.00,164217.00,103548.00,-171242.00,60349.00,-50503.00,53808.00,101590.00,-35260.00,-116114.00,-98358.00,-18517.00,13349.00,-3698.00,-37770.00,-125351.00,299914.00,2893009.00,-18912.00,-913950.00,-9325718.00,-275209.00,-105563.00,-2162997.00,-2162997.00,-322803.00,-106760.00,-939358.00,-4417124.00,-362948.00,-744486.00,10941653.00,10941653.00,4143977.00,77000.00,-147695.00,-402679.00,-131086.00,-784773.00,1563015.00,-291278.00,-545600.00,-627971.00,-1355257.00,-1355257.00,-588075.00,-31532.00,-193300.00,381056.00,380162.00,436439.00,-8377.00,-187233.00,70404.00,-320221.00,-52185.00,-553984.00,-44439.00,73794.00,21613.00,-691455.00,-398564.00,-13971.00,1897.00,-37927.00,7209.00,-62701.00,-45471.00,-45471.00,-2088058.00,-23353.00,-8971.00,-79046.00,-165606.00,375.00,862.00,-1756858.00,-3003.00,-800266.00,-875.00,0.00
discontinuedOperations,,,,,,,,,,,,,,,,,,0.00,0.00,0.00,0.00,0.00,0.00,0.00,0.00,0.00,0.00,0.00,0.00,0.00,0.00,0.00,0.00,0.00,0.00,0.00,0.00,0.00,0.00,0.00,0.00,0.00,0.00,0.00,0.00,0.00,0.00,0.00,0.00,0.00,0.00,0.00,0.00,0.00,0.00,0.00,0.00,0.00,0.00,0.00,0.00,0.00,0.00,0.00,0.00,0.00,0.00,0.00,0.00,0.00,0.00,0.00,0.00,0.00,0.00,0.00,0.00,0.00,0.00,0.00,0.00,0.00,0.00,0.00,0.00,0.00,0.00,0.00,0.00,0.00,0.00,0.00,0.00,0.00,0.00,0.00
netIncomeFromContinuingOps,-760048.00,-782425.00,-550265.00,-9653810.00,-126457.00,-926375.00,-1139918.00,500298.00,-1254616.00,-483074.00,-1430862.00,-1054385.00,-219048.00,-910585.00,-945350.00,-1119575.00,-1099401.00,-596300.00,-947799.00,-603828.27,-384435.71,-1174705.00,-882420.00,-3069995.22,-2941434.97,2976745.85,-1171708.86,-2994124.13,0.00,0.00,0.00,-826909.18,0.00,0.00,0.00,-12892751.91,0.00,0.00,0.00,-5983817.19,0.00,0.00,0.00,0.00,0.00,0.00,0.00,0.00,0.00,0.00,0.00,0.00,0.00,0.00,0.00,0.00,0.00,0.00,0.00,0.00,0.00,0.00,0.00,0.00,0.00,0.00,0.00,0.00,0.00,0.00,0.00,0.00,0.00,0.00,0.00,0.00,0.00,0.00,0.00,0.00,0.00,0.00,0.00,0.00,0.00,0.00,0.00,0.00,0.00,0.00,0.00,0.00,0.00,0.00,0.00,0.00
netIncomeApplicableToCommonShares,,-782430.00,-550270.00,-9653810.00,-126457.00,-926375.00,-1139918.00,500298.00,-1254616.00,-483074.00,-1430862.00,-1054385.00,-219048.00,-910585.00,-945350.00,-1119575.00,-1099400.00,-596300.00,-947800.00,-603828.27,-384435.71,-1174705.00,-882420.00,-3069995.22,-2941434.97,2976745.85,-1171708.86,-2994124.13,0.00,0.00,0.00,-2098493.61,1321817.50,0.00,0.00,-12892751.91,0.00,0.00,0.00,-5983817.19,0.00,0.00,0.00,0.00,0.00,0.00,0.00,9762675.30,2977811.64,0.00,0.00,0.00,0.00,-307157.62,322040.58,0.00,0.00,0.00,0.00,0.00,0.00,0.00,0.00,0.00,0.00,0.00,0.00,0.00,0.00,0.00,0.00,-247855.92,248431.19,0.00,0.00,0.00,0.00,0.00,0.00,0.00,0.00,0.00,0.00,0.00,0.00,0.00,0.00,-4396.98,4406.12,-212585.59,212336.35,0.00,-109688.01,112359.55,0.00,0.00
preferredStockAndOtherAdjustments,,,,,,,,,,,,,,,,,,0.00,0.00,0.00,0.00,0.00,,,,,,,,,,,,,,,,,,,,,,,,,,,,,,,,,,,,,,,,,,,,,,,,,,,,,,,,,,,,,,,,,,,,,,,,,,
