,2023-09-30,2023-06-30,2023-03-31,2022-12-31,2022-09-30,2022-06-30,2022-03-31,2021-12-31,2021-09-30,2021-06-30,2021-03-31,2020-12-31,2020-09-30,2020-06-30,2020-03-31,2019-12-31,2019-09-30,2019-06-30,2019-03-31,2018-12-31,2018-09-30,2018-06-30,2018-03-31,2017-12-31,2017-09-30,2017-06-30,2017-03-31,2016-12-31,2015-12-31
date,2023-09-30,2023-06-30,2023-03-31,2022-12-31,2022-09-30,2022-06-30,2022-03-31,2021-12-31,2021-09-30,2021-06-30,2021-03-31,2020-12-31,2020-09-30,2020-06-30,2020-03-31,2019-12-31,2019-09-30,2019-06-30,2019-03-31,2018-12-31,2018-09-30,2018-06-30,2018-03-31,2017-12-31,2017-09-30,2017-06-30,2017-03-31,2016-12-31,2015-12-31
filing_date,2023-11-02,2023-08-08,2023-05-02,2023-02-28,2022-11-03,2022-08-04,2022-05-06,2022-03-01,2021-11-09,2021-08-04,2021-05-05,2021-02-25,2020-11-05,2020-08-05,2020-05-07,2020-03-10,2019-11-12,2019-08-06,2019-05-07,2019-03-11,2018-11-08,2018-08-09,2018-05-09,2018-03-15,2017-09-30,2017-06-30,2017-03-31,2016-12-31,2015-12-31
currency_symbol,USD,USD,USD,USD,USD,USD,USD,USD,USD,,,,,,,,,,,,,,,,,,,,
totalAssets,17431000000.00,17334000000.00,17546000000.00,17873000000.00,17568000000.00,17315138000.00,17015000000.00,16894000000.00,16021922000.00,16075886000.00,16011648000.00,16117000000.00,16366067000.00,15958240000.00,16262743000.00,16084000000.00,16947089000.00,16977169000.00,17033697000.00,17209000000.00,16967584000.00,17816000000.00,17858924000.00,17015000000.00,17086997000.00,,,17176481000.00,2319515000.00
intangibleAssets,4823000000.00,5004000000.00,5020000000.00,5092000000.00,5186000000.00,5237681000.00,5286000000.00,5413000000.00,5520747000.00,5649464000.00,5809295000.00,5907000000.00,6046728000.00,6234528000.00,6475283000.00,6670000000.00,6815587000.00,7225974000.00,7349315000.00,7488000000.00,7488118000.00,7569000000.00,7715553000.00,7857000000.00,7974823000.00,,,8308749000.00,1149912000.00
earningAssets,,,,,,,,,,,,,,,,,,,,,,,,,,,,,
otherCurrentAssets,239000000.00,302000000.00,325000000.00,342000000.00,-1000000.00,215353000.00,215412000.00,179000000.00,178015000.00,198967000.00,188930000.00,210000000.00,200401000.00,176545000.00,165628000.00,151000000.00,141221000.00,127630000.00,133834000.00,130000000.00,107364000.00,96000000.00,102349000.00,73000000.00,73855000.00,,,53426000.00,30399000.00
totalLiab,14192000000.00,14016000000.00,14231000000.00,14440000000.00,14361000000.00,13935739000.00,13735000000.00,13645000000.00,13281606000.00,13221264000.00,13033738000.00,13078000000.00,13227591000.00,13164125000.00,13367917000.00,12900000000.00,13235905000.00,13087310000.00,12885666000.00,12984000000.00,12531590000.00,13154000000.00,13135288000.00,13582000000.00,14290295000.00,,,13371505000.00,1616618000.00
totalStockholderEquity,3239000000.00,3318000000.00,3315000000.00,3433000000.00,3207000000.00,3379399000.00,3280000000.00,3249000000.00,2740316000.00,2854622000.00,2977910000.00,3039000000.00,3138476000.00,2794115000.00,2894826000.00,3184000000.00,3711184000.00,3889859000.00,4148031000.00,4225000000.00,4435994000.00,4662000000.00,4723636000.00,3433000000.00,2796702000.00,,,3804976000.00,702897000.00
deferredLongTermLiab,,,,,,,,,,,,,,,,,,,,,,,,,,,,,
otherCurrentLiab,896000000.00,722000000.00,741000000.00,899000000.00,909000000.00,630609000.00,629000000.00,736000000.00,574191000.00,593607000.00,499468000.00,583000000.00,566167000.00,612921000.00,555831000.00,478000000.00,620275000.00,445913000.00,426077000.00,398000000.00,444572000.00,1110000000.00,410646000.00,351000000.00,398750000.00,,,286734000.00,
commonStock,9215000.00,9211000.00,9215000.00,9168000.00,9133000.00,9113000.00,9060000.00,9015000.00,8311000.00,8310000.00,8296000.00,8257000.00,8254000.00,7704000.00,7701000.00,7536000.00,7500000.00,7464000.00,7670000.00,7669000.00,7668000.00,1052000.00,1052000.00,2000.00,2000.00,,,2000.00,
capitalStock,,9211000.00,9215000.00,9168000.00,9133000.00,9113000.00,9060000.00,9015000.00,,,,,,,,,,,,,,,,,,,,,
retainedEarnings,-4160955000.00,-4041963000.00,-4032463000.00,-3909624000.00,-4028519000.00,-3874045000.00,-3933140000.00,-3952590000.00,-3862964000.00,-3724139000.00,-3568615000.00,-3491069000.00,-3349356000.00,-3206845000.00,-3072852000.00,-2742193000.00,-2112318000.00,-1904242000.00,-1773662000.00,-1680432000.00,-1504054000.00,-1241639000.00,-1148059000.00,-998212000.00,-1636400000.00,,,-590840000.00,-54253000.00
otherLiab,,,,,,,,,,,,,,,,,,,,,,,,,,,,,
goodWill,4904000000.00,5344000000.00,5627000000.00,5819000000.00,5822000000.00,5967424000.00,5941000000.00,5943000000.00,5244942000.00,5244685000.00,5242973000.00,5236000000.00,5217275000.00,5219361000.00,5217400000.00,4960000000.00,4956917000.00,5145477000.00,5132911000.00,5082000000.00,5088325000.00,5076000000.00,5078370000.00,5071000000.00,5041262000.00,,,5013376000.00,927896000.00
otherAssets,1000000.00,1843712000.00,-1000000.00,-1000000.00,1626932000.00,1433999000.00,1000000.00,1151427000.00,1063114000.00,,,,,,,,,,,,,-1000000.00,,,,,,,
cash,239000000.00,146000000.00,186000000.00,257000000.00,46000000.00,43609000.00,17000000.00,24000000.00,61207000.00,150439000.00,122554000.00,205000000.00,489433000.00,45473000.00,118141000.00,49000000.00,155774000.00,43052000.00,95680000.00,363000000.00,256917000.00,344000000.00,258195000.00,123000000.00,170657000.00,,,75891000.00,15759000.00
cashAndEquivalents,238582000.00,146435000.00,186316000.00,257000000.00,45734000.00,43609000.00,17404000.00,24453000.00,61207000.00,,,,,,,,,,,,,,,,,,,,
totalCurrentLiabilities,2279000000.00,2319000000.00,1999000000.00,2661000000.00,2686000000.00,2364850000.00,1579000000.00,1703000000.00,1408836000.00,1421272000.00,1314956000.00,1296000000.00,1249448000.00,1236862000.00,1248057000.00,1120000000.00,1474017000.00,1390978000.00,1382169000.00,1012000000.00,1009800000.00,1671000000.00,979210000.00,896000000.00,958463000.00,,,852539000.00,107084000.00
currentDeferredRevenue,272000000.00,386000000.00,395000000.00,403000000.00,429000000.00,388125000.00,374000000.00,374000000.00,339182000.00,347483000.00,355773000.00,346000000.00,341146000.00,347764000.00,349298000.00,342000000.00,343875000.00,340100000.00,340201000.00,335000000.00,310766000.00,316000000.00,319192000.00,309000000.00,315483000.00,,,313278000.00,69143000.00
netDebt,9428000000.00,9525000000.00,9655000000.00,9572000000.00,9757000000.00,9838977000.00,9844000000.00,9669000000.00,9681051000.00,9545776000.00,9434540000.00,9288000000.00,9255032000.00,9702878000.00,9839722000.00,9643000000.00,9695221000.00,9767891000.00,9618396000.00,9639000000.00,9310914000.00,9226000000.00,9318276000.00,10046000000.00,10003808000.00,,,9434079000.00,1331199000.00
shortTermDebt,835000000.00,836000000.00,465000000.00,872000000.00,858000000.00,883851000.00,126000000.00,118000000.00,134443000.00,123137000.00,111274000.00,45000000.00,69035000.00,63029000.00,58805000.00,58000000.00,212877000.00,329884000.00,366475000.00,58000000.00,48327000.00,48000000.00,48519000.00,48000000.00,44456000.00,,,40288000.00,16813000.00
shortLongTermDebt,835000000.00,836000000.00,465000000.00,872000000.00,857746000.00,844195000.00,126363000.00,117592000.00,,,,,,,,,,,,,,,,,,,,,
shortLongTermDebtTotal,9667000000.00,9671000000.00,9841000000.00,9829000000.00,9803000000.00,9882586000.00,9861000000.00,9693000000.00,9742258000.00,9696215000.00,9557094000.00,9493000000.00,9744465000.00,9748351000.00,9957863000.00,9692000000.00,9850995000.00,9810943000.00,9714076000.00,10002000000.00,9567831000.00,9570000000.00,9576471000.00,10169000000.00,10174465000.00,,,9509970000.00,1346958000.00
otherStockholderEquity,7407164000.00,7390257000.00,7381341000.00,7380656000.00,7273647000.00,7295665000.00,7261970000.00,6965069000.00,6677875000.00,6665145000.00,6644332000.00,6640763000.00,6613866000.00,6139135000.00,6114409000.00,5977402000.00,5930174000.00,5888576000.00,5993668000.00,5969347000.00,5947280000.00,5935377000.00,5890377000.00,4435329000.00,4432599000.00,,,4424321000.00,757150000.00
propertyPlantEquipment,3353749000.00,340898000.00,356067000.00,3437000000.00,3551861000.00,3471778000.00,3405106000.00,3357581000.00,3274805000.00,,,,,,,,,,,,,,,,,,,,
totalCurrentAssets,1635000000.00,1555000000.00,1625000000.00,1722000000.00,1364000000.00,1183693000.00,1067000000.00,993000000.00,871663000.00,948647000.00,867821000.00,967000000.00,1179911000.00,651110000.00,718956000.00,625000000.00,1319167000.00,582475000.00,606545000.00,854000000.00,626723000.00,1451000000.00,621632000.00,456000000.00,492743000.00,,,388356000.00,141693000.00
longTermInvestments,,,,,,,,,,,,,,,,,,,,,,,,,,,,,
netTangibleAssets,,-7030346000.00,-7331803000.00,,,,,,,,,,,,,,,,,,,,,,,,,,
shortTermInvestments,,,,,,,,,,,,,,,,,,,,,,,,,,,,,
netReceivables,384000000.00,622000000.00,598000000.00,597000000.00,540000000.00,528113000.00,454000000.00,442000000.00,363060000.00,356736000.00,331698000.00,336000000.00,289680000.00,258901000.00,270452000.00,287000000.00,284856000.00,275545000.00,245360000.00,246000000.00,154629000.00,149000000.00,151350000.00,149000000.00,134243000.00,,,135218000.00,71501000.00
longTermDebt,8832000000.00,8956671000.00,9376000000.00,8957000000.00,8945314000.00,8998735000.00,9735304000.00,9575098000.00,9469292000.00,,,,,,,,,,,,,,,,,,,,
inventory,206000000.00,371000000.00,399000000.00,410000000.00,424000000.00,396618000.00,381000000.00,348000000.00,269381000.00,242505000.00,224639000.00,216000000.00,200397000.00,170191000.00,164735000.00,138000000.00,145889000.00,136248000.00,131671000.00,115000000.00,107813000.00,108000000.00,105855000.00,107000000.00,110107000.00,,,108889000.00,24034000.00
accountsPayable,276000000.00,375000000.00,398000000.00,487000000.00,490000000.00,462265000.00,450000000.00,475000000.00,361020000.00,357045000.00,348441000.00,322000000.00,273100000.00,213148000.00,284123000.00,242000000.00,296990000.00,275081000.00,249416000.00,221000000.00,206135000.00,197000000.00,200853000.00,188000000.00,199774000.00,,,212239000.00,21128000.00
totalPermanentEquity,,,,,,,,,,,,,,,,,,,,,,,,,,,,,
noncontrollingInterestInConsolidatedEntity,,,,,,,,,,,,,,,,,,,,,,,,,,,,,
temporaryEquityRedeemableNoncontrollingInterests,,,,,,,,,,,,,,,,,,,,,,,,,,,,,
accumulatedOtherComprehensiveIncome,-16759000.00,-39505000.00,-43093000.00,-47200000.00,-47261000.00,-51334000.00,-57890000.00,-68973000.00,-82906000.00,-94694000.00,-106103000.00,-118615000.00,-134288000.00,-145879000.00,-154432000.00,-58376000.00,-114172000.00,-101939000.00,-79645000.00,-71779000.00,-14900000.00,-32948000.00,-19734000.00,-4007000.00,501000.00,,,-28507000.00,
additionalPaidInCapital,,,,,,,,,,,,,,,,,,,,,,,,,,,,,
commonStockTotalEquity,,9211000.00,9215000.00,,,,,,,,,,,,,,,,,,,,,,,,,,
preferredStockTotalEquity,,,,,,,,,,,,,,,,,,,,,,,,,,,,,
retainedEarningsTotalEquity,,-4041963000.00,-4032463000.00,,,,,,,,,,,,,,,,,,,,,,,,,,
treasuryStock,,,,,,,,,,,,,,,,,,,,,,,,,,,,,
accumulatedAmortization,,,,,,,,,,,,,,,,,,,,,,,,,,,,,
nonCurrrentAssetsOther,2801000000.00,1987000000.00,1840000000.00,1804000000.00,1779000000.00,1576270000.00,1439000000.00,1313000000.00,1109765000.00,1021641000.00,1069436000.00,1018000000.00,948234000.00,885671000.00,824404000.00,761000000.00,742693000.00,736820000.00,695022000.00,550000000.00,549188000.00,508000000.00,1224901000.00,406000000.00,343717000.00,,,286273000.00,65192000.00
deferredLongTermAssetCharges,,,,,,,,,,,,,,,,,,,,,,,,,,,,,
nonCurrentAssetsTotal,15795000000.00,15779000000.00,15922000000.00,16152000000.00,16204000000.00,16131445000.00,15947000000.00,15901000000.00,15150259000.00,15127239000.00,15143827000.00,15150000000.00,15186156000.00,15307130000.00,15543787000.00,15459000000.00,15627922000.00,16394694000.00,16427152000.00,16355000000.00,16340861000.00,16366000000.00,17237292000.00,16559000000.00,16594254000.00,,,16788125000.00,2177822000.00
capitalLeaseObligations,,25779000.00,26964000.00,28696000.00,31022000.00,39656000.00,38469000.00,37359000.00,,,,,,,,,,,,,,,,,,,,,
longTermDebtTotal,8832409000.00,8834725000.00,9375568000.00,8957000000.00,8945314000.00,8998735000.00,9735304000.00,9575098000.00,9508341000.00,,,,,,,,,,,,,,,,,,,,
nonCurrentLiabilitiesOther,216000000.00,2099186000.00,2001257000.00,272000000.00,247630000.00,213911000.00,224050000.00,300693000.00,,,,,,,,,,,,,,,,,,,,,
nonCurrentLiabilitiesTotal,11913000000.00,11697000000.00,12232000000.00,11779000000.00,11675000000.00,11570889000.00,12156000000.00,11942000000.00,11872770000.00,11799992000.00,11718782000.00,11782000000.00,11978143000.00,11927263000.00,12119860000.00,11780000000.00,11761888000.00,11696332000.00,11503497000.00,11972000000.00,11521790000.00,11483000000.00,12156078000.00,12686000000.00,13331832000.00,,,12518966000.00,1444659000.00
negativeGoodwill,,,,,,,,,,,,,,,,,,,,,,,,,,,,,
warrants,,,,,,,,,,,,,,,,,,,,,,,,,,,,,
preferredStockRedeemable,,,,,,,,,,,,,,,,,,,,,,,,,,,,,
capitalSurpluse,7407164000.00,7390269000.00,7380867000.00,7380759000.00,7273501000.00,7295665000.00,7262237000.00,7261267000.00,6677875000.00,,,,,,,,,,,,,,,,,,,,
liabilitiesAndStockholdersEquity,17431000000.00,17334000000.00,17546000000.00,17873000000.00,17568000000.00,17315138000.00,17015000000.00,16894000000.00,16021922000.00,16075886000.00,16011648000.00,16117000000.00,16366067000.00,15958240000.00,16262743000.00,16084000000.00,16947089000.00,16977169000.00,17033697000.00,17209000000.00,16967584000.00,17816000000.00,17858924000.00,17015000000.00,17086997000.00,,,17176481000.00,2319515000.00
cashAndShortTermInvestments,239000000.00,146000000.00,186000000.00,257000000.00,46000000.00,43609000.00,17000000.00,24000000.00,61207000.00,150439000.00,122554000.00,205000000.00,489433000.00,45473000.00,118141000.00,49000000.00,155774000.00,43052000.00,95680000.00,363000000.00,256917000.00,344000000.00,258195000.00,123000000.00,170657000.00,,,75891000.00,15759000.00
propertyPlantAndEquipmentGross,,,,,,,,,,,,,,,,,,,,,,,,,,,,,
propertyPlantAndEquipmentNet,3267000000.00,3444000000.00,3435000000.00,3437000000.00,3417000000.00,3350070000.00,3281000000.00,3232000000.00,3274805000.00,3211449000.00,3022123000.00,2989000000.00,2973919000.00,2967570000.00,3026700000.00,3068000000.00,3112725000.00,3286423000.00,3249904000.00,3235000000.00,3215230000.00,3213000000.00,3218468000.00,3225000000.00,3234452000.00,,,3179727000.00,34822000.00
accumulatedDepreciation,,,,,,,,,,,,,,,,,,,,,,,,,,,,,
netWorkingCapital,-644000000.00,-764000000.00,-374000000.00,-939000000.00,-1321412000.00,-1181157000.00,-511587000.00,-710814000.00,,,,,,,,,,,,,,,,,,,,,
netInvestedCapital,9667000000.00,9671000000.00,9841000000.00,9829000000.00,13009914000.00,13222329000.00,13141934000.00,12941409000.00,,,,,,,,,,,,,,,,,,,,,
commonStockSharesOutstanding,912000000.00,971604000.00,909000000.00,977000000.00,905000000.00,965554000.00,966000000.00,842000000.00,821559000.00,820667000.00,817449000.00,816000000.00,777553000.00,760597000.00,759092000.00,743000000.00,739852000.00,749575000.00,756252000.00,757000000.00,755277000.00,750009000.00,728579000.00,748949378.00,694632000.00,694632000.00,694632000.00,694632000.00,
investments,-333000000.00,-319000000.00,-336000000.00,-324000000.00,-401350000.00,-402317000.00,-405123000.00,-525096000.00,,,,,,,,,,,,,,,,,,,,,
changeToLiabilities,,8662000.00,,,,,,,,,,,,,,,,,,,,,,,,,,,
totalCashflowsFromInvestingActivities,-988081000.00,-318660000.00,-336040000.00,-1533000000.00,-1208790000.00,-807440000.00,-405123000.00,-1695745000.00,-1170649000.00,,,,,,,,,,,,,,,,,,,,
netBorrowings,,-215857000.00,-7444000.00,,,,,,,,,,,,,,,,,,,,,,,,,,
totalCashFromFinancingActivities,-18000000.00,-217000000.00,-41000000.00,71000000.00,-93000000.00,-84772000.00,92000000.00,-4367000.00,-64341000.00,-19055000.00,-40685000.00,-319417000.00,345183000.00,-253638000.00,157611000.00,-704284000.00,5719000.00,-135271000.00,-380164000.00,380484000.00,-892893000.00,-42510000.00,747920000.00,-13483000.00,-22359000.00,-203825000.00,96598000.00,-495000.00,
changeToOperatingActivities,,,,,,,,,,,,,,,,,,,,,,,,,,,,,
changeInCash,95000000.00,-43000000.00,-70000000.00,314000000.00,4000000.00,27475000.00,-5000000.00,-35093000.00,-88135000.00,29221000.00,-80463000.00,-283139000.00,444744000.00,-71999000.00,69405000.00,-111595000.00,116543000.00,-52806000.00,-270304000.00,106360000.00,-837369000.00,86093000.00,885296000.00,-47758000.00,92735000.00,-213349000.00,200378000.00,-87136000.00,
beginPeriodCashFlow,261000000.00,304000000.00,374000000.00,60000000.00,56000000.00,28071000.00,33000000.00,68370000.00,156505000.00,127284000.00,207747000.00,490886000.00,46142000.00,118141000.00,48736000.00,160595000.00,44052000.00,96858000.00,367162000.00,260802000.00,1098171000.00,1012078000.00,126782000.00,170657000.00,77922000.00,291271000.00,90893000.00,163027000.00,
endPeriodCashFlow,356000000.00,261000000.00,304000000.00,374000000.00,60000000.00,55546000.00,28000000.00,33277000.00,68370000.00,156505000.00,127284000.00,207747000.00,490886000.00,46142000.00,118141000.00,49000000.00,160595000.00,44052000.00,96858000.00,367162000.00,260802000.00,1098171000.00,1012078000.00,122899000.00,170657000.00,77922000.00,291271000.00,75891000.00,
totalCashFromOperatingActivities,446000000.00,493000000.00,307000000.00,567000000.00,498000000.00,514564000.00,308000000.00,494370000.00,369693000.00,426326000.00,359334000.00,373480000.00,364262000.00,378778000.00,250229000.00,413751000.00,480077000.00,469910000.00,509262000.00,381643000.00,443202000.00,458188000.00,504574000.00,329590000.00,518928000.00,331406000.00,412006000.00,235710000.00,
issuanceOfCapitalStock,,,,1180000000.00,,,,0.00,,,,,,,,,,,,,,,,,,,,,
depreciation,330000000.00,346000000.00,383000000.00,412000000.00,406000000.00,399416000.00,476000000.00,490689000.00,480010000.00,474271000.00,469809000.00,473528000.00,473346000.00,477869000.00,489024000.00,486426000.00,505832000.00,500864000.00,495878000.00,484161000.00,474772000.00,488320000.00,483676000.00,476054000.00,467929000.00,458387000.00,460929000.00,427578000.00,
otherCashflowsFromInvestingActivities,8848000.00,-288528000.00,-276825000.00,1000000.00,-31000.00,338000.00,405000.00,-157705000.00,-12887000.00,,,,,,,,,,,,,,,,,,,,
dividendsPaid,-32000000.00,-32000000.00,-32000000.00,-32000000.00,32000000.00,31692000.00,32000000.00,29184000.00,29115000.00,29069000.00,28980000.00,29030000.00,26975000.00,27032000.00,26291000.00,531145000.00,3448000.00,3926000.00,26481000.00,26480000.00,26694000.00,26265000.00,,,,199999000.00,550000000.00,,
changeToInventory,,75420000.00,,-67391000.00,,,,-84020000.00,,,,-60797000.00,,,,-14711000.00,,,,-2602000.00,,,,4944000.00,,,,,
changeToAccountReceivables,,,,-178258000.00,,,,-50214000.00,,,,-84050000.00,,,,55452000.00,,,13406000.00,61026000.00,,,13385000.00,56687000.00,,,,,
salePurchaseOfStock,,19958000.00,16322000.00,-1200000000.00,,,,0.00,0.00,,,38769000.00,,-4000.00,,-132000.00,,-128014000.00,-21854000.00,1828894000.00,,,,,,,,,
otherCashflowsFromFinancingActivities,92000000.00,139000000.00,653000000.00,251000000.00,173000000.00,182019000.00,298000000.00,303451000.00,1018917000.00,33471000.00,13599000.00,-15978000.00,1448679000.00,-10468000.00,1621946000.00,-3067000.00,1409608000.00,-41772000.00,-140000.00,-2607000.00,-853794000.00,-275000.00,-141000.00,-1174000.00,-9975000.00,409925000.00,933153000.00,650873000.00,
changeToNetincome,,104660000.00,220850000.00,,,,,,,,,,,,,,,,,,,,,,,,,,
capitalExpenditures,202000000,191000000,218000000,203000000,242000000,245734000,220000000,217464000,222217000,237391000,185850000,190717000,171353000,114075000,99401000,150274000,172292000,195839000,182595000,180646000,176511000,174729000,171203000,165475000,179514000,182361000,185997000,175099000,
changeReceivables,,-178258000.00,,,,,,,,,,,,,,,,,,,,,,,,,,,
cashFlowsOtherOperating,,-49914000.00,-207567000.00,,,,,,,,,,,,,,,,,,,,,,,,,,
exchangeRateChanges,,,,,,,,,,,,,,,,,,,,,,,,,,,,,
cashAndCashEquivalentsChanges,,-42752000.00,-70028000.00,,,,,,,,,,,,,,,,,,,,,,,,,,
changeInWorkingCapital,-87000000.00,-63000000.00,-208000000.00,40000000.00,-27000000.00,11624000.00,-175000000.00,81294000.00,-19343000.00,64877000.00,-12855000.00,-12893000.00,-71648000.00,-67478000.00,-102398000.00,-36900000.00,16666000.00,-38179000.00,21413000.00,-88203000.00,-24931000.00,-16791000.00,63223000.00,-78598000.00,89606000.00,-55085000.00,86332000.00,-119109000.00,
stockBasedCompensation,16000000.00,12000000.00,16000000.00,17000000.00,17000000.00,16932000.00,16000000.00,15389000.00,16242000.00,13587000.00,16019000.00,21255000.00,26431000.00,24828000.00,23499000.00,20874000.00,18876000.00,22540000.00,23710000.00,22107000.00,17803000.00,45814000.00,49288000.00,2778000.00,3609000.00,2464000.00,2425000.00,1862000.00,
otherNonCashItems,135000000.00,167000000.00,256000000.00,-36000000.00,226000000.00,-39004000.00,-77000000.00,2439000.00,41303000.00,40222000.00,-43930000.00,30059000.00,80816000.00,83215000.00,222904000.00,46855000.00,158787000.00,113020000.00,58338000.00,121502000.00,220207000.00,11590000.00,71562000.00,21718000.00,26905000.00,22103000.00,38430000.00,52156000.00,
freeCashFlow,244000000.00,302000000.00,89000000.00,364000000.00,256000000.00,268830000.00,88000000.00,276906000.00,147476000.00,188935000.00,173484000.00,182763000.00,192909000.00,264703000.00,150828000.00,263477000.00,307785000.00,274071000.00,326667000.00,200997000.00,266691000.00,283459000.00,333371000.00,164115000.00,339414000.00,149045000.00,226009000.00,60611000.00,
researchDevelopment,,,,,,,,,,,,,,,,,,,,,,,,,,,,,
effectOfAccountingCharges,,,,,,,,,,,,,,,,,,,,,,,,,,,,,
incomeBeforeTax,21000000.00,39000000.00,-130000000.00,155000000.00,-119000000.00,130389000.00,71000000.00,-96000000.00,-145625000.00,-166871000.00,-62457000.00,-125000000.00,-140797000.00,-134572000.00,-378257000.00,-88000000.00,-217997000.00,-126905000.00,-88831000.00,-153000000.00,-243245000.00,-71000000.00,-165005000.00,-87000000.00,-69158000.00,-92885000.00,-172440000.00,-121401000.00,
minorityInterest,,,,,,,,,,,,,,,,,,,,,,,,,,,,,
sellingGeneralAdministrative,396000000.00,441771000.00,462229000.00,480000000.00,480427000.00,487069000.00,482348000.00,445137000.00,448634000.00,,,444715000.00,410933000.00,414031000.00,453227000.00,358714000.00,378645000.00,344664000.00,324509000.00,324323000.00,295119000.00,322538000.00,304970000.00,286152000.00,284137000.00,285656000.00,353255000.00,,
sellingAndMarketingExpenses,,,,,,,,,,,,285000.00,,,,286000.00,,,,323000.00,,462000.00,,152000.00,,,,,
grossProfit,1000000000.00,1110000000.00,1099000000.00,1118000000.00,1110000000.00,1093217000.00,1034000000.00,966000000.00,945017000.00,922832000.00,923538000.00,941000000.00,941029000.00,955040000.00,961766000.00,928000000.00,944014000.00,945655000.00,917102000.00,902000000.00,885030000.00,885000000.00,868054000.00,867000000.00,858822000.00,852530000.00,840523000.00,823079000.00,
reconciledDepreciation,330000000.00,346000000.00,383000000.00,412000000.00,406332000.00,399416000.00,476123000.00,490689000.00,480010000.00,474271000.00,469809000.00,473528000.00,473346000.00,477869000.00,489024000.00,486508000.00,505832000.00,500864000.00,495878000.00,484161000.00,474772000.00,488320000.00,483676000.00,476054000.00,467929000.00,458387000.00,460929000.00,427578000.00,
ebit,275000000.00,322000000.00,253000000.00,321000000.00,67000000.00,210577000.00,76000000.00,33000000.00,17884000.00,4458000.00,5930000.00,24000000.00,58742000.00,65411000.00,21824000.00,86000000.00,59737000.00,101637000.00,97914000.00,92000000.00,115691000.00,103000000.00,78948000.00,103000000.00,129716000.00,117505000.00,30326000.00,85577000.00,
ebitda,605000000.00,668000000.00,636000000.00,733000000.00,472000000.00,607611000.00,554000000.00,524000000.00,497894000.00,478729000.00,475739000.00,498000000.00,532088000.00,543280000.00,510848000.00,573000000.00,565569000.00,602501000.00,593792000.00,576000000.00,590463000.00,591000000.00,562624000.00,579000000.00,597645000.00,575892000.00,491255000.00,513155000.00,
depreciationAndAmortization,330000000.00,346000000.00,383000000.00,412000000.00,405000000.00,397034000.00,478000000.00,491000000.00,480010000.00,474271000.00,469809000.00,474000000.00,473346000.00,477869000.00,489024000.00,487000000.00,505832000.00,500864000.00,495878000.00,484000000.00,474772000.00,488000000.00,483676000.00,476000000.00,467929000.00,458387000.00,460929000.00,427578000.00,
nonOperatingIncomeNetOther,,-1219000.00,-3867000.00,,,,,,,,,,,,,,,,,,,,,,,,,,
operatingIncome,167000000.00,123000000.00,253000000.00,321000000.00,67000000.00,210577000.00,76000000.00,10000000.00,23096000.00,-1879000.00,-16380000.00,17000000.00,62886000.00,50422000.00,-89356000.00,64000000.00,-51234000.00,93137000.00,90436000.00,11000000.00,121847000.00,74000000.00,71385000.00,95000000.00,92251000.00,89627000.00,5534000.00,75014000.00,
otherOperatingExpenses,966000000.00,1272000000.00,1358000000.00,1420000000.00,1380000000.00,1394298000.00,1468000000.00,1351000000.00,1300629000.00,1301492000.00,1300577000.00,1293000000.00,1242174000.00,1268247000.00,1350237000.00,1216000000.00,1241033000.00,1183617000.00,1146345000.00,1091000000.00,1033177000.00,1057000000.00,1037040000.00,1000000000.00,976206000.00,959293000.00,1032889000.00,953210000.00,
interestExpense,147000000.00,84000000.00,172000000.00,147000000.00,30000000.00,81651000.00,6000000.00,110000000.00,133275000.00,166525000.00,47724000.00,139000000.00,156759000.00,187265000.00,225367000.00,154000000.00,152431000.00,154641000.00,158905000.00,162000000.00,152405000.00,174000000.00,174333000.00,179000000.00,184369000.00,188099000.00,181061000.00,184050000.00,
taxProvision,39000000.00,-55000000.00,-43000000.00,1000000.00,1534000.00,37924000.00,19524000.00,-38289000.00,-36496000.00,,,,,,,,,,,,,,,,,,,,
interestIncome,147187000.00,84282000.00,171626000.00,147000000.00,30084000.00,81651000.00,6307000.00,110143000.00,133275000.00,,,,,,,,,,,,,,,,,,,,
netInterestIncome,-147000000.00,-84000000.00,-172000000.00,-147000000.00,-30084000.00,-81651000.00,-6307000.00,-110143000.00,,,,,,,,,,,,,,,,,,,,,
extraordinaryItems,-65572000.00,,,,,,,,,,,,,,,,,,,,,,,,,,,,
nonRecurring,,181179000.00,192700000.00,,,,,,,,,,,,,,,,,,,,,,,,,,
otherItems,,,,,,,,,,,,,,,,,,,,,,,,,,,,,
incomeTaxExpense,39000000.00,-55000000.00,-43000000.00,1000000.00,2000000.00,37924000.00,20000000.00,-38000000.00,-36496000.00,-41021000.00,-14563000.00,-13000000.00,-27699000.00,-27831000.00,-77964000.00,-16000000.00,-36367000.00,-22848000.00,-22361000.00,-4000000.00,-7701000.00,-5000000.00,-7568000.00,-725000000.00,-7128000.00,-229000.00,-31565000.00,-36456000.00,
totalRevenue,1237000000.00,1594000000.00,1612000000.00,1646000000.00,1604000000.00,1601030000.00,1544000000.00,1381000000.00,1317002000.00,1304417000.00,1304704000.00,1315000000.00,1298924000.00,1331387000.00,1369752000.00,1298000000.00,1300570000.00,1283744000.00,1243060000.00,1185000000.00,1148316000.00,1131000000.00,1116448000.00,1105000000.00,1082962000.00,1067780000.00,1059228000.00,1051152000.00,
totalOperatingExpenses,729000000.00,788000000.00,845000000.00,892000000.00,886000000.00,886485000.00,958000000.00,936000000.00,928644000.00,919907000.00,919411000.00,919000000.00,884279000.00,891900000.00,942251000.00,846000000.00,884477000.00,845528000.00,820387000.00,808000000.00,769891000.00,811000000.00,788646000.00,762000000.00,752066000.00,744043000.00,814184000.00,725137000.00,
costOfRevenue,237000000.00,484000000.00,513000000.00,528000000.00,494000000.00,507813000.00,510000000.00,415000000.00,371985000.00,381585000.00,381166000.00,374000000.00,357895000.00,376347000.00,407986000.00,370000000.00,356556000.00,338089000.00,325958000.00,283000000.00,263286000.00,246000000.00,248394000.00,238000000.00,224140000.00,215250000.00,218705000.00,228073000.00,
totalOtherIncomeExpenseNet,-103000000.00,-198000000.00,-383000000.00,-166000000.00,-186000000.00,-80188000.00,-5000000.00,-16000000.00,-28723000.00,-3271000.00,-18860000.00,-8000000.00,-40788000.00,-10447000.00,-172405000.00,-18000000.00,-125103000.00,-72391000.00,-26641000.00,-85000000.00,-205979000.00,29000000.00,-70080000.00,-14000000.00,8455000.00,-13273000.00,-17718000.00,-35293000.00,
discontinuedOperations,,,,,,,,,,,,,,,,,,,,,,,,,,,,,
netIncomeFromContinuingOps,-21000000.00,93949000.00,-87021000.00,152000000.00,-121987000.00,91517000.00,51645000.00,-57947000.00,,,,,,,,,,,,,,,,,,,,,
netIncomeApplicableToCommonShares,-86237000.00,92211000.00,-89698000.00,151000000.00,-121987000.00,91517000.00,51645000.00,-57947000.00,-109129000.00,,,,,,,,,,,,,,,,,,,,
preferredStockAndOtherAdjustments,,,,,,,,,,,,,,,,,,,,,,,,,,,,,
