,2023-09-30,2023-06-30,2023-03-31,2022-12-31,2022-09-30,2022-06-30,2022-03-31,2021-12-31,2021-09-30,2021-06-30,2021-03-31,2020-12-31,2020-09-30,2020-06-30,2020-03-31,2019-12-31,2019-09-30,2019-06-30,2019-03-31,2018-12-31,2018-09-30,2018-06-30,2018-03-31,2017-12-31,2017-09-30,2017-06-30,2017-03-31,2016-12-31,2016-09-30,2016-06-30,2016-03-31,2015-12-31,2015-09-30,2015-06-30,2015-03-31,2014-12-31,2014-09-30,2014-06-30,2014-03-31,2013-12-31,2013-09-30,2013-06-30,2013-03-31,2012-12-31,2012-09-30,2012-06-30,2012-03-31,2011-12-31,2011-09-30,2011-06-30,2011-03-31,2010-12-31,2010-09-30,2010-06-30,2010-03-31,2009-12-31,2009-09-30,2009-06-30,2009-03-31,2008-12-31,2008-09-30,2008-06-30,2008-03-31,2007-12-31,2007-09-30,2007-06-30,2007-03-31,2006-12-31,2006-09-30,2006-06-30,2006-03-31,2005-12-31,2005-09-30,2005-06-30,2005-03-31,2004-12-31,2004-09-30,2004-06-30,2004-03-31,2003-12-31,2003-09-30,2003-06-30,2003-03-31,2002-12-31,2002-09-30,2002-06-30,2002-03-31,2001-12-31,2001-09-30,2001-06-30,2001-03-31,2000-12-31,2000-09-30,2000-06-30,2000-03-31
date,2023-09-30,2023-06-30,2023-03-31,2022-12-31,2022-09-30,2022-06-30,2022-03-31,2021-12-31,2021-09-30,2021-06-30,2021-03-31,2020-12-31,2020-09-30,2020-06-30,2020-03-31,2019-12-31,2019-09-30,2019-06-30,2019-03-31,2018-12-31,2018-09-30,2018-06-30,2018-03-31,2017-12-31,2017-09-30,2017-06-30,2017-03-31,2016-12-31,2016-09-30,2016-06-30,2016-03-31,2015-12-31,2015-09-30,2015-06-30,2015-03-31,2014-12-31,2014-09-30,2014-06-30,2014-03-31,2013-12-31,2013-09-30,2013-06-30,2013-03-31,2012-12-31,2012-09-30,2012-06-30,2012-03-31,2011-12-31,2011-09-30,2011-06-30,2011-03-31,2010-12-31,2010-09-30,2010-06-30,2010-03-31,2009-12-31,2009-09-30,2009-06-30,2009-03-31,2008-12-31,2008-09-30,2008-06-30,2008-03-31,2007-12-31,2007-09-30,2007-06-30,2007-03-31,2006-12-31,2006-09-30,2006-06-30,2006-03-31,2005-12-31,2005-09-30,2005-06-30,2005-03-31,2004-12-31,2004-09-30,2004-06-30,2004-03-31,2003-12-31,2003-09-30,2003-06-30,2003-03-31,2002-12-31,2002-09-30,2002-06-30,2002-03-31,2001-12-31,2001-09-30,2001-06-30,2001-03-31,2000-12-31,2000-09-30,2000-06-30,2000-03-31
filing_date,2023-11-03,2023-08-09,2023-05-05,2023-02-24,2022-11-08,2022-08-09,2022-04-27,2022-02-23,2021-10-28,2021-07-30,2021-04-28,2021-02-26,2020-10-28,2020-07-29,2020-05-05,2020-02-27,2019-10-30,2019-07-31,2019-05-02,2019-02-27,2018-10-30,2018-07-31,2018-05-01,2018-02-28,2017-11-01,2017-08-03,2017-05-09,2017-02-27,2016-10-26,2016-08-02,2016-04-27,2016-02-24,2015-10-28,2015-07-29,2015-04-29,2015-02-25,2014-10-29,2014-07-30,2014-04-30,2014-02-25,2013-10-31,2013-08-06,2013-05-08,2013-02-28,2012-10-31,2012-08-09,2012-05-10,2012-02-23,2011-10-26,2011-07-27,2011-04-27,2011-02-24,2010-10-27,2010-07-28,2010-05-07,2010-02-26,2009-10-28,2009-07-27,2009-05-06,2009-03-02,2008-11-06,2008-08-06,2008-05-07,2008-02-29,2007-11-08,2007-08-09,2007-05-10,2007-03-01,2006-11-09,2006-08-14,2006-05-15,2006-03-22,2005-11-14,2005-08-29,2005-03-31,2004-12-31,2004-09-30,2004-06-30,2004-03-31,2003-12-31,2003-09-30,2003-06-30,2003-03-31,2002-12-31,2002-09-30,2002-06-30,2002-03-31,2001-12-31,2001-09-30,2001-06-30,2001-03-31,2000-12-31,2000-09-30,2000-06-30,2000-03-31
currency_symbol,USD,USD,USD,USD,USD,USD,USD,USD,USD,USD,USD,USD,USD,USD,USD,USD,USD,USD,USD,USD,USD,USD,USD,USD,USD,USD,USD,USD,USD,USD,USD,USD,USD,USD,USD,USD,USD,USD,USD,USD,USD,USD,USD,USD,USD,USD,USD,USD,USD,USD,USD,USD,USD,USD,USD,USD,USD,USD,USD,USD,USD,USD,USD,USD,USD,USD,USD,USD,USD,USD,USD,USD,USD,USD,USD,USD,USD,USD,USD,USD,USD,USD,USD,USD,USD,USD,USD,USD,USD,USD,USD,USD,USD,USD,USD
totalAssets,2683700000.00,2825800000.00,2792800000.00,2794700000.00,2829200000.00,3090900000.00,3100500000.00,3091300000.00,3072000000.00,3174200000.00,3001700000.00,3048700000.00,2695800000.00,2776600000.00,2653200000.00,2788600000.00,2722100000.00,2952800000.00,2827400000.00,2786400000.00,2803200000.00,2847600000.00,2754700000.00,2799100000.00,2856700000.00,2883300000.00,2698100000.00,2064500000.00,2156600000.00,2224500000.00,1939700000.00,1953400000.00,2026700000.00,2194300000.00,2046500000.00,2226400000.00,2309500000.00,2415000000.00,2302500000.00,2382900000.00,2389600000.00,2462000000.00,2400900000.00,2507700000.00,2552700000.00,2527400000.00,1044900000.00,1116700000.00,1050300000.00,1135800000.00,1094200000.00,1149600000.00,1097300000.00,1064000000.00,1062700000.00,1106800000.00,1078000000.00,1100100000.00,1199800000.00,1282200000.00,1657700000.00,1814200000.00,1887700000.00,1898500000.00,1889700000.00,1863200000.00,1807000000.00,1849600000.00,1867100000.00,1891000000.00,1880200000.00,1929500000.00,1884100000.00,877500000.00,545198000.00,540414000.00,536654000.00,537802000.00,531602000.00,530583000.00,546337000.00,542664000.00,552029000.00,551978000.00,567347000.00,573136000.00,687793000.00,719170000.00,704544000.00,716722000.00,728428000.00,761308000.00,777744000.00,784189000.00,820639000.00
intangibleAssets,814400000.00,833200000.00,842400000.00,847000000.00,838500000.00,864600000.00,896100000.00,902200000.00,919400000.00,947300000.00,947900000.00,977000000.00,726800000.00,724300000.00,725900000.00,758600000.00,756800000.00,771800000.00,776200000.00,787000000.00,802000000.00,801100000.00,838100000.00,839900000.00,848400000.00,841900000.00,834800000.00,565700000.00,575200000.00,583000000.00,522600000.00,520900000.00,525500000.00,547500000.00,549300000.00,571400000.00,584700000.00,602100000.00,603800000.00,607000000.00,616900000.00,624900000.00,639900000.00,646600000.00,656700000.00,657900000.00,129600000.00,130400000.00,132400000.00,135100000.00,137700000.00,138200000.00,140300000.00,140100000.00,143000000.00,145800000.00,147500000.00,148800000.00,149300000.00,149900000.00,209600000.00,215800000.00,229400000.00,229800000.00,230900000.00,230700000.00,232000000.00,233600000.00,234500000.00,237100000.00,238200000.00,674400000.00,643800000.00,115900000.00,117100000.00,117600000.00,,,,117300000.00,,,,,,,,,,,,,,,
earningAssets,,,,,,,,,,,,,,,,,,,,,,,,,,,,,,,,,,,,,,,,,,,,,,,,,,,,,,,,,,,,,,,,,,,,,,,,,,,,,,,,,,,,,,,,,,,,,,,
otherCurrentAssets,41100000.00,47600000.00,41200000.00,40800000.00,53900000.00,56200000.00,50600000.00,39600000.00,52000000.00,68300000.00,45700000.00,30500000.00,35000000.00,44300000.00,54100000.00,41200000.00,45300000.00,47900000.00,49100000.00,44200000.00,48300000.00,53400000.00,51500000.00,29200000.00,38200000.00,60800000.00,41000000.00,26800000.00,30600000.00,42100000.00,35000000.00,25300000.00,30500000.00,40100000.00,39500000.00,35800000.00,41600000.00,49000000.00,53800000.00,28100000.00,32200000.00,45500000.00,50800000.00,29000000.00,39400000.00,49800000.00,34700000.00,26900000.00,32600000.00,31600000.00,33900000.00,25300000.00,27400000.00,28200000.00,30600000.00,21400000.00,27100000.00,30900000.00,67800000.00,72300000.00,36600000.00,38500000.00,40500000.00,29800000.00,37500000.00,36700000.00,38700000.00,30000000.00,44700000.00,50100000.00,45100000.00,25300000.00,38900000.00,24100000.00,13849000.00,6809000.00,12227000.00,11831000.00,12411000.00,4997000.00,13036000.00,13873000.00,17243000.00,5707000.00,14234000.00,9123000.00,5200000.00,5106000.00,12691000.00,14148000.00,12660000.00,3683000.00,21446000.00,23042000.00,28283000.00
totalLiab,1845700000.00,1995400000.00,1983000000.00,1984600000.00,2047900000.00,2218000000.00,2219000000.00,2226500000.00,2287000000.00,2393500000.00,2292900000.00,2306000000.00,1970600000.00,2065000000.00,1935300000.00,2014900000.00,1955200000.00,2174800000.00,2062600000.00,1996700000.00,2054100000.00,2099300000.00,1989700000.00,2025000000.00,2135200000.00,2166300000.00,1980900000.00,1355800000.00,1432500000.00,1525800000.00,1327000000.00,1372200000.00,1465700000.00,1590700000.00,1463400000.00,1545400000.00,1581500000.00,1665700000.00,1592800000.00,1680600000.00,1751400000.00,1851000000.00,1767800000.00,1868500000.00,1872900000.00,1938800000.00,1113200000.00,1178600000.00,1082900000.00,1164100000.00,1171200000.00,1229400000.00,1194600000.00,1189600000.00,1180700000.00,1224000000.00,1180900000.00,1207200000.00,1201100000.00,1285600000.00,1301000000.00,1406500000.00,1442700000.00,1460200000.00,1453500000.00,1455100000.00,1415800000.00,1465600000.00,1436600000.00,1487000000.00,1473200000.00,1521200000.00,1471800000.00,905800000.00,470192000.00,462568000.00,471965000.00,480724000.00,474913000.00,476374000.00,494481000.00,497340000.00,504076000.00,509847000.00,521275000.00,526169000.00,567932000.00,595315000.00,567314000.00,580028000.00,589761000.00,613629000.00,633196000.00,637451000.00,673748000.00
totalStockholderEquity,838000000.00,830400000.00,809800000.00,810100000.00,781300000.00,872900000.00,881500000.00,864800000.00,785000000.00,780700000.00,708800000.00,742700000.00,725200000.00,711600000.00,717900000.00,773700000.00,766900000.00,778000000.00,764800000.00,789700000.00,749100000.00,748300000.00,765000000.00,774100000.00,721500000.00,717000000.00,717200000.00,708700000.00,724100000.00,698700000.00,612700000.00,581200000.00,561000000.00,603600000.00,583100000.00,681000000.00,728000000.00,749300000.00,709700000.00,702300000.00,638200000.00,611000000.00,633100000.00,639200000.00,679800000.00,588600000.00,-68300000.00,-61900000.00,-32600000.00,-28300000.00,-77000000.00,-79800000.00,-97300000.00,-125600000.00,-118000000.00,-117200000.00,-102900000.00,-107100000.00,-1300000.00,-3400000.00,356700000.00,407700000.00,445000000.00,438300000.00,436200000.00,408100000.00,391200000.00,384000000.00,430500000.00,404000000.00,407000000.00,408300000.00,412300000.00,-28300000.00,75006000.00,77846000.00,64689000.00,57078000.00,56689000.00,54209000.00,51856000.00,45324000.00,47953000.00,42131000.00,46072000.00,46967000.00,119861000.00,123855000.00,137230000.00,136694000.00,138667000.00,147679000.00,144548000.00,146738000.00,146891000.00
deferredLongTermLiab,,,137300000.00,144100000.00,139200000.00,147700000.00,142900000.00,145200000.00,156600000.00,157400000.00,153100000.00,170600000.00,170700000.00,168400000.00,167300000.00,177500000.00,183000000.00,182300000.00,173400000.00,176200000.00,173900000.00,170000000.00,174800000.00,177100000.00,250200000.00,240900000.00,225600000.00,146700000.00,147800000.00,140600000.00,135400000.00,142300000.00,168000000.00,169000000.00,160300000.00,172200000.00,185100000.00,176200000.00,166100000.00,169100000.00,159100000.00,156000000.00,167400000.00,165000000.00,158300000.00,136600000.00,86900000.00,85600000.00,83100000.00,84000000.00,,,,,,,,,,,,,,,,,,,,,,,,,,,,,,,,,,,,,,,,,,,,,
otherCurrentLiab,112500000.00,115900000.00,222400000.00,152400000.00,141300000.00,143700000.00,276800000.00,217100000.00,149500000.00,152300000.00,133400000.00,141100000.00,124200000.00,105500000.00,104000000.00,169100000.00,110800000.00,101000000.00,111600000.00,170000000.00,113800000.00,104300000.00,112100000.00,289700000.00,114200000.00,106900000.00,80900000.00,175500000.00,63400000.00,57800000.00,48800000.00,58700000.00,54800000.00,53600000.00,55300000.00,207500000.00,74900000.00,68900000.00,75000000.00,246200000.00,86300000.00,84700000.00,84100000.00,244600000.00,65200000.00,90200000.00,74200000.00,176400000.00,68100000.00,75900000.00,89100000.00,209900000.00,80900000.00,70600000.00,72300000.00,187400000.00,102500000.00,120600000.00,112500000.00,222500000.00,114000000.00,128100000.00,126700000.00,137800000.00,128100000.00,129600000.00,125900000.00,264900000.00,131100000.00,138200000.00,118600000.00,267700000.00,268100000.00,625000000.00,93641000.00,90205000.00,86269000.00,74933000.00,83069000.00,85119000.00,92208000.00,80506000.00,83096000.00,84048000.00,96320000.00,90767000.00,96390000.00,85264000.00,86821000.00,82719000.00,85449000.00,93824000.00,100755000.00,85502000.00,89885000.00
commonStock,1000000.00,1000000.00,1000000.00,1000000.00,1000000.00,1000000.00,1000000.00,1000000.00,1000000.00,1000000.00,1000000.00,1000000.00,1000000.00,1000000.00,1000000.00,1000000.00,1000000.00,1000000.00,1100000.00,1100000.00,1100000.00,1100000.00,1100000.00,1100000.00,1100000.00,1100000.00,1100000.00,1100000.00,1100000.00,1100000.00,1100000.00,1100000.00,1100000.00,1100000.00,1100000.00,1100000.00,1100000.00,1200000.00,1100000.00,1100000.00,1100000.00,1100000.00,1100000.00,1100000.00,1100000.00,1100000.00,600000.00,600000.00,600000.00,600000.00,600000.00,600000.00,600000.00,600000.00,500000.00,500000.00,500000.00,500000.00,600000.00,600000.00,600000.00,600000.00,600000.00,600000.00,600000.00,600000.00,600000.00,600000.00,600000.00,500000.00,500000.00,500000.00,500000.00,100000.00,2262000.00,2262000.00,2262000.00,2262000.00,2262000.00,2262000.00,2262000.00,2262000.00,2262000.00,2262000.00,2262000.00,2262000.00,2262000.00,2262000.00,2262000.00,2262000.00,2262000.00,2262000.00,2262000.00,2262000.00,2262000.00
capitalStock,1000000.00,1000000.00,1000000.00,1000000.00,1000000.00,1000000.00,1000000.00,1000000.00,1000000.00,1000000.00,,,,,,,,,,,,,,,,,,,,,,,,,,,,,,,,,,,,,,,,,,,,,,,,,,,,,,,,,,,,,,,,,,,,,,,,,,,,,,,,,,,,,
retainedEarnings,-488900000.00,-496700000.00,-515700000.00,-504400000.00,-515900000.00,-440100000.00,-472100000.00,-462000000.00,-508200000.00,-522000000.00,-564100000.00,-537300000.00,-560600000.00,-573200000.00,-572400000.00,-574200000.00,-611300000.00,-633400000.00,-663000000.00,-656800000.00,-685600000.00,-714800000.00,-733900000.00,-739200000.00,-813100000.00,-843700000.00,-867200000.00,-871700000.00,-877800000.00,-900500000.00,-962400000.00,-967200000.00,-998600000.00,-1031200000.00,-1058900000.00,-1053100000.00,-1097000000.00,-1131200000.00,-1152500000.00,-1144700000.00,-1194900000.00,-1221300000.00,-1230800000.00,-1221800000.00,-1205200000.00,-1260400000.00,-1354600000.00,-1337200000.00,-1346600000.00,-1358300000.00,-1402000000.00,-1393900000.00,-1400700000.00,-1406100000.00,-1411000000.00,-1406300000.00,-1407300000.00,-1408600000.00,-1287200000.00,-1280200000.00,-1022200000.00,-989400000.00,-942800000.00,-940900000.00,-926600000.00,-935300000.00,-939800000.00,-940000000.00,-939000000.00,-957100000.00,-947300000.00,-947200000.00,-934600000.00,-938200000.00,74736000.00,78171000.00,71619000.00,66445000.00,63859000.00,63409000.00,66516000.00,61630000.00,66754000.00,66671000.00,63464000.00,63885000.00,140812000.00,146681000.00,160493000.00,160724000.00,165044000.00,166152000.00,164600000.00,164030000.00,163645000.00
otherLiab,,,,,424200000.00,421100000.00,452500000.00,474800000.00,546600000.00,572400000.00,566200000.00,618000000.00,547600000.00,529900000.00,527200000.00,559100000.00,510500000.00,537400000.00,528000000.00,554500000.00,546300000.00,544300000.00,592200000.00,420300000.00,369200000.00,360900000.00,341100000.00,175000000.00,151300000.00,156100000.00,154400000.00,154100000.00,149900000.00,165300000.00,165300000.00,178800000.00,127700000.00,138000000.00,139800000.00,145600000.00,189100000.00,193700000.00,192000000.00,203300000.00,140000000.00,139500000.00,114200000.00,118100000.00,76100000.00,78500000.00,86300000.00,92600000.00,98200000.00,97500000.00,100500000.00,113400000.00,79800000.00,110800000.00,101800000.00,134800000.00,86000000.00,107800000.00,107800000.00,90100000.00,84400000.00,78300000.00,71000000.00,69500000.00,62900000.00,70400000.00,60700000.00,62300000.00,90200000.00,37400000.00,36600000.00,42900000.00,,,,87800000.00,,,,,,,,,,,,,,,
goodWill,664800000.00,662000000.00,671900000.00,671500000.00,666900000.00,779200000.00,798900000.00,802500000.00,804200000.00,807300000.00,799700000.00,827400000.00,723400000.00,714000000.00,717700000.00,718600000.00,709700000.00,708300000.00,706900000.00,708900000.00,684400000.00,685100000.00,667900000.00,669200000.00,677900000.00,687300000.00,697400000.00,587100000.00,595600000.00,598600000.00,508100000.00,496900000.00,498100000.00,523500000.00,518900000.00,544900000.00,558200000.00,576600000.00,570700000.00,568300000.00,575500000.00,577800000.00,590600000.00,589400000.00,568300000.00,538500000.00,136400000.00,135000000.00,136200000.00,139800000.00,147400000.00,144400000.00,144000000.00,140100000.00,143000000.00,143400000.00,142900000.00,141100000.00,136800000.00,139500000.00,350600000.00,386200000.00,422300000.00,415200000.00,451900000.00,444800000.00,439100000.00,438300000.00,440700000.00,443200000.00,431900000.00,433800000.00,400500000.00,,,,,,,,,,,,,,,261247000.00,264926000.00,267263000.00,269041000.00,273016000.00,274533000.00,277845000.00,279801000.00
otherAssets,,,,,135900000.00,111000000.00,135600000.00,141900000.00,158300000.00,172000000.00,161000000.00,185500000.00,153800000.00,136500000.00,128900000.00,136400000.00,127500000.00,141200000.00,133000000.00,146600000.00,154000000.00,151100000.00,183600000.00,1691000000.00,1709800000.00,1699400000.00,1673900000.00,1195400000.00,1214700000.00,1225800000.00,1107400000.00,1090700000.00,1106000000.00,1158600000.00,1153200000.00,1212100000.00,1242400000.00,1284500000.00,1279800000.00,1287900000.00,1312000000.00,1318100000.00,1355200000.00,1359800000.00,1360400000.00,1325100000.00,347400000.00,346600000.00,344700000.00,352500000.00,364600000.00,365400000.00,384500000.00,375300000.00,381800000.00,388600000.00,363000000.00,350400000.00,411700000.00,422700000.00,729800000.00,810700000.00,856800000.00,838300000.00,842700000.00,829200000.00,823400000.00,810200000.00,821300000.00,822600000.00,823200000.00,828700000.00,787400000.00,205900000.00,222000000.00,230300000.00,,,,216500000.00,,,,,,,,,,,,,,,
cash,73700000.00,82400000.00,127100000.00,62200000.00,78000000.00,91700000.00,91300000.00,41200000.00,58100000.00,77900000.00,75100000.00,36600000.00,85800000.00,128800000.00,93400000.00,27800000.00,37700000.00,94100000.00,100500000.00,67000000.00,95000000.00,139200000.00,122700000.00,76900000.00,101300000.00,102200000.00,118300000.00,42900000.00,101000000.00,96200000.00,102400000.00,55400000.00,70900000.00,86900000.00,90800000.00,53200000.00,72500000.00,92300000.00,95300000.00,53500000.00,70800000.00,95300000.00,102100000.00,50000000.00,125000000.00,94500000.00,74200000.00,121200000.00,41300000.00,92700000.00,19900000.00,83200000.00,14300000.00,34500000.00,27700000.00,43600000.00,23900000.00,33000000.00,17600000.00,18100000.00,34700000.00,34200000.00,38600000.00,42300000.00,44100000.00,35900000.00,31000000.00,50000000.00,49300000.00,41200000.00,63900000.00,91100000.00,71000000.00,18200000.00,7717000.00,6259000.00,7924000.00,3948000.00,5565000.00,9568000.00,11271000.00,6996000.00,12080000.00,18251000.00,14988000.00,19362000.00,18422000.00,59936000.00,5469000.00,4372000.00,5806000.00,9137000.00,8375000.00,6767000.00,9934000.00
cashAndEquivalents,,,,,,,,,,,,,,,,,,,,,,,,,,,,,,,,,,,,,,,,,,,,,,,,,,,,,,,,,,,,,,,,,,,,,,,,,,,,,,,,,,,,,,,,,,,,,,,
totalCurrentLiabilities,518900000.00,534000000.00,504400000.00,589000000.00,503600000.00,590500000.00,568900000.00,708600000.00,586100000.00,561800000.00,498800000.00,556900000.00,470300000.00,484100000.00,469500000.00,588800000.00,477600000.00,500600000.00,515500000.00,599200000.00,549200000.00,543800000.00,489100000.00,538400000.00,509900000.00,510000000.00,411500000.00,406400000.00,373600000.00,401700000.00,319400000.00,355300000.00,368800000.00,471400000.00,340100000.00,395400000.00,373100000.00,446700000.00,373000000.00,445100000.00,412100000.00,499900000.00,358100000.00,429400000.00,368700000.00,413500000.00,243100000.00,306100000.00,255100000.00,284800000.00,273900000.00,327900000.00,283500000.00,281300000.00,267600000.00,298900000.00,310900000.00,424100000.00,422100000.00,463800000.00,422400000.00,489500000.00,492300000.00,498200000.00,482700000.00,486300000.00,449700000.00,496100000.00,480000000.00,485400000.00,432800000.00,453000000.00,450700000.00,868400000.00,175768000.00,173676000.00,164308000.00,148536000.00,155321000.00,156367000.00,157981000.00,143372000.00,255559000.00,161161000.00,153094000.00,146259000.00,154734000.00,139729000.00,349288000.00,364568000.00,372871000.00,161300000.00,169297000.00,153637000.00,167803000.00
currentDeferredRevenue,144100000.00,141300000.00,,115900000.00,98400000.00,115900000.00,,115900000.00,145100000.00,121100000.00,108000000.00,136500000.00,118800000.00,96000000.00,92500000.00,119000000.00,135300000.00,130100000.00,131100000.00,115100000.00,169100000.00,148600000.00,145700000.00,27300000.00,175100000.00,145000000.00,135000000.00,27300000.00,135300000.00,113300000.00,114800000.00,113500000.00,135000000.00,121000000.00,111700000.00,27200000.00,146300000.00,125400000.00,119800000.00,20900000.00,146700000.00,130300000.00,125300000.00,31100000.00,140400000.00,134300000.00,70700000.00,2400000.00,81100000.00,102400000.00,82100000.00,3000000.00,93700000.00,99500000.00,81900000.00,9800000.00,96100000.00,87700000.00,88500000.00,33000000.00,111700000.00,112200000.00,122100000.00,151000000.00,148000000.00,133100000.00,125300000.00,37200000.00,151700000.00,145600000.00,124800000.00,5100000.00,,140900000.00,,,,,,,,,,,,,,,,,,,,,
netDebt,981700000.00,1087900000.00,1059200000.00,1030700000.00,1091600000.00,1191200000.00,1175200000.00,1069300000.00,1154200000.00,1245900000.00,1222500000.00,1193600000.00,922800000.00,992300000.00,932300000.00,894200000.00,985200000.00,1111600000.00,998000000.00,815500000.00,918400000.00,931700000.00,828400000.00,855500000.00,933200000.00,994100000.00,903800000.00,653300000.00,683200000.00,780100000.00,618700000.00,665100000.00,755100000.00,803400000.00,728900000.00,747400000.00,824100000.00,871900000.00,826200000.00,867400000.00,929900000.00,994600000.00,948900000.00,1022100000.00,1085300000.00,1165700000.00,595000000.00,547800000.00,627500000.00,624600000.00,707900000.00,644400000.00,711800000.00,691600000.00,713800000.00,682200000.00,717800000.00,691500000.00,722700000.00,690600000.00,736700000.00,801700000.00,792400000.00,733000000.00,779200000.00,789900000.00,781600000.00,755100000.00,805100000.00,831900000.00,829100000.00,850800000.00,887600000.00,-17300000.00,284507000.00,282619000.00,292094000.00,313604000.00,297908000.00,292446000.00,310806000.00,333536000.00,323995000.00,323169000.00,333573000.00,340716000.00,350511000.00,358532000.00,370251000.00,386840000.00,394214000.00,398166000.00,417585000.00,439722000.00,463048000.00
shortTermDebt,89300000.00,82200000.00,77500000.00,81200000.00,49500000.00,76500000.00,68900000.00,67400000.00,58000000.00,64500000.00,69700000.00,99100000.00,55900000.00,70100000.00,87100000.00,55000000.00,55800000.00,68900000.00,79400000.00,39500000.00,54800000.00,59700000.00,42700000.00,43200000.00,28600000.00,29100000.00,19400000.00,68500000.00,24400000.00,48900000.00,3300000.00,35500000.00,47000000.00,105300000.00,22000000.00,1600000.00,1000000.00,59400000.00,7600000.00,100000.00,9600000.00,88500000.00,700000.00,1300000.00,4400000.00,11000000.00,200000.00,200000.00,200000.00,500000.00,200000.00,200000.00,300000.00,600000.00,16200000.00,700000.00,16800000.00,115000000.00,111800000.00,64500000.00,50500000.00,101800000.00,82200000.00,6800000.00,30300000.00,32000000.00,16200000.00,4800000.00,20500000.00,16200000.00,9400000.00,30100000.00,27700000.00,900000.00,31417000.00,33713000.00,30625000.00,21881000.00,19897000.00,19995000.00,19428000.00,19448000.00,123526000.00,26654000.00,8291000.00,9324000.00,8397000.00,7800000.00,214301000.00,228871000.00,237077000.00,10298000.00,10544000.00,11708000.00,16494000.00
shortLongTermDebt,70100000.00,61800000.00,56400000.00,60000000.00,28600000.00,54100000.00,44800000.00,43000000.00,36200000.00,43600000.00,48200000.00,76500000.00,35800000.00,49900000.00,67200000.00,33200000.00,35200000.00,49100000.00,56600000.00,39500000.00,54800000.00,59500000.00,42000000.00,43200000.00,28500000.00,1096300000.00,19400000.00,4800000.00,24400000.00,48900000.00,,720500000.00,,,,800000.00,,,,,,,,,,,,,,,,,,,,,,,,,,,,,,,,,,,,,,,,,,,,,,,,,,,,,,,,,,,
shortLongTermDebtTotal,1055400000.00,1170300000.00,1186300000.00,1092900000.00,1169600000.00,1282900000.00,1266500000.00,1110500000.00,1212300000.00,1323800000.00,1297600000.00,1230200000.00,1008600000.00,1121100000.00,1025700000.00,922000000.00,1022900000.00,1205700000.00,1098500000.00,882500000.00,1013400000.00,1070900000.00,951100000.00,932400000.00,1034500000.00,1096300000.00,1022100000.00,696200000.00,784200000.00,876300000.00,721100000.00,720500000.00,826000000.00,890300000.00,819700000.00,800600000.00,896600000.00,964200000.00,921500000.00,920900000.00,1000700000.00,1089900000.00,1051000000.00,1072100000.00,1210300000.00,1260200000.00,669200000.00,669000000.00,668800000.00,717300000.00,727800000.00,727600000.00,726100000.00,726100000.00,741500000.00,725800000.00,741700000.00,724500000.00,740300000.00,708700000.00,771400000.00,835900000.00,831000000.00,775300000.00,823300000.00,825800000.00,812600000.00,805100000.00,854400000.00,873100000.00,893000000.00,941900000.00,958600000.00,900000.00,292224000.00,288878000.00,300018000.00,317552000.00,303473000.00,302014000.00,322077000.00,340532000.00,336075000.00,341420000.00,348561000.00,360078000.00,368933000.00,418468000.00,375720000.00,391212000.00,400020000.00,407303000.00,425960000.00,446489000.00,472982000.00
otherStockholderEquity,1863400000.00,1861800000.00,1858300000.00,1853800000.00,1851800000.00,1851300000.00,1869400000.00,1861300000.00,1857600000.00,1853800000.00,1849100000.00,1843200000.00,1839000000.00,1837000000.00,1834400000.00,1852600000.00,1855600000.00,1869300000.00,1893700000.00,1907100000.00,1904300000.00,1928600000.00,1965200000.00,1973300000.00,1967200000.00,1992500000.00,1992600000.00,1998700000.00,1986200000.00,1981800000.00,1975900000.00,1976500000.00,1983100000.00,1987900000.00,2007500000.00,2025600000.00,2035400000.00,2037400000.00,2033300000.00,2031500000.00,2027100000.00,2022500000.00,2017400000.00,2016000000.00,2012300000.00,2010800000.00,1407000000.00,1405700000.00,1403300000.00,1402300000.00,1400300000.00,1399600000.00,1398000000.00,1397900000.00,1396300000.00,1395600000.00,1395200000.00,1394400000.00,1394500000.00,1393700000.00,1391700000.00,1391900000.00,1389000000.00,1387800000.00,1387600000.00,1384400000.00,1379200000.00,1373500000.00,1366200000.00,1359500000.00,1348600000.00,1349200000.00,1342800000.00,1213000000.00,7497000.00,5047000.00,4413000.00,3901000.00,4697000.00,3139000.00,2464000.00,2055000.00,1705000.00,-1071000.00,135258000.00,137027000.00,124755000.00,118106000.00,116132000.00,109322000.00,101652000.00,105875000.00,101339000.00,100731000.00,98331000.00
propertyPlantEquipment,,,179900000.00,185100000.00,273700000.00,292800000.00,210600000.00,319800000.00,303500000.00,309100000.00,229200000.00,241400000.00,239800000.00,244200000.00,250600000.00,267100000.00,259400000.00,260000000.00,260300000.00,263700000.00,266200000.00,266300000.00,280300000.00,278500000.00,281800000.00,282200000.00,282500000.00,198400000.00,202100000.00,206400000.00,208000000.00,209100000.00,210600000.00,225300000.00,223300000.00,235500000.00,242700000.00,253900000.00,253900000.00,253300000.00,258400000.00,268100000.00,269800000.00,273600000.00,272300000.00,269200000.00,142600000.00,147200000.00,151800000.00,159200000.00,162600000.00,163500000.00,167400000.00,164900000.00,173200000.00,181100000.00,186900000.00,190600000.00,186600000.00,194800000.00,211000000.00,228300000.00,243200000.00,238300000.00,225000000.00,215700000.00,207600000.00,217200000.00,227400000.00,229200000.00,234700000.00,239800000.00,246700000.00,154700000.00,157200000.00,157700000.00,,,,170000000.00,,,,,,,,,,,,,,,
totalCurrentAssets,835000000.00,954100000.00,894600000.00,882300000.00,914200000.00,1043300000.00,955000000.00,924900000.00,886600000.00,938500000.00,779800000.00,728200000.00,765000000.00,867400000.00,738000000.00,806000000.00,772900000.00,973200000.00,867400000.00,880200000.00,896600000.00,944000000.00,784800000.00,829600000.00,865100000.00,914400000.00,741700000.00,670700000.00,739800000.00,792300000.00,624300000.00,653600000.00,710100000.00,810400000.00,670000000.00,778800000.00,824400000.00,876600000.00,768800000.00,841700000.00,819200000.00,875800000.00,775900000.00,874300000.00,920000000.00,933100000.00,554900000.00,622900000.00,553800000.00,624100000.00,567000000.00,620700000.00,545400000.00,523800000.00,507700000.00,537100000.00,528100000.00,559100000.00,601500000.00,664700000.00,716900000.00,775200000.00,787700000.00,821900000.00,822000000.00,818300000.00,776000000.00,822200000.00,818400000.00,839200000.00,822300000.00,861000000.00,850000000.00,504700000.00,280985000.00,272180000.00,272560000.00,272876000.00,262783000.00,258113000.00,263597000.00,257077000.00,265159000.00,265299000.00,273268000.00,272148000.00,278272000.00,305052000.00,284433000.00,290607000.00,296955000.00,320625000.00,333958000.00,333285000.00,364561000.00
longTermInvestments,,,,,,,,,,,,,,,,,,,,,,,,,,,,,,,,,,,,,,,,,,,,,,,,,,,,,,,,,,,,,,,,,,,,,,,,,,,,,,,,,,,,,,,,,,,,,,,
netTangibleAssets,,,-704500000.00,-708400000.00,-724100000.00,-770900000.00,-813500000.00,-839900000.00,-938600000.00,-973900000.00,-1038800000.00,-1061700000.00,-725000000.00,-726700000.00,-725700000.00,-703500000.00,-699600000.00,-702100000.00,-718300000.00,-706200000.00,-737300000.00,-737900000.00,-741000000.00,-736100000.00,-804800000.00,-812200000.00,-815000000.00,-444100000.00,-446700000.00,-482900000.00,-418000000.00,-436600000.00,-462600000.00,-467400000.00,-485100000.00,-435300000.00,-414900000.00,-429400000.00,-464800000.00,-473000000.00,-554200000.00,-591700000.00,-597400000.00,-596800000.00,-545200000.00,-607800000.00,-334300000.00,-327300000.00,-301200000.00,-303200000.00,,,,,,,,,,,,,,,,,,,,,,,,,,,,,,,,,,,,,,,,,,,,,
shortTermInvestments,,,,,,,,,,,,,,,,,,,,,0.00,0.00,0.00,0.00,0.00,0.00,0.00,0.00,0.00,0.00,0.00,0.00,0.00,0.00,0.00,0.00,0.00,0.00,0.00,0.00,0.00,0.00,0.00,0.00,0.00,0.00,0.00,0.00,0.00,0.00,,,,,,,,,,,,,,,,,,,,,,,,519000000.00,,,,,,,,,,,,,,,,,,,,,
netReceivables,351700000.00,426100000.00,303800000.00,384100000.00,351300000.00,423900000.00,341700000.00,416100000.00,362600000.00,409800000.00,307800000.00,356000000.00,343700000.00,358300000.00,298900000.00,453700000.00,377400000.00,460500000.00,318100000.00,428400000.00,421200000.00,432200000.00,316100000.00,469300000.00,418400000.00,419000000.00,295100000.00,391000000.00,344700000.00,350800000.00,226600000.00,369300000.00,323800000.00,335600000.00,232400000.00,420500000.00,386800000.00,375200000.00,290500000.00,471900000.00,394500000.00,386700000.00,307200000.00,498700000.00,415500000.00,415300000.00,235100000.00,269500000.00,254500000.00,269400000.00,274500000.00,283200000.00,262600000.00,239200000.00,241400000.00,259900000.00,254400000.00,256700000.00,245900000.00,274800000.00,329500000.00,356000000.00,356200000.00,415300000.00,394300000.00,393000000.00,381600000.00,427400000.00,405800000.00,403100000.00,403500000.00,438900000.00,426700000.00,267000000.00,146973000.00,141445000.00,123774000.00,130359000.00,129370000.00,128391000.00,127744000.00,125546000.00,125140000.00,121709000.00,127810000.00,126913000.00,130918000.00,114606000.00,136401000.00,140313000.00,142783000.00,149784000.00,155928000.00,155809000.00,169091000.00
longTermDebt,892200000.00,1015800000.00,1035000000.00,936500000.00,1045000000.00,1124500000.00,1109200000.00,954100000.00,1083900000.00,1193300000.00,1155900000.00,1054600000.00,876300000.00,971400000.00,856900000.00,777200000.00,882500000.00,1049700000.00,949400000.00,843000000.00,958600000.00,1011200000.00,908400000.00,889200000.00,1005900000.00,1067200000.00,1002700000.00,627700000.00,759800000.00,827400000.00,717800000.00,720500000.00,779000000.00,785000000.00,797700000.00,799000000.00,895600000.00,904800000.00,913900000.00,920800000.00,991100000.00,1001400000.00,1050300000.00,1070800000.00,1205900000.00,1249200000.00,669000000.00,668800000.00,668600000.00,716800000.00,727600000.00,727400000.00,725800000.00,725500000.00,725300000.00,725100000.00,724900000.00,609500000.00,628500000.00,644200000.00,720900000.00,734100000.00,748800000.00,768500000.00,793000000.00,793800000.00,796400000.00,800300000.00,833900000.00,856900000.00,883600000.00,911800000.00,930900000.00,,,,,,,,,,,,,,,,,,,,,,
inventory,368500000.00,398000000.00,422500000.00,395200000.00,431000000.00,471500000.00,471400000.00,428000000.00,413900000.00,382500000.00,351200000.00,305100000.00,300500000.00,336000000.00,291600000.00,283300000.00,312500000.00,370700000.00,399700000.00,340600000.00,332100000.00,319200000.00,294500000.00,254200000.00,307200000.00,332400000.00,287300000.00,210000000.00,263500000.00,303200000.00,260300000.00,203600000.00,251600000.00,314100000.00,273100000.00,229900000.00,286200000.00,329400000.00,298600000.00,254700000.00,291000000.00,323300000.00,288100000.00,265500000.00,319500000.00,352400000.00,202800000.00,197700000.00,217700000.00,221600000.00,226000000.00,216100000.00,233300000.00,213400000.00,198900000.00,202400000.00,214000000.00,229600000.00,239000000.00,266500000.00,282000000.00,310400000.00,317400000.00,299400000.00,307400000.00,315100000.00,288100000.00,277600000.00,282400000.00,303000000.00,268600000.00,268200000.00,280900000.00,187800000.00,100359000.00,97996000.00,106184000.00,104729000.00,93897000.00,86240000.00,90093000.00,88940000.00,89542000.00,91920000.00,92273000.00,89740000.00,92447000.00,97982000.00,104360000.00,106307000.00,110234000.00,122736000.00,126438000.00,126663000.00,126468000.00
accountsPayable,173000000.00,194600000.00,204500000.00,239500000.00,214400000.00,254400000.00,223200000.00,308200000.00,233500000.00,223900000.00,187700000.00,180200000.00,171400000.00,212500000.00,185900000.00,245700000.00,175700000.00,200600000.00,193400000.00,274600000.00,211500000.00,231200000.00,188600000.00,178200000.00,192000000.00,229000000.00,176200000.00,135100000.00,150500000.00,181700000.00,152500000.00,147600000.00,132000000.00,191500000.00,151100000.00,159100000.00,150900000.00,193000000.00,170600000.00,177900000.00,169500000.00,196400000.00,148000000.00,152400000.00,158700000.00,178000000.00,98000000.00,127100000.00,105700000.00,106000000.00,102500000.00,114800000.00,108600000.00,110600000.00,97200000.00,101000000.00,95500000.00,100800000.00,109300000.00,143800000.00,146200000.00,147400000.00,161300000.00,202600000.00,176300000.00,191600000.00,182300000.00,189200000.00,176700000.00,185400000.00,180000000.00,150100000.00,154900000.00,101600000.00,50710000.00,49758000.00,47414000.00,51722000.00,52355000.00,51253000.00,46345000.00,43418000.00,48937000.00,50459000.00,48483000.00,46168000.00,49947000.00,46665000.00,48166000.00,52978000.00,50345000.00,57178000.00,57998000.00,56427000.00,61424000.00
totalPermanentEquity,,,,,,,,,,,,,,,,,,,,,0.00,0.00,0.00,0.00,0.00,0.00,0.00,0.00,0.00,0.00,0.00,0.00,0.00,0.00,0.00,0.00,0.00,0.00,0.00,0.00,0.00,0.00,0.00,0.00,0.00,0.00,0.00,0.00,0.00,0.00,,,,,,,,,,,,,,,,,,,,,,,,,,,,,,,,,,,,,,,,,,,,,
noncontrollingInterestInConsolidatedEntity,,,,,,,,,,,,,,,,,,,,,0.00,0.00,0.00,0.00,0.00,0.00,0.00,0.00,0.00,0.00,0.00,0.00,0.00,0.00,0.00,0.00,0.00,0.00,0.00,0.00,0.00,0.00,0.00,0.00,0.00,0.00,0.00,0.00,0.00,0.00,,,,,,,,,,,,,,,,,,,,,,,,,,,,,,,,,,,,,,,,,,,,,
temporaryEquityRedeemableNoncontrollingInterests,,,,,,,,,,,,,,,,,,,,,0.00,0.00,0.00,0.00,0.00,0.00,0.00,0.00,0.00,0.00,0.00,0.00,0.00,0.00,0.00,0.00,0.00,0.00,0.00,0.00,0.00,0.00,0.00,0.00,0.00,0.00,0.00,0.00,0.00,0.00,,,,,,,,,,,,,,,,,,,,,,,,,,,,,,,,,,,,,,,,,,,,,
accumulatedOtherComprehensiveIncome,-537500000.00,-535700000.00,-533800000.00,-540300000.00,-555600000.00,-539300000.00,-516800000.00,-535500000.00,-565400000.00,-552100000.00,-577200000.00,-564200000.00,-554200000.00,-553200000.00,-545100000.00,-505700000.00,-478400000.00,-458900000.00,-467000000.00,-461700000.00,-470700000.00,-466600000.00,-467400000.00,-461100000.00,-433700000.00,-432900000.00,-409300000.00,-419400000.00,-385400000.00,-383700000.00,-401900000.00,-429200000.00,-424600000.00,-354200000.00,-366600000.00,-292600000.00,-211500000.00,-158100000.00,-172200000.00,-185600000.00,-195100000.00,-191300000.00,-154600000.00,-156100000.00,-128400000.00,-162900000.00,-121300000.00,-131000000.00,-89900000.00,-72900000.00,-75900000.00,-86100000.00,-95200000.00,-118000000.00,-103800000.00,-107000000.00,-91300000.00,-93400000.00,-109200000.00,-117500000.00,-13400000.00,4600000.00,-1800000.00,-9200000.00,-25400000.00,-41600000.00,-48800000.00,-50100000.00,2700000.00,1100000.00,5200000.00,5800000.00,3600000.00,-303200000.00,-9489000.00,-7634000.00,-13605000.00,-15530000.00,-14129000.00,-14601000.00,-19386000.00,-20623000.00,-22768000.00,-25731000.00,-17921000.00,-16639000.00,-19819000.00,-20444000.00,-20793000.00,-21494000.00,-23509000.00,-15907000.00,-17228000.00,-14468000.00,-13930000.00
additionalPaidInCapital,,,,,,,,,,,,,,,,,,,,,0.00,0.00,0.00,0.00,0.00,0.00,0.00,0.00,0.00,0.00,0.00,0.00,0.00,0.00,0.00,0.00,0.00,0.00,0.00,0.00,0.00,0.00,0.00,0.00,0.00,0.00,0.00,0.00,0.00,0.00,,,,,,,,,,,,,,,,,,,,,,,,,,,,,,,,,,,,,,,,,,,,,
commonStockTotalEquity,,,1000000.00,1000000.00,1000000.00,1000000.00,1000000.00,1000000.00,1000000.00,1000000.00,1000000.00,1000000.00,1000000.00,1000000.00,1000000.00,1000000.00,1000000.00,1000000.00,1100000.00,1100000.00,1100000.00,1100000.00,1100000.00,1100000.00,1100000.00,1100000.00,1100000.00,1100000.00,1100000.00,1100000.00,1100000.00,1100000.00,1100000.00,1100000.00,1100000.00,1100000.00,1100000.00,1200000.00,1100000.00,1100000.00,1100000.00,1100000.00,1100000.00,1100000.00,1100000.00,1100000.00,600000.00,600000.00,600000.00,600000.00,600000.00,600000.00,600000.00,600000.00,500000.00,500000.00,500000.00,500000.00,600000.00,600000.00,600000.00,600000.00,600000.00,600000.00,600000.00,600000.00,600000.00,600000.00,600000.00,500000.00,500000.00,100000.00,500000.00,100000.00,2262000.00,2262000.00,2262000.00,2262000.00,2262000.00,2262000.00,2262000.00,2262000.00,2262000.00,2262000.00,2262000.00,2262000.00,2262000.00,2262000.00,2262000.00,2262000.00,2262000.00,2262000.00,2262000.00,2262000.00,2262000.00
preferredStockTotalEquity,,,,,,,,,,,,,,,,,,,,,0.00,0.00,0.00,0.00,0.00,0.00,0.00,0.00,0.00,0.00,0.00,0.00,0.00,0.00,0.00,0.00,0.00,0.00,0.00,0.00,0.00,0.00,0.00,0.00,0.00,0.00,0.00,0.00,0.00,0.00,,,,,,,,,,,,,,,,,,,,,,,,,,,,,,,,,,,,,,,,,,,,,
retainedEarningsTotalEquity,,,-515700000.00,-504400000.00,-515900000.00,-440100000.00,-472100000.00,-462000000.00,-508200000.00,-522000000.00,-564100000.00,-537300000.00,-560600000.00,-573200000.00,-572400000.00,-574200000.00,-611300000.00,-633400000.00,-663000000.00,-656800000.00,-685600000.00,-714800000.00,-733900000.00,-739200000.00,-813100000.00,-843700000.00,-867200000.00,-871700000.00,-877800000.00,-900500000.00,-962400000.00,-967200000.00,-998600000.00,-1031200000.00,-1058900000.00,-1053100000.00,-1097000000.00,-1131200000.00,-1152500000.00,-1144700000.00,-1194900000.00,-1221300000.00,-1230800000.00,-1221800000.00,-1205200000.00,-1260400000.00,-1354600000.00,-1337200000.00,-1346600000.00,-1358300000.00,,,,,,,,,,,,,,,,,,,,,,,,,,,,,,,,,,,,,,,,,,,,,
treasuryStock,,,-45000000.00,-43400000.00,-43400000.00,-43400000.00,-42100000.00,-40900000.00,-40800000.00,-40800000.00,-40800000.00,-39900000.00,-39900000.00,-39900000.00,-39900000.00,-38200000.00,-38200000.00,-38200000.00,-38200000.00,-33900000.00,-33900000.00,-33900000.00,-33900000.00,-26400000.00,-26300000.00,-26300000.00,-26200000.00,-17000000.00,-16900000.00,-16900000.00,-16900000.00,-11800000.00,-11800000.00,-11600000.00,-10700000.00,-5900000.00,-5400000.00,-5200000.00,-4800000.00,-3500000.00,-3500000.00,-3400000.00,-3400000.00,-2500000.00,-2100000.00,-2100000.00,-2100000.00,-1700000.00,-1700000.00,-1700000.00,-1700000.00,-1500000.00,-1500000.00,-1500000.00,-1500000.00,-1400000.00,-1400000.00,-1400000.00,-1300000.00,-1100000.00,-1100000.00,-1200000.00,-1200000.00,-1100000.00,-1100000.00,-1100000.00,-1100000.00,-1100000.00,-1100000.00,-1100000.00,-1100000.00,-1100000.00,-1100000.00,,,,,,,,,,,,,,,,,,,,,,
accumulatedAmortization,,,,,,,,,,,,,,,,,,,,,,,,,,,,,,,,,,,,,,,,,,,,,,,,,,,,,,,,,,,,,,,,,,,,,,,,,,,,,,,,,,,,,,,,,,,,,,,
nonCurrrentAssetsOther,22400000.00,15700000.00,15400000.00,20300000.00,37500000.00,6000000.00,22600000.00,26000000.00,31700000.00,40300000.00,36600000.00,49000000.00,36500000.00,24900000.00,19700000.00,17400000.00,22500000.00,32600000.00,26700000.00,31500000.00,35800000.00,33000000.00,50700000.00,42900000.00,40400000.00,18700000.00,18100000.00,15300000.00,16600000.00,16700000.00,51600000.00,47800000.00,53200000.00,56800000.00,57100000.00,64100000.00,68600000.00,70000000.00,68100000.00,75300000.00,78200000.00,73700000.00,82300000.00,87400000.00,97900000.00,94600000.00,63800000.00,64500000.00,63700000.00,66600000.00,68300000.00,72200000.00,69300000.00,64100000.00,65800000.00,67900000.00,67000000.00,54200000.00,49800000.00,51000000.00,90200000.00,112900000.00,109500000.00,101400000.00,83600000.00,72000000.00,71500000.00,59100000.00,135700000.00,134500000.00,132900000.00,136900000.00,143600000.00,90000000.00,36075000.00,33158000.00,27900000.00,27111000.00,26672000.00,25476000.00,30611000.00,30847000.00,26322000.00,19695000.00,25522000.00,27832000.00,25459000.00,28259000.00,28650000.00,29606000.00,30730000.00,32559000.00,35846000.00,36244000.00,37472000.00
deferredLongTermAssetCharges,,,,,,,,,,,,,,,,,105000000.00,108600000.00,106300000.00,115100000.00,118200000.00,118100000.00,132900000.00,137900000.00,143100000.00,138800000.00,123600000.00,27300000.00,27300000.00,27500000.00,25100000.00,25100000.00,29200000.00,30800000.00,27900000.00,31700000.00,30900000.00,35800000.00,37200000.00,37300000.00,41400000.00,41700000.00,42400000.00,36400000.00,37500000.00,34100000.00,17600000.00,16700000.00,12400000.00,11000000.00,,,,,,,,,,,,,,,,,,,,,,,,,,,,,,,,,,,,,,,,,,,,,
nonCurrentAssetsTotal,1848700000.00,1871700000.00,1898200000.00,1912400000.00,1915000000.00,2047600000.00,2145500000.00,2166400000.00,2185400000.00,2235700000.00,2221900000.00,2320500000.00,1930800000.00,1909200000.00,1915200000.00,1982600000.00,1949200000.00,1979600000.00,1960000000.00,1906200000.00,1906600000.00,1903600000.00,1969900000.00,1969500000.00,1991600000.00,1968900000.00,1956400000.00,1393800000.00,1416800000.00,1432200000.00,1315400000.00,1299800000.00,1316600000.00,1383900000.00,1376500000.00,1447600000.00,1485100000.00,1538400000.00,1533700000.00,1541200000.00,1570400000.00,1586200000.00,1625000000.00,1633400000.00,1632700000.00,1594300000.00,490000000.00,493800000.00,496500000.00,511700000.00,527200000.00,528900000.00,551900000.00,540200000.00,555000000.00,569700000.00,549900000.00,541000000.00,598300000.00,617500000.00,940800000.00,1039000000.00,1100000000.00,1076600000.00,1067700000.00,1044900000.00,1031000000.00,1027400000.00,1048700000.00,1051800000.00,1057900000.00,1068500000.00,1034100000.00,372800000.00,264213000.00,268234000.00,264094000.00,264926000.00,268819000.00,272470000.00,282740000.00,285587000.00,286870000.00,286679000.00,294079000.00,300988000.00,409521000.00,414118000.00,420111000.00,426115000.00,431473000.00,440683000.00,443786000.00,450904000.00,456078000.00
capitalLeaseObligations,93100000.00,92700000.00,94900000.00,96400000.00,96000000.00,104300000.00,112500000.00,113400000.00,92200000.00,86900000.00,93500000.00,99100000.00,96500000.00,99800000.00,101600000.00,111600000.00,105200000.00,106900000.00,92500000.00,,,,,,,,,,,,,,,,,,,,,,,,,,,,,,,,,,,,,,,,,,,,,,,,,,,,,,,,,,,,,,,,,,,,,,,,,,,,
longTermDebtTotal,,,1035000000.00,936500000.00,1045000000.00,1124500000.00,1109200000.00,954100000.00,1083900000.00,1193300000.00,1155900000.00,1054600000.00,876300000.00,971400000.00,856900000.00,777200000.00,882500000.00,1049700000.00,949400000.00,843000000.00,958600000.00,1011200000.00,908400000.00,889200000.00,1005900000.00,1067200000.00,1002700000.00,627700000.00,759800000.00,827400000.00,717800000.00,720500000.00,779000000.00,785000000.00,797700000.00,799000000.00,895600000.00,904800000.00,913900000.00,920800000.00,991100000.00,1001400000.00,1050300000.00,1070800000.00,1205900000.00,1249200000.00,669000000.00,668800000.00,668600000.00,716800000.00,,,,,,,,,,,,,,,,,,,,,,,,,,,,,,,,,,,,,,,,,,,,,
nonCurrentLiabilitiesOther,86400000.00,81200000.00,306300000.00,84300000.00,360100000.00,79200000.00,398000000.00,107300000.00,114100000.00,122300000.00,485100000.00,523900000.00,453300000.00,441100000.00,441600000.00,471400000.00,412100000.00,442200000.00,424300000.00,378300000.00,372400000.00,374300000.00,417400000.00,420300000.00,369200000.00,360900000.00,341100000.00,175000000.00,75200000.00,80100000.00,85100000.00,89100000.00,85500000.00,91000000.00,93000000.00,100500000.00,45000000.00,138000000.00,139800000.00,145600000.00,189100000.00,193700000.00,192000000.00,203300000.00,140000000.00,139500000.00,114200000.00,118100000.00,76100000.00,78500000.00,,,,,,,,,,,,,,,,,,,,,,,,,,,,,,,,,,,,,,,,,,,,,
nonCurrentLiabilitiesTotal,1326800000.00,1461400000.00,1478600000.00,1395600000.00,1544300000.00,1627500000.00,1650100000.00,1517900000.00,1700900000.00,1831700000.00,1794100000.00,1749100000.00,1500300000.00,1580900000.00,1465800000.00,1426100000.00,1477600000.00,1674200000.00,1547100000.00,1397500000.00,1504900000.00,1555500000.00,1500600000.00,1486600000.00,1625300000.00,1656300000.00,1569400000.00,949400000.00,1058900000.00,1124100000.00,1007600000.00,1016900000.00,1096900000.00,1119300000.00,1123300000.00,1150000000.00,1208400000.00,1219000000.00,1219800000.00,1235500000.00,1339300000.00,1351100000.00,1409700000.00,1439100000.00,1504200000.00,1525300000.00,870100000.00,872500000.00,827800000.00,879300000.00,897300000.00,901500000.00,911100000.00,908300000.00,913100000.00,925100000.00,870000000.00,783100000.00,779000000.00,821800000.00,878600000.00,917000000.00,950400000.00,962000000.00,970800000.00,968800000.00,966100000.00,969500000.00,956600000.00,1001600000.00,1040400000.00,1068200000.00,1021100000.00,37400000.00,294424000.00,288892000.00,307657000.00,332188000.00,319592000.00,320007000.00,336500000.00,353968000.00,248517000.00,348686000.00,368181000.00,379910000.00,413198000.00,455586000.00,218026000.00,215460000.00,216890000.00,452329000.00,463899000.00,483814000.00,505945000.00
negativeGoodwill,,,,,,,,,,,,,,,,,,,,,,,,,,,,,,,,,,,,,,,,,,,,,,,,,,,,,,,,,,,,,,,,,,,,,,,,,,,,,,,,,,,,,,,,,,,,,,,
warrants,,,,,,,,,,,,,,,,,,,,,,,,,,,,,,,,,,,,,,,,,,,,,,,,,,,,,,,,,,,,,,,,,,,,,,,,,,,,,,,,,,,,,,,,,,,,,,,
preferredStockRedeemable,,,,,,,,,,,,,,,,,,,,,,,,,,,,,,,,,,,,,,,,,,,,,,,,,,,,,,,,,,,,,,,,,,,,,,,,,,,,,,,,,,,,,,,,,,,,,,,
capitalSurpluse,,,1903300000.00,1897200000.00,1895200000.00,1894700000.00,1911500000.00,1902200000.00,1898400000.00,1894600000.00,1889900000.00,1883100000.00,1878900000.00,1876900000.00,1874300000.00,1890800000.00,1893800000.00,1907500000.00,1931900000.00,1941000000.00,1938200000.00,1962500000.00,1999100000.00,1999700000.00,1993500000.00,2018800000.00,2018800000.00,2015700000.00,2003100000.00,1998700000.00,1992800000.00,1988300000.00,1994900000.00,1999500000.00,2018200000.00,2031500000.00,2040800000.00,2042600000.00,2038100000.00,2035000000.00,2030600000.00,2025900000.00,2020800000.00,2018500000.00,2014400000.00,2012900000.00,1409100000.00,1407400000.00,1405000000.00,1404000000.00,,,,,,,,,,,,,,,,,,,,,,,,,,,,,,,,,,,,,,,,,,,,,
liabilitiesAndStockholdersEquity,2683700000.00,2825800000.00,2792800000.00,2794700000.00,2829200000.00,3090900000.00,3100500000.00,3091300000.00,3072000000.00,3174200000.00,3001700000.00,3048700000.00,2695800000.00,2776600000.00,2653200000.00,2788600000.00,2722100000.00,2952800000.00,2827400000.00,2786400000.00,2803200000.00,2847600000.00,2754700000.00,2799100000.00,2856700000.00,2883300000.00,2698100000.00,2064500000.00,2156600000.00,2224500000.00,1939700000.00,1953400000.00,2026700000.00,2194300000.00,2046500000.00,2226400000.00,2309500000.00,2415000000.00,2302500000.00,2382900000.00,2389600000.00,2462000000.00,2400900000.00,2507700000.00,2552700000.00,2527400000.00,1044900000.00,1116700000.00,1050300000.00,1135800000.00,1094200000.00,1149600000.00,1097300000.00,1064000000.00,1062700000.00,1106800000.00,1078000000.00,1100100000.00,1199800000.00,1282200000.00,1657700000.00,1814200000.00,1887700000.00,1898500000.00,1889700000.00,1863200000.00,1807000000.00,1849600000.00,1867100000.00,1891000000.00,1880200000.00,1929500000.00,1884100000.00,877500000.00,545198000.00,540414000.00,536654000.00,537802000.00,531602000.00,530583000.00,546337000.00,542664000.00,552029000.00,551978000.00,567347000.00,573136000.00,687793000.00,719170000.00,704544000.00,716722000.00,728428000.00,761308000.00,777744000.00,784189000.00,820639000.00
cashAndShortTermInvestments,73700000.00,82400000.00,127100000.00,62200000.00,78000000.00,91700000.00,91300000.00,41200000.00,58100000.00,77900000.00,75100000.00,36600000.00,85800000.00,128800000.00,93400000.00,27800000.00,37700000.00,94100000.00,100500000.00,67000000.00,95000000.00,139200000.00,122700000.00,76900000.00,101300000.00,102200000.00,118300000.00,42900000.00,101000000.00,96200000.00,102400000.00,55400000.00,70900000.00,86900000.00,90800000.00,53200000.00,72500000.00,92300000.00,95300000.00,53500000.00,70800000.00,95300000.00,102100000.00,50000000.00,125000000.00,94500000.00,74200000.00,121200000.00,41300000.00,92700000.00,19900000.00,83200000.00,14300000.00,34500000.00,27700000.00,43600000.00,23900000.00,33000000.00,17600000.00,18100000.00,34700000.00,34200000.00,38600000.00,42300000.00,44100000.00,35900000.00,31000000.00,50000000.00,49300000.00,41200000.00,63900000.00,91100000.00,71000000.00,18200000.00,7717000.00,6259000.00,7924000.00,3948000.00,5565000.00,9568000.00,11271000.00,6996000.00,12080000.00,18251000.00,14988000.00,19362000.00,18422000.00,59936000.00,5469000.00,4372000.00,5806000.00,9137000.00,8375000.00,6767000.00,9934000.00
propertyPlantAndEquipmentGross,,,594700000.00,589200000.00,577500000.00,594700000.00,612300000.00,656400000.00,656300000.00,309100000.00,313300000.00,330600000.00,641000000.00,633000000.00,631000000.00,651000000.00,631000000.00,630000000.00,622000000.00,618000000.00,643000000.00,642000000.00,657000000.00,645000000.00,643000000.00,632000000.00,622000000.00,528000000.00,541000000.00,539000000.00,532000000.00,3000000.00,529000000.00,544000000.00,531000000.00,4000000.00,552000000.00,563000000.00,555000000.00,4000000.00,550000000.00,564000000.00,592000000.00,591000000.00,582000000.00,567000000.00,452000000.00,463000000.00,477000000.00,487000000.00,486000000.00,1000000.00,167000000.00,164000000.00,173000000.00,1000000.00,186000000.00,190000000.00,186000000.00,194000000.00,211000000.00,228000000.00,243000000.00,238000000.00,225000000.00,215000000.00,207000000.00,217000000.00,227000000.00,229000000.00,234000000.00,154700000.00,246000000.00,154000000.00,77965000.00,84693000.00,86160000.00,87864000.00,91495000.00,94986000.00,95785000.00,98224000.00,104360000.00,110026000.00,112289000.00,116452000.00,117396000.00,124612000.00,126535000.00,129246000.00,131702000.00,135108000.00,133407000.00,136815000.00,138805000.00
propertyPlantAndEquipmentNet,254600000.00,263100000.00,267300000.00,273900000.00,273700000.00,292800000.00,314900000.00,319800000.00,303500000.00,309100000.00,313300000.00,330600000.00,326800000.00,334400000.00,342700000.00,369000000.00,355200000.00,358300000.00,343900000.00,263700000.00,266200000.00,266300000.00,280300000.00,279600000.00,281800000.00,282200000.00,282500000.00,198400000.00,202100000.00,206400000.00,208000000.00,209100000.00,210600000.00,225300000.00,223300000.00,235500000.00,242700000.00,253900000.00,253900000.00,253300000.00,258400000.00,268100000.00,269800000.00,273600000.00,272300000.00,269200000.00,142600000.00,147200000.00,151800000.00,159200000.00,162600000.00,163500000.00,167400000.00,164900000.00,173200000.00,181100000.00,186900000.00,190600000.00,186600000.00,194800000.00,211000000.00,228300000.00,243200000.00,238300000.00,225000000.00,215700000.00,207600000.00,217200000.00,227400000.00,229200000.00,234700000.00,239800000.00,246700000.00,154700000.00,77965000.00,84693000.00,86160000.00,87864000.00,91495000.00,94986000.00,95785000.00,98224000.00,104360000.00,110026000.00,112289000.00,116452000.00,117396000.00,124612000.00,126535000.00,129246000.00,131702000.00,135108000.00,133407000.00,136815000.00,138805000.00
accumulatedDepreciation,,,-414800000.00,-404100000.00,-392300000.00,-398700000.00,-401700000.00,-441800000.00,-436800000.00,-433100000.00,-418900000.00,-416400000.00,-402000000.00,-389400000.00,-381000000.00,-384600000.00,-372000000.00,-370600000.00,-362200000.00,-355000000.00,-377300000.00,-375900000.00,-376800000.00,-366700000.00,-361600000.00,-350300000.00,-340100000.00,-329600000.00,-339400000.00,-333400000.00,-324700000.00,-317000000.00,-318800000.00,-318700000.00,-308100000.00,-312200000.00,-309400000.00,-309400000.00,-302000000.00,-295200000.00,-292300000.00,-296100000.00,-322400000.00,-317800000.00,-310000000.00,-298400000.00,-310300000.00,-316100000.00,-325800000.00,-328700000.00,,,,,,,,,,,,,,,,,,,,,,,,,,,,,,,,,,,,,,,,,,,,,
netWorkingCapital,316100000.00,420100000.00,390200000.00,293300000.00,410600000.00,452800000.00,386100000.00,216300000.00,300500000.00,376700000.00,281000000.00,171300000.00,294700000.00,383300000.00,268500000.00,,,,,,,,,,,,,,,,,,,,,,,,,,,,,,,,,,,,,,,,,,,,,,,,,,,,,,,,,,,,,,,,,,,,,,,,,,,,,,,,
netInvestedCapital,1800300000.00,1908000000.00,1901200000.00,1806600000.00,1854900000.00,2051500000.00,2035500000.00,1861900000.00,1905100000.00,2017600000.00,1912900000.00,1873800000.00,1637300000.00,1732900000.00,1642000000.00,,,,,,,,,,,,,,,,,,,,,,,,,,,,,,,,,,,,,,,,,,,,,,,,,,,,,,,,,,,,,,,,,,,,,,,,,,,,,,,,
commonStockSharesOutstanding,96700000.00,96300000.00,94900000.00,95700000.00,94500000.00,97400000.00,96200000.00,97500000.00,97300000.00,97200000.00,95100000.00,96000000.00,95600000.00,95200000.00,97500000.00,98300000.00,98900000.00,102200000.00,102300000.00,104000000.00,105900000.00,108000000.00,110000000.00,109200000.00,110300000.00,111900000.00,112400000.00,110000000.00,109400000.00,109000000.00,108200000.00,107900000.00,109500000.00,110600000.00,112000000.00,115100000.00,117000000.00,116600000.00,113800000.00,116000000.00,115800000.00,115500000.00,113300000.00,113300000.00,115000000.00,96200000.00,55500000.00,55500000.00,57500000.00,58000000.00,55000000.00,55000000.00,57100000.00,57200000.00,54600000.00,54600000.00,56200000.00,54500000.00,54400000.00,54400000.00,54200000.00,54200000.00,54100000.00,54100000.00,55000000.00,55100000.00,54900000.00,54900000.00,54300000.00,53400000.00,53000000.00,53000000.00,44400000.00,35500000.00,35500000.00,16300000.00,35500000.00,16837000.00,16881000.00,16881000.00,16552000.00,15961000.00,16206000.00,16206000.00,15927000.00,16528000.00,15806000.00,15806000.00,15785000.00,15740000.00,15726000.00,15726000.00,15819000.00,15857000.00,15734000.00
investments,-1400000.00,-4100000.00,-2000000.00,2300000.00,-4800000.00,-3400000.00,-3400000.00,-7300000.00,-4600000.00,-8300000.00,14400000.00,-343500000.00,-2900000.00,-2000000.00,-6300000.00,-10500000.00,-49500000.00,-7100000.00,-12500000.00,,,,,,,,,,,,,,,,,,,,,,,,,,,,,,,,,,,,,,,,,,,,,,,,,,,,,,,,,,,,,,,,,,,,,,,,,,,,
changeToLiabilities,,,-114100000.00,1500000.00,-33600000.00,84200000.00,-169900000.00,76100000.00,12800000.00,31000000.00,-28700000.00,-15200000.00,-12400000.00,16600000.00,-123600000.00,83900000.00,-8400000.00,-5600000.00,-122200000.00,36600000.00,-800000.00,71400000.00,-82600000.00,32100000.00,5800000.00,66100000.00,-93200000.00,-6600000.00,6600000.00,12800000.00,-59700000.00,17800000.00,-25500000.00,52200000.00,-63400000.00,20600000.00,9500000.00,21500000.00,-94900000.00,47300000.00,-7700000.00,68400000.00,-76400000.00,103200000.00,-35600000.00,13600000.00,-74100000.00,,,,,,,,,,,,,,,,,,,,,29200000.00,,,,,,,,,,,,,,,,,,,,,,,,,,,
totalCashflowsFromInvestingActivities,,,-2000000.00,2300000.00,-4800000.00,-3400000.00,-3400000.00,-7300000.00,-4600000.00,-8300000.00,14400000.00,-343500000.00,-2900000.00,-2000000.00,-6300000.00,-10500000.00,-49500000.00,-7100000.00,-12500000.00,-8500000.00,-46400000.00,-9000000.00,-8000000.00,-8100000.00,-5600000.00,-7700000.00,-297700000.00,-7300000.00,-6900000.00,-92200000.00,-3900000.00,-5900000.00,-3200000.00,-6900000.00,-8600000.00,-8500000.00,-8000000.00,-3300000.00,-6000000.00,-5900000.00,-3300000.00,-15500000.00,-8600000.00,-8900000.00,-7000000.00,-405200000.00,-2100000.00,40000000.00,43500000.00,46900000.00,,,,,,,,4200000.00,,,,,,,,,,,,,,,,,,,,,,,,,,,,,,,,,,,,,
netBorrowings,,,89900000.00,-99500000.00,-88500000.00,46000000.00,157700000.00,-117800000.00,-106900000.00,28800000.00,83300000.00,199600000.00,-124000000.00,85500000.00,124500000.00,-116000000.00,-174100000.00,87600000.00,128500000.00,-123300000.00,-57700000.00,145600000.00,10600000.00,-106100000.00,-75400000.00,51300000.00,314200000.00,-265500000.00,-98200000.00,187400000.00,,-70900000.00,,280200000.00,19800000.00,96000000.00,-17900000.00,42400000.00,600000.00,-79800000.00,-89800000.00,35800000.00,-20700000.00,-138400000.00,-52000000.00,552100000.00,-1000000.00,,,,,,,,,,,,,,,,,,,,,,,,,,,,,,,,,,,,,,,,,,,,,,,,
totalCashFromFinancingActivities,-115300000.00,-26800000.00,88200000.00,-106600000.00,-95600000.00,400000.00,153500000.00,-124700000.00,-112700000.00,21900000.00,68300000.00,196100000.00,-129900000.00,79300000.00,99200000.00,-129300000.00,-196000000.00,54300000.00,107600000.00,-129500000.00,-88200000.00,99100000.00,-7000000.00,-105500000.00,-105400000.00,46700000.00,306400000.00,-103900000.00,-97900000.00,130400000.00,-3800000.00,-110800000.00,-70300000.00,42900000.00,400000.00,-112600000.00,-70600000.00,42000000.00,-800000.00,-80200000.00,-89500000.00,35800000.00,-21600000.00,-138600000.00,-52100000.00,552200000.00,-1400000.00,-100000.00,-52100000.00,-10700000.00,-200000.00,1200000.00,-300000.00,-15800000.00,14800000.00,-17800000.00,-37200000.00,-23700000.00,34200000.00,-40900000.00,-54700000.00,5000000.00,52900000.00,-49400000.00,-7000000.00,12500000.00,8500000.00,-53000000.00,-19400000.00,-24300000.00,-48300000.00,-5800000.00,26500000.00,-42714000.00,4514000.00,-12562000.00,-17571000.00,14491000.00,2545000.00,-19535000.00,-19047000.00,-38000.00,-2803000.00,-9763000.00,-11067000.00,-9384000.00,-48657000.00,43112000.00,-15979000.00,-8344000.00,-6316000.00,-19189000.00,-19621000.00,-26284000.00,3701000.00
changeToOperatingActivities,,,,,-13800000.00,30600000.00,-84100000.00,36300000.00,33300000.00,-3300000.00,-41200000.00,4800000.00,35900000.00,1700000.00,-85900000.00,16300000.00,21600000.00,-13800000.00,-51200000.00,-8300000.00,16400000.00,11600000.00,-86700000.00,-3700000.00,47200000.00,2000000.00,-800000.00,-25700000.00,8700000.00,500000.00,,-18000000.00,,,,-35000000.00,,,,,,,,,,,,,,,,,,,,,,,,,,,,,,,,,,,,,,,,,,,,,,,,,,,,,,,,,,,
changeInCash,-8700000.00,-44700000.00,64900000.00,-15800000.00,-13700000.00,400000.00,50100000.00,-16900000.00,-19800000.00,2800000.00,38500000.00,-49200000.00,-43000000.00,35400000.00,65600000.00,-9900000.00,-56400000.00,-6400000.00,33500000.00,-28000000.00,-44200000.00,16500000.00,45800000.00,-24400000.00,-900000.00,-16100000.00,75400000.00,-58100000.00,4800000.00,-6200000.00,47000000.00,-15500000.00,-16000000.00,-3900000.00,37600000.00,-19300000.00,-19800000.00,-3000000.00,41800000.00,-17300000.00,-24500000.00,-6800000.00,52100000.00,-75000000.00,30500000.00,20300000.00,-47000000.00,79900000.00,-51400000.00,72800000.00,-63300000.00,68900000.00,-20200000.00,6800000.00,-15900000.00,19700000.00,-9100000.00,15400000.00,-500000.00,-16600000.00,500000.00,-4400000.00,-3700000.00,-1800000.00,8200000.00,4900000.00,-19000000.00,700000.00,8100000.00,-22700000.00,-27200000.00,20100000.00,52800000.00,10483000.00,1458000.00,-1665000.00,3976000.00,-1617000.00,-4003000.00,-1703000.00,4275000.00,-5084000.00,-6171000.00,3263000.00,-4374000.00,940000.00,-41514000.00,54467000.00,1097000.00,-1434000.00,-3331000.00,762000.00,1608000.00,-3167000.00,-1134000.00
beginPeriodCashFlow,82400000.00,127100000.00,62200000.00,78000000.00,91700000.00,91300000.00,41200000.00,58100000.00,77900000.00,75100000.00,36600000.00,85800000.00,128800000.00,93400000.00,27800000.00,37700000.00,94100000.00,100500000.00,67000000.00,95000000.00,139200000.00,122700000.00,76900000.00,101300000.00,102200000.00,118300000.00,42900000.00,101000000.00,96200000.00,102400000.00,55400000.00,70900000.00,86900000.00,90800000.00,53200000.00,72500000.00,92300000.00,95300000.00,53500000.00,70800000.00,95300000.00,102100000.00,50000000.00,125000000.00,94500000.00,74200000.00,121200000.00,41300000.00,92700000.00,19900000.00,83200000.00,14300000.00,34500000.00,27700000.00,43600000.00,23900000.00,33000000.00,17600000.00,18100000.00,34700000.00,34200000.00,38600000.00,42300000.00,44100000.00,35900000.00,31000000.00,50000000.00,49300000.00,41200000.00,63900000.00,91100000.00,71000000.00,18200000.00,7717000.00,6259000.00,7924000.00,3948000.00,5565000.00,9568000.00,11271000.00,6996000.00,12080000.00,18251000.00,14988000.00,19362000.00,18422000.00,59936000.00,5469000.00,4372000.00,5806000.00,9137000.00,8375000.00,6767000.00,9934000.00,11068000.00
endPeriodCashFlow,73700000.00,82400000.00,127100000.00,62200000.00,78000000.00,91700000.00,91300000.00,41200000.00,58100000.00,77900000.00,75100000.00,36600000.00,85800000.00,128800000.00,93400000.00,27800000.00,37700000.00,94100000.00,100500000.00,67000000.00,95000000.00,139200000.00,122700000.00,76900000.00,101300000.00,102200000.00,118300000.00,42900000.00,101000000.00,96200000.00,102400000.00,55400000.00,70900000.00,86900000.00,90800000.00,53200000.00,72500000.00,92300000.00,95300000.00,53500000.00,70800000.00,95300000.00,102100000.00,50000000.00,125000000.00,94500000.00,74200000.00,121200000.00,41300000.00,92700000.00,19900000.00,83200000.00,14300000.00,34500000.00,27700000.00,43600000.00,23900000.00,33000000.00,17600000.00,18100000.00,34700000.00,34200000.00,38600000.00,42300000.00,44100000.00,35900000.00,31000000.00,50000000.00,49300000.00,41200000.00,63900000.00,91100000.00,71000000.00,18200000.00,7717000.00,6259000.00,7924000.00,3948000.00,5565000.00,9568000.00,11271000.00,6996000.00,12080000.00,18251000.00,14988000.00,19362000.00,18422000.00,59936000.00,5469000.00,4372000.00,5806000.00,9137000.00,8375000.00,6767000.00,9934000.00
totalCashFromOperatingActivities,110000000.00,-16100000.00,-23200000.00,87200000.00,88300000.00,6300000.00,-104200000.00,115600000.00,99100000.00,-12700000.00,-42400000.00,97400000.00,89300000.00,-42300000.00,-25200000.00,128800000.00,190800000.00,-54400000.00,-61300000.00,110100000.00,91200000.00,-66900000.00,60400000.00,89200000.00,107800000.00,-57500000.00,65400000.00,55900000.00,109200000.00,-50800000.00,51600000.00,101500000.00,60800000.00,-41000000.00,49900000.00,104200000.00,61900000.00,-42400000.00,48000000.00,69300000.00,68000000.00,-28500000.00,85700000.00,72800000.00,86000000.00,-121300000.00,-45000000.00,83700000.00,7000000.00,31100000.00,-60000000.00,69800000.00,-18600000.00,30700000.00,-27000000.00,40700000.00,32200000.00,30200000.00,-31600000.00,29500000.00,48100000.00,700000.00,-41100000.00,65600000.00,30100000.00,4100000.00,-18600000.00,60200000.00,30200000.00,6400000.00,24100000.00,43000000.00,29800000.00,-1126000.00,-6374000.00,19395000.00,21971000.00,-14054000.00,-4602000.00,25707000.00,26372000.00,371000.00,-826000.00,13838000.00,9202000.00,14775000.00,8651000.00,15849000.00,20530000.00,6787000.00,7600000.00,27492000.00,22491000.00,26886000.00,-1875000.00
issuanceOfCapitalStock,,,,,,,,,,,,,,,,,,,,,,,,,,,,,,,,,,,,,,,,,,,,,,,,,,,,,,,,,,,,,,,,,,,,,,,,,,,,,,,,,,,,,,,,,,,,,,,
depreciation,18700000.00,19300000.00,19900000.00,19300000.00,18900000.00,20200000.00,21000000.00,21100000.00,21400000.00,21600000.00,21600000.00,18400000.00,17700000.00,17600000.00,17000000.00,17200000.00,17400000.00,17600000.00,18100000.00,18000000.00,17400000.00,17000000.00,18300000.00,18500000.00,17900000.00,17800000.00,17000000.00,13100000.00,13300000.00,13100000.00,12500000.00,12400000.00,12700000.00,13200000.00,13700000.00,13800000.00,13900000.00,14800000.00,15000000.00,15500000.00,15700000.00,16900000.00,16500000.00,16300000.00,16800000.00,13700000.00,7600000.00,7600000.00,8100000.00,8400000.00,8800000.00,8700000.00,9300000.00,9000000.00,9500000.00,9900000.00,10100000.00,10000000.00,9300000.00,4800000.00,11800000.00,12600000.00,13600000.00,12600000.00,12400000.00,12000000.00,11900000.00,14100000.00,14100000.00,14600000.00,13000000.00,10800000.00,,,5932000.00,4447000.00,4991000.00,5886000.00,6225000.00,5256000.00,6191000.00,6853000.00,6862000.00,6324000.00,6980000.00,7742000.00,7366000.00,9405000.00,9579000.00,10151000.00,10131000.00,9778000.00,9506000.00,9770000.00,9639000.00
otherCashflowsFromInvestingActivities,,,-2000000.00,-9500000.00,,200000.00,,,,-2800000.00,18200000.00,-340000000.00,,,600000.00,400000.00,-42300000.00,400000.00,-5300000.00,-700000.00,-37100000.00,-5400000.00,0.00,4100000.00,200000.00,100000.00,-292500000.00,-88700000.00,700000.00,100000.00,0.00,100000.00,2700000.00,100000.00,100000.00,3800000.00,3800000.00,3000000.00,800000.00,500000.00,300000.00,3800000.00,-1300000.00,3400000.00,700000.00,-396900000.00,-100000.00,53500000.00,54100000.00,54000000.00,,,,,,6400000.00,7200000.00,8600000.00,,24800000.00,21900000.00,3900000.00,600000.00,3900000.00,800000.00,300000.00,,11700000.00,9000000.00,1300000.00,1100000.00,1000000.00,1000000.00,,400000.00,,,,,,,,,,,,,,,,,,,,
dividendsPaid,-7200000.00,-14200000.00,-7300000.00,-7100000.00,7100000.00,7100000.00,7300000.00,7200000.00,6200000.00,6200000.00,6200000.00,6200000.00,6100000.00,6100000.00,6200000.00,6300000.00,5900000.00,6000000.00,6200000.00,6200000.00,6200000.00,6300000.00,6400000.00,6800000.00,0.00,0.00,0.00,0.00,0.00,0.00,0.00,0.00,0.00,0.00,0.00,0.00,0.00,0.00,0.00,0.00,0.00,0.00,0.00,0.00,0.00,0.00,0.00,0.00,0.00,0.00,,,,,,,,,,,,,,,,,,,,,,625000000.00,625000000.00,,,,,,,,,,,,,,,,,,,,,,
changeToInventory,25400000.00,35100000.00,-25000000.00,44100000.00,30500000.00,-14100000.00,-37300000.00,-15600000.00,-38300000.00,-23500000.00,-54400000.00,30600000.00,38000000.00,-40200000.00,-26200000.00,36600000.00,61400000.00,30700000.00,-57300000.00,-11700000.00,-6500000.00,-31200000.00,-43500000.00,50900000.00,26600000.00,-43800000.00,-31200000.00,48000000.00,39400000.00,-17700000.00,-53000000.00,47100000.00,54400000.00,-38900000.00,-52800000.00,49100000.00,33800000.00,-28400000.00,-42900000.00,37400000.00,33900000.00,-40200000.00,-24600000.00,61900000.00,28400000.00,-24700000.00,-3800000.00,18900000.00,-3300000.00,-3700000.00,-6500000.00,18600000.00,-12300000.00,-19400000.00,3300000.00,12400000.00,20200000.00,25500000.00,20600000.00,-19700000.00,18800000.00,8600000.00,-16100000.00,7500000.00,10500000.00,-24300000.00,-9300000.00,6800000.00,15700000.00,-31600000.00,-900000.00,12500000.00,,,-5206000.00,10672000.00,-1677000.00,-13346000.00,-9377000.00,4969000.00,-2503000.00,,,456000.00,-4516000.00,4197000.00,3836000.00,-2360000.00,1738000.00,1952000.00,8245000.00,4662000.00,-4141000.00,,
changeToAccountReceivables,64300000.00,-122000000.00,88600000.00,-17200000.00,61200000.00,-96500000.00,84100000.00,-59300000.00,36200000.00,-88900000.00,34400000.00,22900000.00,19900000.00,-53200000.00,112000000.00,-68800000.00,83700000.00,-137800000.00,108100000.00,-200000.00,38400000.00,-154200000.00,162000000.00,-54400000.00,13400000.00,-114100000.00,165300000.00,-54300000.00,7100000.00,-92400000.00,153000000.00,-44600000.00,-18700000.00,-97800000.00,157200000.00,-51900000.00,-35800000.00,-79700000.00,187800000.00,-85000000.00,-8900000.00,-94400000.00,188800000.00,-87800000.00,12700000.00,-118300000.00,39600000.00,-17100000.00,2000000.00,700000.00,15000000.00,-19300000.00,-9600000.00,-6900000.00,17300000.00,-4600000.00,7700000.00,12800000.00,25600000.00,80800000.00,75200000.00,66200000.00,64600000.00,21900000.00,43700000.00,40100000.00,46700000.00,23700000.00,38700000.00,41000000.00,35700000.00,6100000.00,24600000.00,,,,,,,6700000.00,,,,,,,,,,,,,,,
salePurchaseOfStock,0.00,,,0.00,-19400000.00,-19400000.00,4300000.00,7300000.00,400000.00,100000.00,1900000.00,205000000.00,200000.00,0.00,-18900000.00,-8200000.00,-18900000.00,-27400000.00,-10500000.00,-6800000.00,-24800000.00,-41100000.00,-9100000.00,-300000.00,-30300000.00,-4600000.00,1400000.00,4900000.00,300000.00,1300000.00,300000.00,-14000000.00,-6000000.00,-25400000.00,-14600000.00,-16500000.00,2900000.00,0.00,0.00,0.00,0.00,0.00,0.00,-200000.00,-100000.00,100000.00,-400000.00,0.00,0.00,0.00,,,,,,,,,,,,,,,,,,,,,,,,,,,,,,,,,,,,,,,,,,,,,
otherCashflowsFromFinancingActivities,14000000.00,6800000.00,102400000.00,13900000.00,8100000.00,22800000.00,171100000.00,-400000.00,3100000.00,48300000.00,583500000.00,-1600000.00,6800000.00,95900000.00,-1700000.00,-3200000.00,3000000.00,-3400000.00,124300000.00,7900000.00,-700000.00,189400000.00,-7400000.00,13400000.00,600000.00,57100000.00,400800000.00,417700000.00,-24700000.00,130400000.00,-3800000.00,-46800000.00,-48300000.00,68300000.00,15000000.00,-100000.00,-45500000.00,42000000.00,-800000.00,-2200000.00,-57100000.00,584900000.00,-1600000.00,-500000.00,-7000000.00,1233900000.00,-1300000.00,62900000.00,-41100000.00,300000.00,-200000.00,1900000.00,-200000.00,-15500000.00,15400000.00,-3400000.00,450200000.00,-16100000.00,34900000.00,-40900000.00,-54700000.00,4900000.00,52700000.00,-50000000.00,-7600000.00,11300000.00,6600000.00,-56200000.00,-20100000.00,-29800000.00,-51900000.00,620215000.00,26500000.00,-42714000.00,3499000.00,76691000.00,-4503000.00,131396000.00,17061000.00,10732000.00,-1269000.00,3403000.00,71714000.00,194472000.00,-993000.00,-10071000.00,-48891000.00,45113000.00,-15145000.00,-7584000.00,-6327000.00,-19045000.00,-1623000.00,-8266000.00,3799000.00
changeToNetincome,,,6700000.00,-500000.00,97200000.00,-7300000.00,7500000.00,-15400000.00,8700000.00,9100000.00,15200000.00,-5500000.00,1800000.00,3000000.00,900000.00,12900000.00,1100000.00,3600000.00,2100000.00,25600000.00,-1200000.00,4300000.00,3300000.00,-41600000.00,4300000.00,5400000.00,2400000.00,37500000.00,9800000.00,-31200000.00,2500000.00,3100000.00,100000.00,5700000.00,5300000.00,2400000.00,1300000.00,4000000.00,7100000.00,1400000.00,2100000.00,10800000.00,5900000.00,5900000.00,-2300000.00,17100000.00,11300000.00,,,600000.00,,7700000.00,8200000.00,3300000.00,,,,,,9500000.00,,,,12400000.00,,,,300000.00,,,,,4500000.00,,,12000000.00,,,,9400000.00,,,,,,,,,,,,,,,
capitalExpenditures,3600000,4100000,2000000,4700000,4800000,3600000,3400000,7300000,4600000,5500000,3800000,3500000,2900000,2000000,6900000,10900000,7200000,7500000,7200000,7800000,9300000,9000000,8000000,12200000,5800000,7800000,5200000,7400000,4200000,3000000,3900000,6200000,5800000,6900000,8700000,8500000,8000000,6300000,6800000,6400000,3600000,19300000,7300000,12300000,7700000,8300000,2000000,2900000,3500000,3500000,5000000,2800000,4100000,2600000,3100000,2600000,3600000,5700000,1800000,4600000,8900000,13700000,16300000,21000000,16200000,12900000,9000000,11000000,10000000,7200000,4900000,15200000,6500000,11350000,1450000,1575000,2178000,2018000,1576000,2518000,1944000,2583000,1423000,2716000,2103000,2503000,1688000,5285000,2343000,4116000,3153000,6896000,3707000,5278000,3728000
changeReceivables,,,88600000.00,-17200000.00,61200000.00,-96500000.00,84100000.00,-59300000.00,36200000.00,-88900000.00,34400000.00,22900000.00,19900000.00,-53200000.00,112000000.00,-68800000.00,83700000.00,-137800000.00,108100000.00,-200000.00,38400000.00,-154200000.00,162000000.00,-54400000.00,13400000.00,-114100000.00,165300000.00,-54300000.00,7100000.00,-92400000.00,153000000.00,-44600000.00,-18700000.00,-97800000.00,157200000.00,-51900000.00,-35800000.00,-79700000.00,187800000.00,-85000000.00,-8900000.00,-94400000.00,188800000.00,-87800000.00,12700000.00,-118300000.00,39600000.00,,,,,,,,,,,,,,,,,,,,,,,,,,,,,,,,,,,,,,,,,,,,,,,,
cashFlowsOtherOperating,,,3600000.00,20500000.00,-1400000.00,-20300000.00,-7600000.00,13200000.00,17800000.00,-18900000.00,-13300000.00,15700000.00,4900000.00,7900000.00,-13800000.00,2200000.00,6800000.00,700000.00,-10100000.00,6100000.00,7800000.00,-400000.00,-8000000.00,9200000.00,8700000.00,-12900000.00,-800000.00,20200000.00,,500000.00,-9200000.00,33300000.00,4400000.00,-3900000.00,-5200000.00,24600000.00,3900000.00,3300000.00,-17300000.00,600000.00,5300000.00,-700000.00,-17400000.00,-14800000.00,8800000.00,-118600000.00,-9700000.00,,,,,,,,,,,,,,,,,,,,,,,,,,,,,,,,,,,,,,,,,,,,,,,,
exchangeRateChanges,,,,,,,,-200000.00,,,-1800000.00,800000.00,500000.00,400000.00,-2100000.00,1100000.00,-1700000.00,800000.00,-300000.00,-100000.00,-800000.00,-6700000.00,400000.00,,2300000.00,2400000.00,1300000.00,-2800000.00,400000.00,2500000.00,3100000.00,-300000.00,-3300000.00,1100000.00,-4100000.00,-2400000.00,-3100000.00,700000.00,600000.00,-500000.00,300000.00,1400000.00,-3400000.00,-300000.00,3600000.00,-5400000.00,1500000.00,,,,,,,,,,,,,,,,,,,,,,,,,,,,,,,,,,,,,,,,,,,,,,,,
cashAndCashEquivalentsChanges,,,63000000.00,-17100000.00,-12100000.00,3300000.00,45900000.00,-18400000.00,-18200000.00,2700000.00,38500000.00,-49200000.00,-43000000.00,35400000.00,65600000.00,-9900000.00,-56400000.00,-6400000.00,33500000.00,-28000000.00,-44200000.00,16500000.00,45800000.00,-24400000.00,-900000.00,-16100000.00,75400000.00,-58100000.00,4800000.00,-6200000.00,47000000.00,-15500000.00,-16000000.00,-3900000.00,37600000.00,-19300000.00,-19800000.00,-3000000.00,41800000.00,-17300000.00,-24500000.00,-6800000.00,52100000.00,-75000000.00,30500000.00,20300000.00,-47000000.00,,,,,,,,,,,,,,,,,,,,,,,,,,,,,,,,,,,,,,,,,,,,,,,,
changeInWorkingCapital,75600000.00,-65900000.00,-46900000.00,48900000.00,40300000.00,-37500000.00,-130700000.00,55700000.00,48200000.00,-92700000.00,-62000000.00,54000000.00,50400000.00,-68900000.00,-51600000.00,53900000.00,143500000.00,-112000000.00,-81500000.00,30800000.00,38900000.00,-114400000.00,27900000.00,38200000.00,54500000.00,-104700000.00,40100000.00,-7400000.00,61800000.00,-95900000.00,31100000.00,26200000.00,14600000.00,-88400000.00,35800000.00,21800000.00,11400000.00,-83300000.00,32700000.00,5600000.00,22600000.00,-66900000.00,77400000.00,86600000.00,12300000.00,-128400000.00,-48000000.00,60000000.00,-16500000.00,17500000.00,-66900000.00,42500000.00,-32500000.00,12400000.00,-35500000.00,23100000.00,14900000.00,30100000.00,-38900000.00,49600000.00,43200000.00,-30600000.00,-52500000.00,45300000.00,7800000.00,-16300000.00,-33800000.00,51900000.00,-10400000.00,-6200000.00,7000000.00,-15400000.00,763000000.00,-468917000.00,-10668000.00,7658000.00,1754000.00,-15515000.00,-12202000.00,3105000.00,11665000.00,-19846000.00,-554000.00,-2400000.00,-2022000.00,-731000.00,-6467000.00,10874000.00,5383000.00,-3338000.00,-5003000.00,2528000.00,18856000.00,6873000.00,-15604000.00
stockBasedCompensation,1500000.00,3300000.00,5600000.00,1700000.00,600000.00,2300000.00,4900000.00,3000000.00,3200000.00,4200000.00,4800000.00,1300000.00,1800000.00,2500000.00,900000.00,3800000.00,900000.00,3400000.00,2000000.00,2800000.00,-1200000.00,4000000.00,3200000.00,5100000.00,4100000.00,5400000.00,2400000.00,7300000.00,4200000.00,4600000.00,3300000.00,5500000.00,2900000.00,4600000.00,3000000.00,4100000.00,3900000.00,4600000.00,3100000.00,4700000.00,4300000.00,5100000.00,2300000.00,3700000.00,1400000.00,2400000.00,1700000.00,2500000.00,1000000.00,2000000.00,800000.00,1700000.00,100000.00,1600000.00,800000.00,500000.00,800000.00,800000.00,900000.00,5500000.00,,,900000.00,11400000.00,,,3700000.00,18600000.00,,,4500000.00,,,,,,,,,,,,,,,,,,,,,,,,
otherNonCashItems,800000.00,700000.00,1900000.00,-2800000.00,97200000.00,-18100000.00,3300000.00,3300000.00,6100000.00,5600000.00,9900000.00,1500000.00,600000.00,1100000.00,500000.00,1700000.00,1000000.00,500000.00,600000.00,800000.00,500000.00,500000.00,500000.00,-1400000.00,500000.00,500000.00,2300000.00,30800000.00,1600000.00,1300000.00,700000.00,-1400000.00,900000.00,800000.00,900000.00,1800000.00,1100000.00,1100000.00,1300000.00,-1400000.00,2100000.00,1200000.00,5500000.00,-7300000.00,300000.00,-103200000.00,11100000.00,-108500000.00,11700000.00,3200000.00,-8100000.00,-102100000.00,-1400000.00,2800000.00,2900000.00,-106500000.00,200000.00,105400000.00,2800000.00,178300000.00,25800000.00,65400000.00,1900000.00,23900000.00,1200000.00,3900000.00,4000000.00,-2500000.00,8400000.00,7800000.00,-400000.00,400000.00,26200000.00,-31161000.00,1797000.00,738000.00,9162000.00,-4941000.00,924000.00,20453000.00,3630000.00,18488000.00,-7217000.00,6707000.00,4665000.00,89242000.00,15103000.00,9382000.00,5799000.00,4294000.00,3580000.00,13634000.00,-6440000.00,9857000.00,4164000.00
freeCashFlow,106400000.00,-20200000.00,-25200000.00,82500000.00,83500000.00,2700000.00,-107600000.00,108300000.00,94500000.00,-18200000.00,-46200000.00,93900000.00,86400000.00,-44300000.00,-32100000.00,117900000.00,183600000.00,-61900000.00,-68500000.00,102300000.00,81900000.00,-75900000.00,52400000.00,77000000.00,102000000.00,-65300000.00,60200000.00,48500000.00,105000000.00,-53800000.00,47700000.00,95300000.00,55000000.00,-47900000.00,41200000.00,95700000.00,53900000.00,-48700000.00,41200000.00,62900000.00,64400000.00,-47800000.00,78400000.00,60500000.00,78300000.00,-129600000.00,-47000000.00,80800000.00,3500000.00,27600000.00,-65000000.00,67000000.00,-22700000.00,28100000.00,-30100000.00,38100000.00,28600000.00,24500000.00,-33400000.00,24900000.00,39200000.00,-13000000.00,-57400000.00,44600000.00,13900000.00,-8800000.00,-27600000.00,49200000.00,20200000.00,-800000.00,19200000.00,27800000.00,23300000.00,-12476000.00,-7824000.00,17820000.00,19793000.00,-16072000.00,-6178000.00,23189000.00,24428000.00,-2212000.00,-2249000.00,11122000.00,7099000.00,12272000.00,6963000.00,10564000.00,18187000.00,2671000.00,4447000.00,20596000.00,18784000.00,21608000.00,-5603000.00
researchDevelopment,,,,,,,,,,,,,,,,,,,,23800000.00,0.00,0.00,0.00,23500000.00,0.00,0.00,0.00,21000000.00,0.00,0.00,0.00,20000000.00,0.00,0.00,0.00,20200000.00,0.00,0.00,0.00,22500000.00,0.00,0.00,0.00,20800000.00,0.00,0.00,0.00,20500000.00,0.00,0.00,0.00,24000000.00,0.00,0.00,0.00,18600000.00,0.00,0.00,0.00,22300000.00,0.00,0.00,0.00,28600000.00,0.00,0.00,0.00,19100000.00,0.00,0.00,0.00,16800000.00,0.00,0.00,0.00,8100000.00,0.00,0.00,0.00,8300000.00,0.00,0.00,0.00,,,,,,,,,,,,
effectOfAccountingCharges,,,,,,,,,,,,,,,,,,,,0.00,0.00,0.00,0.00,0.00,0.00,0.00,0.00,0.00,0.00,0.00,0.00,0.00,0.00,0.00,0.00,0.00,0.00,0.00,0.00,0.00,0.00,0.00,0.00,0.00,0.00,0.00,0.00,0.00,0.00,0.00,0.00,0.00,0.00,0.00,0.00,0.00,0.00,0.00,0.00,0.00,0.00,0.00,0.00,0.00,0.00,0.00,0.00,0.00,0.00,0.00,0.00,0.00,0.00,0.00,0.00,0.00,0.00,0.00,0.00,0.00,0.00,0.00,0.00,,,,,,,,,,,,
incomeBeforeTax,21600000.00,42000000.00,-3300000.00,28700000.00,-64600000.00,51800000.00,-1000000.00,57200000.00,30200000.00,50300000.00,-26300000.00,32700000.00,25600000.00,9200000.00,11100000.00,62100000.00,40200000.00,51200000.00,10000000.00,58800000.00,49000000.00,44000000.00,6100000.00,70100000.00,49800000.00,38100000.00,100000.00,18100000.00,37700000.00,71900000.00,-2600000.00,50100000.00,47900000.00,39100000.00,-5700000.00,59200000.00,53600000.00,34900000.00,-10700000.00,58100000.00,41000000.00,16100000.00,-23500000.00,48700000.00,41600000.00,-81300000.00,-13400000.00,19700000.00,15400000.00,12300000.00,-4500000.00,20200000.00,13800000.00,7400000.00,2300000.00,11600000.00,8800000.00,-3500000.00,-4800000.00,-171800000.00,-17400000.00,-54200000.00,-2600000.00,-2900000.00,13500000.00,6000000.00,-1000000.00,11600000.00,11400000.00,-15200000.00,-200000.00,29200000.00,24700000.00,22000000.00,-3284000.00,10340000.00,8015000.00,4543000.00,978000.00,4713000.00,7481000.00,-7181000.00,-645000.00,4625000.00,356000.00,1730000.00,-5652000.00,-17662000.00,-272000.00,-4370000.00,-2016000.00,3822000.00,2314000.00,771000.00,-148000.00
minorityInterest,,,,,,,,,,,,,,,,,,,,0.00,0.00,0.00,0.00,0.00,0.00,0.00,0.00,0.00,0.00,0.00,0.00,0.00,0.00,0.00,0.00,0.00,0.00,0.00,0.00,0.00,0.00,0.00,0.00,0.00,0.00,0.00,0.00,0.00,0.00,0.00,0.00,0.00,0.00,0.00,0.00,0.00,0.00,0.00,0.00,100000.00,0.00,0.00,0.00,100000.00,200000.00,200000.00,100000.00,0.00,200000.00,-100000.00,100000.00,200000.00,0.00,0.00,0.00,0.00,0.00,0.00,0.00,0.00,0.00,0.00,0.00,,,,,,,,,,,,
sellingGeneralAdministrative,98800000.00,98000000.00,95000000.00,92400000.00,91700000.00,91600000.00,101400000.00,99100000.00,101800000.00,97700000.00,100700000.00,88600000.00,84400000.00,77200000.00,86100000.00,102100000.00,96400000.00,95500000.00,95900000.00,97800000.00,92800000.00,100000000.00,101800000.00,104800000.00,107500000.00,101800000.00,92000000.00,87700000.00,82300000.00,79600000.00,71200000.00,76300000.00,74100000.00,72400000.00,72900000.00,81400000.00,84200000.00,81100000.00,81900000.00,84900000.00,82600000.00,87100000.00,89600000.00,101700000.00,87100000.00,92900000.00,72200000.00,75400000.00,70600000.00,73600000.00,77800000.00,81100000.00,69300000.00,71700000.00,71900000.00,75200000.00,68900000.00,64400000.00,64600000.00,171600000.00,91100000.00,99900000.00,107500000.00,115600000.00,107200000.00,113200000.00,112900000.00,118400000.00,112600000.00,109600000.00,107500000.00,84000000.00,88500000.00,84000000.00,60612000.00,56531000.00,56723000.00,55822000.00,56199000.00,54108000.00,54665000.00,56416000.00,57549000.00,56695000.00,56081000.00,58315000.00,55485000.00,74299000.00,75783000.00,75101000.00,79090000.00,90568000.00,84218000.00,85247000.00,84180000.00
sellingAndMarketingExpenses,,,,,,,,,,,,,,,,,,,,,,,,,,,,,,,,,,,,,,,,,,,,,,,,,,,,,,,,,,,,93700000.00,93700000.00,,,,,,,,,,,,,,,,,,,,,,,,,,,,,,,,,,
grossProfit,144800000.00,164200000.00,119300000.00,145300000.00,137400000.00,150000000.00,119600000.00,178100000.00,157200000.00,164100000.00,115500000.00,143100000.00,127100000.00,110000000.00,112200000.00,186000000.00,155900000.00,165800000.00,125800000.00,177100000.00,160800000.00,162400000.00,127500000.00,199200000.00,177900000.00,168500000.00,110800000.00,153700000.00,144200000.00,134800000.00,82400000.00,137800000.00,133700000.00,126700000.00,80200000.00,156900000.00,151900000.00,130600000.00,88300000.00,169900000.00,141100000.00,137100000.00,96700000.00,178100000.00,151200000.00,124300000.00,83800000.00,112900000.00,107100000.00,105500000.00,89200000.00,119000000.00,102200000.00,99000000.00,95200000.00,108500000.00,99900000.00,88800000.00,82100000.00,99400000.00,129800000.00,128500000.00,126100000.00,174200000.00,148200000.00,138700000.00,129200000.00,165300000.00,146400000.00,126000000.00,130500000.00,155500000.00,121700000.00,108900000.00,68064000.00,74543000.00,69954000.00,67588000.00,65325000.00,72594000.00,69949000.00,68192000.00,67470000.00,72720000.00,69321000.00,69746000.00,65940000.00,72511000.00,87816000.00,87185000.00,92776000.00,108889000.00,101129000.00,100795000.00,100245000.00
reconciledDepreciation,18700000.00,19300000.00,19900000.00,19300000.00,18900000.00,20200000.00,21000000.00,21100000.00,21400000.00,21600000.00,21600000.00,18400000.00,17700000.00,17600000.00,17000000.00,17200000.00,17400000.00,17600000.00,18100000.00,18000000.00,17400000.00,17000000.00,18300000.00,18500000.00,17900000.00,17800000.00,17000000.00,13100000.00,13300000.00,13100000.00,12500000.00,12400000.00,12700000.00,13200000.00,13700000.00,13800000.00,13900000.00,14800000.00,15000000.00,15500000.00,15700000.00,16900000.00,16500000.00,16300000.00,16800000.00,13700000.00,7600000.00,7600000.00,8100000.00,8400000.00,8800000.00,8700000.00,9300000.00,9000000.00,9500000.00,9900000.00,10100000.00,10000000.00,9300000.00,4800000.00,11800000.00,12600000.00,13600000.00,12600000.00,12400000.00,12000000.00,11900000.00,14100000.00,14100000.00,14600000.00,13000000.00,10800000.00,1400000.00,400000.00,5932000.00,4447000.00,4991000.00,5886000.00,6225000.00,5256000.00,6191000.00,6853000.00,6862000.00,6324000.00,6980000.00,7742000.00,7366000.00,9405000.00,9579000.00,10151000.00,10131000.00,9778000.00,9506000.00,9770000.00,9639000.00
ebit,40200000.00,57500000.00,13900000.00,49000000.00,44100000.00,55400000.00,11600000.00,71800000.00,46600000.00,66800000.00,-2500000.00,46400000.00,36300000.00,25600000.00,20000000.00,78900000.00,53800000.00,62900000.00,23100000.00,72900000.00,61700000.00,56000000.00,20200000.00,85500000.00,62800000.00,61200000.00,11400000.00,31500000.00,51100000.00,89100000.00,8100000.00,61000000.00,58900000.00,50600000.00,5000000.00,75600000.00,66600000.00,47100000.00,1700000.00,83300000.00,55800000.00,35500000.00,1900000.00,9300000.00,60800000.00,27500000.00,11600000.00,38300000.00,37800000.00,31500000.00,14400000.00,39900000.00,33500000.00,26700000.00,22700000.00,33900000.00,30500000.00,22900000.00,16100000.00,13100000.00,40300000.00,29800000.00,20400000.00,63300000.00,46800000.00,23600000.00,13500000.00,63100000.00,34700000.00,25700000.00,25800000.00,50000000.00,31000000.00,25000000.00,7564000.00,16258000.00,15041000.00,11142000.00,9416000.00,19335000.00,15027000.00,19834000.00,11463000.00,15631000.00,13253000.00,13871000.00,14361000.00,-10663000.00,10839000.00,13708000.00,8513000.00,14911000.00,13667000.00,12228000.00,14481000.00
ebitda,58900000.00,76800000.00,33800000.00,59000000.00,63000000.00,75300000.00,32600000.00,92900000.00,68000000.00,78400000.00,19100000.00,64800000.00,44200000.00,43200000.00,37000000.00,87500000.00,71200000.00,71800000.00,41200000.00,82400000.00,79100000.00,73000000.00,38500000.00,104000000.00,80700000.00,79000000.00,28400000.00,44600000.00,56900000.00,102200000.00,20600000.00,65700000.00,71600000.00,63800000.00,18700000.00,80900000.00,80500000.00,61900000.00,16700000.00,98800000.00,71500000.00,52400000.00,18400000.00,25600000.00,77600000.00,41200000.00,19200000.00,45900000.00,45900000.00,33100000.00,16100000.00,48600000.00,42800000.00,35700000.00,32200000.00,43800000.00,40600000.00,24800000.00,25400000.00,17900000.00,52100000.00,42400000.00,34000000.00,75900000.00,59200000.00,35600000.00,25400000.00,77200000.00,48800000.00,40300000.00,38800000.00,60800000.00,32400000.00,25400000.00,13496000.00,20705000.00,20032000.00,17028000.00,15641000.00,24591000.00,21218000.00,26687000.00,18325000.00,21955000.00,20233000.00,21613000.00,21727000.00,-1258000.00,20418000.00,23859000.00,18644000.00,24689000.00,23173000.00,21998000.00,24120000.00
depreciationAndAmortization,18700000.00,19300000.00,19900000.00,10000000.00,18900000.00,19900000.00,21000000.00,21100000.00,21400000.00,11600000.00,21600000.00,18400000.00,7900000.00,17600000.00,17000000.00,8600000.00,17400000.00,8900000.00,18100000.00,9500000.00,17400000.00,17000000.00,18300000.00,18500000.00,17900000.00,17800000.00,17000000.00,13100000.00,5800000.00,13100000.00,12500000.00,4700000.00,12700000.00,13200000.00,13700000.00,5300000.00,13900000.00,14800000.00,15000000.00,15500000.00,15700000.00,16900000.00,16500000.00,16300000.00,16800000.00,13700000.00,7600000.00,7600000.00,8100000.00,1600000.00,1700000.00,8700000.00,9300000.00,9000000.00,9500000.00,9900000.00,10100000.00,1900000.00,9300000.00,4800000.00,11800000.00,12600000.00,13600000.00,12600000.00,12400000.00,12000000.00,11900000.00,14100000.00,14100000.00,14600000.00,13000000.00,10800000.00,1400000.00,400000.00,5932000.00,4447000.00,4991000.00,5886000.00,6225000.00,5256000.00,6191000.00,6853000.00,6862000.00,6324000.00,6980000.00,7742000.00,7366000.00,9405000.00,9579000.00,10151000.00,10131000.00,9778000.00,9506000.00,9770000.00,9639000.00
nonOperatingIncomeNetOther,,,600000.00,4800000.00,10000000.00,5900000.00,500000.00,1600000.00,500000.00,9500000.00,-12800000.00,-600000.00,100000.00,-900000.00,800000.00,2200000.00,1600000.00,100000.00,1100000.00,900000.00,500000.00,-200000.00,1600000.00,300000.00,1800000.00,3500000.00,600000.00,-28800000.00,-5000000.00,39300000.00,1600000.00,4200000.00,4100000.00,1200000.00,2900000.00,-3100000.00,4300000.00,3200000.00,1200000.00,4300000.00,3200000.00,-8300000.00,1400000.00,62000000.00,3300000.00,-60100000.00,1700000.00,,600000.00,1200000.00,,,,,,,,,,,,,,,,,,,,,,,,,,,,,,,,,,,,,,,,,,,,,
operatingIncome,32200000.00,55200000.00,13900000.00,49000000.00,44100000.00,55400000.00,11600000.00,63600000.00,38600000.00,49900000.00,-1100000.00,42200000.00,34300000.00,18500000.00,17400000.00,68100000.00,48800000.00,61400000.00,17900000.00,66000000.00,57500000.00,51800000.00,11700000.00,79600000.00,58700000.00,45400000.00,9300000.00,59700000.00,55700000.00,45400000.00,6500000.00,56900000.00,54800000.00,49200000.00,2600000.00,68500000.00,61800000.00,43900000.00,-600000.00,66800000.00,50300000.00,37900000.00,-9200000.00,67300000.00,56400000.00,11600000.00,4000000.00,35900000.00,35400000.00,30600000.00,13300000.00,35900000.00,31200000.00,26300000.00,21600000.00,27900000.00,27500000.00,11000000.00,13400000.00,-177700000.00,-1300000.00,-38000000.00,10900000.00,12100000.00,27000000.00,20400000.00,13000000.00,25800000.00,25500000.00,-100000.00,13700000.00,45400000.00,31500000.00,24500000.00,6349000.00,18066000.00,12249000.00,11725000.00,8115000.00,16984000.00,15096000.00,3203000.00,8328000.00,15133000.00,11631000.00,10123000.00,6023000.00,-3756000.00,8235000.00,5013000.00,8489000.00,15573000.00,14183000.00,12228000.00,11831000.00
otherOperatingExpenses,412800000.00,438400000.00,389200000.00,456500000.00,452000000.00,473100000.00,431900000.00,502400000.00,482900000.00,463000000.00,401000000.00,414300000.00,409300000.00,341900000.00,366400000.00,462100000.00,454800000.00,457300000.00,373300000.00,459500000.00,448700000.00,444900000.00,389400000.00,481600000.00,471200000.00,432300000.00,349000000.00,377300000.00,375200000.00,360300000.00,271600000.00,355300000.00,358800000.00,345300000.00,287900000.00,387500000.00,409900000.00,383800000.00,328900000.00,424700000.00,416600000.00,396400000.00,351500000.00,459700000.00,444000000.00,412400000.00,278800000.00,314700000.00,304100000.00,299900000.00,285200000.00,336300000.00,299500000.00,290900000.00,289300000.00,321300000.00,293300000.00,281300000.00,277600000.00,162300000.00,431500000.00,476400000.00,410900000.00,512400000.00,456300000.00,442100000.00,432200000.00,476300000.00,467900000.00,449700000.00,448100000.00,465800000.00,389900000.00,255000000.00,172700000.00,173938000.00,162731000.00,162650000.00,161993000.00,163934000.00,159996000.00,159563000.00,159702000.00,163383000.00,162858000.00,163119000.00,162070000.00,182658000.00,187674000.00,188985000.00,202201000.00,210002000.00,211505000.00,209301000.00,224678000.00
interestExpense,15600000.00,15500000.00,13900000.00,13000000.00,12100000.00,10800000.00,9700000.00,10300000.00,11200000.00,11600000.00,13200000.00,10100000.00,10200000.00,9900000.00,8600000.00,9600000.00,11500000.00,11700000.00,10400000.00,10300000.00,11600000.00,9900000.00,9400000.00,9800000.00,10700000.00,10800000.00,9800000.00,12800000.00,13000000.00,12800000.00,10700000.00,11000000.00,11000000.00,11300000.00,11200000.00,12500000.00,12500000.00,12200000.00,11300000.00,13000000.00,12500000.00,13500000.00,15700000.00,19300000.00,18100000.00,32800000.00,19100000.00,17900000.00,20600000.00,19500000.00,19200000.00,19400000.00,19600000.00,19700000.00,19500000.00,19400000.00,15700000.00,15800000.00,16100000.00,63700000.00,16800000.00,15800000.00,16100000.00,64100000.00,16500000.00,16000000.00,14900000.00,61100000.00,16500000.00,15300000.00,15400000.00,8500000.00,300000.00,2000000.00,2000000.00,2500000.00,2100000.00,1700000.00,2200000.00,8000000.00,0.00,0.00,0.00,,,,,,,,,,,,
taxProvision,6700000.00,15600000.00,400000.00,9900000.00,4100000.00,12400000.00,1700000.00,3700000.00,10000000.00,1700000.00,-5900000.00,2900000.00,6800000.00,3800000.00,3100000.00,18600000.00,12200000.00,15300000.00,10600000.00,,,,,,,,,,,,,,,,,,,,,,,,,,,,,,,,,,,,,,,,,,,,,,,,,,,,,,,,,,,,,,,,,,,,,,,,,,,,
interestIncome,1600000.00,2200000.00,2400000.00,2100000.00,2600000.00,2200000.00,1400000.00,700000.00,600000.00,500000.00,100000.00,200000.00,200000.00,300000.00,300000.00,300000.00,700000.00,1300000.00,900000.00,,,,,,,,,,,,,,,,,,,,,,,,,,,,,,,,,,,,,,,,,,,,,,,,,,,,,,,,,,,,,,,,,,,,,,,,,,,,
netInterestIncome,-14000000.00,-13300000.00,-11500000.00,-10900000.00,-9500000.00,-8600000.00,-8300000.00,-9600000.00,-10600000.00,-11100000.00,-13100000.00,-9900000.00,-10000000.00,-9600000.00,-8300000.00,-9300000.00,-10800000.00,-10400000.00,-9500000.00,,,,,,,,,,,,,,,,,,,,,,,,,,,,,,,,,,,,,,,,,,,,,,,,,,,,,,,,,,,,,,,,,,,,,,,,,,,,
extraordinaryItems,,,,,,,,,,,,,,,,,,,,-3100000.00,0.00,0.00,0.00,0.00,0.00,0.00,0.00,0.00,0.00,0.00,0.00,0.00,0.00,0.00,0.00,0.00,0.00,0.00,0.00,0.00,0.00,0.00,0.00,0.00,0.00,0.00,0.00,0.00,0.00,0.00,0.00,0.00,0.00,0.00,0.00,0.00,0.00,0.00,0.00,0.00,0.00,0.00,0.00,0.00,0.00,0.00,0.00,0.00,0.00,0.00,0.00,3300000.00,0.00,-3300000.00,3300000.00,0.00,0.00,0.00,0.00,0.00,0.00,0.00,0.00,,,,,,,,,,,,
nonRecurring,,,3300000.00,7300000.00,98800000.00,1900000.00,300000.00,1800000.00,300000.00,,3900000.00,3600000.00,500000.00,6500000.00,300000.00,7200000.00,2100000.00,,2700000.00,3800000.00,1100000.00,2100000.00,4700000.00,5600000.00,2300000.00,12300000.00,1500000.00,600000.00,400000.00,4400000.00,0.00,-700000.00,0.00,-200000.00,500000.00,-7100000.00,500000.00,0.00,1100000.00,12200000.00,2300000.00,5900000.00,9700000.00,2700000.00,800000.00,14700000.00,6100000.00,0.00,-400000.00,-300000.00,0.00,0.00,0.00,0.00,0.00,0.00,0.00,0.00,0.00,0.00,0.00,0.00,0.00,0.00,0.00,0.00,0.00,0.00,0.00,0.00,0.00,0.00,0.00,0.00,0.00,0.00,0.00,0.00,0.00,0.00,0.00,0.00,0.00,,,,,,,,,,,,
otherItems,,,,,,,,,,,,,,,,,,,,0.00,0.00,0.00,0.00,0.00,0.00,0.00,0.00,0.00,0.00,0.00,0.00,0.00,0.00,0.00,0.00,0.00,0.00,0.00,0.00,0.00,0.00,0.00,0.00,0.00,0.00,0.00,0.00,0.00,0.00,0.00,0.00,0.00,0.00,0.00,0.00,0.00,0.00,0.00,0.00,0.00,0.00,0.00,0.00,0.00,0.00,0.00,0.00,0.00,0.00,0.00,0.00,0.00,0.00,0.00,0.00,0.00,0.00,0.00,0.00,0.00,0.00,0.00,0.00,,,,,,,,,,,,
incomeTaxExpense,6700000.00,15600000.00,400000.00,9900000.00,4100000.00,12400000.00,1700000.00,3700000.00,10000000.00,1700000.00,-5900000.00,2900000.00,6800000.00,3800000.00,3100000.00,18600000.00,12200000.00,15300000.00,10600000.00,23800000.00,13400000.00,18300000.00,-4300000.00,-3900000.00,19200000.00,14600000.00,-3500000.00,12000000.00,15000000.00,10000000.00,-7400000.00,18700000.00,15300000.00,11400000.00,100000.00,15300000.00,19400000.00,13600000.00,-2900000.00,7800000.00,14600000.00,6600000.00,-14600000.00,63800000.00,-13600000.00,-175500000.00,3900000.00,10300000.00,3500000.00,6000000.00,4500000.00,14800000.00,8400000.00,2200000.00,6800000.00,8700000.00,7100000.00,113200000.00,-1100000.00,10300000.00,15300000.00,-7900000.00,-800000.00,11300000.00,4600000.00,1300000.00,-1300000.00,12700000.00,-6900000.00,-5400000.00,-200000.00,1400000.00,21100000.00,7300000.00,151000.00,3788000.00,2841000.00,1957000.00,528000.00,7820000.00,2595000.00,-2057000.00,-728000.00,1418000.00,777000.00,-367000.00,217000.00,-3850000.00,-41000.00,-50000.00,-908000.00,2270000.00,1745000.00,385000.00,-74000.00
totalRevenue,448000000.00,493600000.00,402600000.00,499400000.00,485600000.00,521000000.00,441600000.00,570300000.00,526700000.00,517800000.00,410500000.00,460100000.00,444100000.00,366900000.00,384100000.00,537400000.00,505700000.00,518700000.00,393900000.00,529300000.00,507300000.00,498800000.00,405800000.00,566800000.00,532200000.00,490000000.00,359800000.00,437600000.00,431300000.00,410100000.00,278100000.00,412100000.00,413600000.00,394700000.00,290000000.00,459900000.00,472200000.00,427700000.00,329400000.00,503700000.00,469200000.00,440200000.00,352000000.00,529700000.00,501200000.00,438700000.00,288900000.00,350700000.00,339100000.00,330200000.00,298400000.00,372500000.00,330700000.00,316500000.00,310800000.00,352800000.00,322500000.00,303800000.00,293400000.00,276200000.00,435000000.00,440000000.00,427000000.00,533400000.00,494700000.00,464900000.00,445900000.00,520600000.00,499200000.00,462600000.00,468600000.00,513800000.00,421700000.00,279500000.00,180152000.00,191164000.00,175848000.00,174375000.00,170931000.00,182231000.00,175092000.00,171150000.00,169435000.00,179219000.00,175911000.00,174336000.00,172262000.00,178158000.00,197023000.00,198386000.00,210690000.00,225575000.00,225688000.00,221529000.00,238007000.00
totalOperatingExpenses,109600000.00,109000000.00,105900000.00,102400000.00,103800000.00,102100000.00,109900000.00,110200000.00,113400000.00,109300000.00,106000000.00,97300000.00,92300000.00,85000000.00,94500000.00,110700000.00,105000000.00,104400000.00,105200000.00,107300000.00,102200000.00,108500000.00,111100000.00,114000000.00,116900000.00,110800000.00,100000000.00,93400000.00,88100000.00,85000000.00,75900000.00,81000000.00,78900000.00,77300000.00,78100000.00,84500000.00,89600000.00,86700000.00,87800000.00,90900000.00,88500000.00,93300000.00,96200000.00,108100000.00,94000000.00,98000000.00,73700000.00,76900000.00,72100000.00,75200000.00,76000000.00,82800000.00,71000000.00,73400000.00,73700000.00,77000000.00,70700000.00,66300000.00,66300000.00,-14500000.00,126300000.00,164900000.00,110000000.00,153200000.00,109800000.00,115900000.00,115500000.00,121000000.00,115100000.00,113100000.00,110000000.00,107500000.00,89900000.00,84400000.00,60612000.00,57317000.00,56837000.00,55863000.00,56387000.00,54297000.00,54853000.00,56605000.00,57737000.00,56884000.00,56268000.00,58529000.00,55748000.00,77011000.00,78467000.00,77784000.00,84287000.00,93316000.00,86946000.00,88567000.00,86916000.00
costOfRevenue,303200000.00,329400000.00,283300000.00,354100000.00,348200000.00,371000000.00,322000000.00,392200000.00,369500000.00,353700000.00,295000000.00,317000000.00,317000000.00,256900000.00,271900000.00,351400000.00,349800000.00,352900000.00,268100000.00,352200000.00,346500000.00,336400000.00,278300000.00,367600000.00,354300000.00,321500000.00,249000000.00,283900000.00,287100000.00,275300000.00,195700000.00,274300000.00,279900000.00,268000000.00,209800000.00,303000000.00,320300000.00,297100000.00,241100000.00,333800000.00,328100000.00,303100000.00,255300000.00,351600000.00,350000000.00,314400000.00,205100000.00,237800000.00,232000000.00,224700000.00,209200000.00,253500000.00,228500000.00,217500000.00,215600000.00,244300000.00,222600000.00,215000000.00,211300000.00,176800000.00,305200000.00,311500000.00,300900000.00,359200000.00,346500000.00,326200000.00,316700000.00,355300000.00,352800000.00,336600000.00,338100000.00,358300000.00,300000000.00,170600000.00,112088000.00,116621000.00,105894000.00,106787000.00,105606000.00,109637000.00,105143000.00,102958000.00,101965000.00,106499000.00,106590000.00,104590000.00,106322000.00,105647000.00,109207000.00,111201000.00,117914000.00,116686000.00,124559000.00,120734000.00,137762000.00
totalOtherIncomeExpenseNet,400000.00,100000.00,-17200000.00,-20300000.00,-108700000.00,-3600000.00,-12600000.00,-1100000.00,-3000000.00,6600000.00,-22700000.00,-3200000.00,800000.00,-6200000.00,1700000.00,-3900000.00,100000.00,200000.00,-1100000.00,-1600000.00,900000.00,-1400000.00,-1900000.00,-6200000.00,-2100000.00,-10800000.00,-2200000.00,-30700000.00,-7200000.00,33000000.00,200000.00,3000000.00,2200000.00,-1300000.00,2300000.00,-1600000.00,2200000.00,1100000.00,100000.00,-7900000.00,900000.00,-14200000.00,-8300000.00,-2000000.00,2500000.00,-74800000.00,-4400000.00,1600000.00,1000000.00,1500000.00,1500000.00,3400000.00,2200000.00,1500000.00,300000.00,-500000.00,-4700000.00,-10200000.00,-4500000.00,-177500000.00,-34900000.00,-64400000.00,-2600000.00,-42300000.00,-8400000.00,-800000.00,200000.00,-18800000.00,-3400000.00,-12800000.00,-5300000.00,-2000000.00,800000.00,-500000.00,-112000.00,968000.00,-1924000.00,583000.00,-478000.00,-1038000.00,69000.00,-8247000.00,-1730000.00,205000.00,-200000.00,-2654000.00,-4169000.00,6163000.00,-1490000.00,-4307000.00,-24000.00,662000.00,516000.00,-11457000.00,-1152000.00
discontinuedOperations,,,,,,,,,,,,,,,,,,,,0.00,0.00,0.00,0.00,0.00,0.00,0.00,0.00,0.00,0.00,0.00,0.00,0.00,0.00,0.00,0.00,0.00,0.00,0.00,0.00,0.00,0.00,0.00,0.00,0.00,0.00,0.00,0.00,0.00,0.00,0.00,0.00,0.00,0.00,0.00,0.00,0.00,0.00,0.00,0.00,0.00,0.00,0.00,0.00,0.00,0.00,0.00,0.00,0.00,0.00,0.00,0.00,0.00,0.00,0.00,0.00,0.00,0.00,0.00,0.00,0.00,0.00,0.00,0.00,,,,,,,,,,,,
netIncomeFromContinuingOps,14900000.00,26400000.00,-3700000.00,18800000.00,-68700000.00,39400000.00,-2700000.00,53500000.00,20200000.00,48600000.00,-20400000.00,29800000.00,18800000.00,5400000.00,8000000.00,43500000.00,28000000.00,35900000.00,-600000.00,35000000.00,35600000.00,25700000.00,10400000.00,74000000.00,30600000.00,23500000.00,3600000.00,6100000.00,22700000.00,61900000.00,4800000.00,8400000.00,32600000.00,50500000.00,-5600000.00,134700000.00,34200000.00,21300000.00,-7800000.00,50300000.00,26400000.00,9500000.00,-8900000.00,-15100000.00,55200000.00,94200000.00,-17300000.00,0.00,11900000.00,6300000.00,0.00,0.00,0.00,0.00,0.00,0.00,0.00,0.00,0.00,0.00,0.00,0.00,0.00,0.00,0.00,0.00,0.00,0.00,0.00,0.00,0.00,0.00,0.00,0.00,0.00,0.00,0.00,0.00,0.00,0.00,0.00,0.00,0.00,,,,,,,,,,,,
netIncomeApplicableToCommonShares,,,-3700000.00,18800000.00,-68700000.00,39400000.00,-2700000.00,53500000.00,20200000.00,48600000.00,-20400000.00,29800000.00,18800000.00,5400000.00,8000000.00,43500000.00,28000000.00,35900000.00,-600000.00,35000000.00,35600000.00,25700000.00,10400000.00,74000000.00,30600000.00,23500000.00,3600000.00,6100000.00,22700000.00,61900000.00,4800000.00,31400000.00,32600000.00,27700000.00,-5800000.00,43900000.00,34200000.00,21300000.00,-7800000.00,50200000.00,26400000.00,9500000.00,-9000000.00,-16600000.00,55200000.00,94200000.00,-17400000.00,9400000.00,11700000.00,43700000.00,0.00,4300000.00,4400000.00,4300000.00,0.00,2900000.00,1700000.00,0.00,0.00,0.00,0.00,0.00,0.00,-8700000.00,8700000.00,4500000.00,200000.00,-10900000.00,18100000.00,0.00,0.00,26200000.00,4500000.00,14200000.00,11300000.00,27900000.00,38500000.00,-8600000.00,8600000.00,18200000.00,6800000.00,-4200000.00,4200000.00,,,,,,,,,,,,
preferredStockAndOtherAdjustments,,,,,,,,,,,,,,,,,,,,,,,,,,,,,,,,,,,,,,,,,,,,,,,,,,,,,,,,,,,,,,,,,,,,,,,,,,,,,,,,,,,,,,,,,,,,,,,
