,2023-09-30,2023-06-30,2023-03-31,2022-12-31,2022-09-30,2022-06-30,2022-03-31,2021-12-31,2021-09-30,2021-06-30,2021-03-31,2020-12-31,2020-09-30,2020-06-30,2020-03-31,2019-12-31,2019-09-30,2019-06-30,2019-03-31,2018-12-31,2018-09-30,2018-06-30,2018-03-31,2017-12-31,2017-09-30,2017-06-30,2017-03-31,2016-12-31,2016-09-30,2016-06-30,2016-03-31,2015-12-31,2015-09-30,2015-06-30,2015-03-31,2014-12-31,2014-09-30,2014-06-30,2014-03-31,2013-12-31,2013-09-30,2013-06-30,2013-03-31,2012-12-31,2012-09-30,2012-06-30,2012-03-31,2011-12-31,2011-09-30,2011-06-30,2011-03-31,2010-12-31,2010-09-30,2010-06-30,2010-03-31,2009-12-31,2009-09-30,2009-06-30,2009-03-31,2008-12-31,2008-09-30,2008-06-30,2008-03-31,2007-12-31,2007-09-30,2007-06-30,2007-03-31,2006-12-31,2006-09-30,2006-06-30,2006-03-31,2005-12-31,2005-09-30,2005-06-30,2005-03-31,2004-12-31,2004-09-30,2004-06-30,2004-03-31,2003-12-31,2003-09-30,2003-06-30,2003-03-31,2002-12-31,2002-09-30,2002-06-30,2002-03-31,2001-12-31,2001-09-30,2001-06-30,2001-03-31,2000-12-31,2000-09-30,2000-06-30,2000-03-31,1999-12-31,1999-09-30,1999-06-30,1999-03-31,1998-12-31,1998-09-30,1998-06-30,1998-03-31,1997-12-31,1997-09-30,1997-06-30,1997-03-31,1996-12-31,1996-09-30,1996-06-30,1996-03-31,1995-12-31,1995-09-30,1995-06-30,1995-03-31,1994-12-31,1994-09-30,1994-06-30,1994-03-31,1993-12-31,1993-09-30,1993-06-30,1993-03-31,1992-12-31,1992-09-30,1992-06-30,1992-03-31,1991-12-31,1991-09-30,1991-06-30,1991-03-31,1990-12-31,1990-09-30,1990-06-30,1990-03-31
date,2023-09-30,2023-06-30,2023-03-31,2022-12-31,2022-09-30,2022-06-30,2022-03-31,2021-12-31,2021-09-30,2021-06-30,2021-03-31,2020-12-31,2020-09-30,2020-06-30,2020-03-31,2019-12-31,2019-09-30,2019-06-30,2019-03-31,2018-12-31,2018-09-30,2018-06-30,2018-03-31,2017-12-31,2017-09-30,2017-06-30,2017-03-31,2016-12-31,2016-09-30,2016-06-30,2016-03-31,2015-12-31,2015-09-30,2015-06-30,2015-03-31,2014-12-31,2014-09-30,2014-06-30,2014-03-31,2013-12-31,2013-09-30,2013-06-30,2013-03-31,2012-12-31,2012-09-30,2012-06-30,2012-03-31,2011-12-31,2011-09-30,2011-06-30,2011-03-31,2010-12-31,2010-09-30,2010-06-30,2010-03-31,2009-12-31,2009-09-30,2009-06-30,2009-03-31,2008-12-31,2008-09-30,2008-06-30,2008-03-31,2007-12-31,2007-09-30,2007-06-30,2007-03-31,2006-12-31,2006-09-30,2006-06-30,2006-03-31,2005-12-31,2005-09-30,2005-06-30,2005-03-31,2004-12-31,2004-09-30,2004-06-30,2004-03-31,2003-12-31,2003-09-30,2003-06-30,2003-03-31,2002-12-31,2002-09-30,2002-06-30,2002-03-31,2001-12-31,2001-09-30,2001-06-30,2001-03-31,2000-12-31,2000-09-30,2000-06-30,2000-03-31,1999-12-31,1999-09-30,1999-06-30,1999-03-31,1998-12-31,1998-09-30,1998-06-30,1998-03-31,1997-12-31,1997-09-30,1997-06-30,1997-03-31,1996-12-31,1996-09-30,1996-06-30,1996-03-31,1995-12-31,1995-09-30,1995-06-30,1995-03-31,1994-12-31,1994-09-30,1994-06-30,1994-03-31,1993-12-31,1993-09-30,1993-06-30,1993-03-31,1992-12-31,1992-09-30,1992-06-30,1992-03-31,1991-12-31,1991-09-30,1991-06-30,1991-03-31,1990-12-31,1990-09-30,1990-06-30,1990-03-31
filing_date,2023-11-02,2023-08-03,2023-05-04,2023-03-01,2022-11-04,2022-08-04,2022-05-05,2022-02-28,2021-11-03,2021-08-04,2021-05-06,2021-02-25,2020-11-06,2020-08-06,2020-05-07,2020-02-28,2019-11-06,2019-08-06,2019-05-07,2019-02-27,2018-11-06,2018-08-07,2018-05-08,2018-02-27,2017-11-02,2017-08-08,2017-05-08,2017-02-27,2016-11-04,2016-08-05,2016-05-09,2016-02-24,2015-11-05,2015-08-10,2015-05-11,2015-02-26,2014-11-06,2014-08-07,2014-05-08,2014-02-26,2013-11-07,2013-08-08,2013-05-09,2013-02-27,2012-11-07,2012-08-06,2012-05-04,2012-02-27,2011-11-04,2011-08-05,2011-05-09,2011-02-28,2010-11-04,2010-08-06,2010-05-07,2010-02-26,2009-11-06,2009-08-07,2009-05-08,2009-02-26,2008-11-06,2008-08-07,2008-05-08,2008-03-17,2007-11-06,2007-08-09,2007-05-23,,2006-11-07,2006-08-07,2006-04-04,2006-01-19,,,2005-05-05,2005-03-30,2004-11-08,2004-08-06,2004-05-10,2004-03-15,2003-11-14,2003-08-13,2003-05-15,2003-03-26,2002-11-12,2002-08-14,2002-05-15,2002-03-25,2001-11-14,2001-08-14,2001-05-15,2001-03-27,2000-11-14,2000-08-11,2000-05-15,2000-03-30,1999-11-15,1999-08-09,1999-05-17,1999-03-30,1998-11-16,1998-08-14,1998-05-15,1998-03-31,1997-11-13,1997-08-14,1997-05-15,1997-03-31,1996-11-01,1996-08-14,1996-05-06,1995-12-31,1995-09-30,1995-06-30,1995-03-31,1994-12-31,1994-09-30,1994-06-30,1994-03-31,1993-12-31,1993-09-30,1993-06-30,1993-03-31,1992-12-31,1992-09-30,1992-06-30,1992-03-31,1991-12-31,1991-09-30,1991-06-30,1991-03-31,1990-12-31,1990-09-30,1990-06-30,1990-03-31
currency_symbol,USD,USD,USD,USD,USD,USD,USD,USD,USD,USD,USD,USD,USD,USD,USD,USD,USD,USD,USD,USD,USD,USD,USD,USD,USD,USD,USD,USD,USD,USD,USD,USD,USD,USD,USD,USD,USD,USD,USD,USD,USD,USD,USD,USD,USD,USD,USD,USD,USD,USD,USD,USD,USD,USD,USD,USD,USD,USD,USD,USD,USD,USD,USD,USD,USD,USD,USD,USD,USD,USD,USD,USD,USD,USD,USD,USD,USD,USD,USD,USD,USD,USD,USD,USD,USD,USD,USD,USD,USD,USD,USD,USD,USD,USD,USD,USD,USD,USD,USD,USD,USD,USD,USD,USD,USD,USD,USD,USD,USD,USD,USD,USD,USD,USD,USD,USD,USD,USD,USD,USD,USD,USD,USD,USD,USD,USD,USD,USD,USD,USD,USD,USD,USD,USD,USD
totalAssets,43161000000.00,39013000000.00,39357000000.00,38363000000.00,37775000000.00,36070000000.00,34648000000.00,32963000000.00,35030000000.00,34727000000.00,35203000000.00,34603000000.00,34267000000.00,34566000000.00,34142000000.00,33648000000.00,33423000000.00,33238000000.00,33471000000.00,32521000000.00,32489000000.00,32597000000.00,32573000000.00,33112000000.00,38834000000.00,36469000000.00,36508000000.00,36119000000.00,37108000000.00,36974000000.00,36900000000.00,36850000000.00,37000000000.00,38584000000.00,37997000000.00,38966000000.00,38983000000.00,39433000000.00,40973000000.00,40411000000.00,41250000000.00,40836000000.00,42718000000.00,41830000000.00,41356000000.00,42749000000.00,45431000000.00,45333000000.00,40883000000.00,42635000000.00,40500000000.00,40511000000.00,41780000000.00,40701000000.00,41882000000.00,39535000000.00,39261000000.00,37418000000.00,34838000000.00,34806000000.00,36653000000.00,38115000000.00,35745000000.00,34453000000.00,33350000000.00,32622000000.00,31163000000.00,31163000000.00,31936000000.00,30973000000.00,29432000000.00,29380000000.00,29648000000.00,29380000000.00,29663000000.00,29732000000.00,29956000000.00,28997000000.00,29734000000.00,29904000000.00,30415000000.00,34158000000.00,32869000000.00,33776000000.00,36566000000.00,38675000000.00,40201000000.00,36736000000.00,36381000000.00,35529000000.00,35588000000.00,31033000000.00,29470000000.00,29020000000.00,23402000000.00,20880000000.00,12106000000.00,11237000000.00,10165000000.00,10781000000.00,10387000000.00,10464000000.00,8995000000.00,8909000000.00,6568000000.00,6332000000.00,4078000000.00,3622000000.00,3419000000.00,2941000000.00,3622000000.00,2320000000.00,2225500000.00,2142700000.00,1972400000.00,1914900000.00,1899500000.00,1869600000.00,1858200000.00,,,,,,,,,,,,,,,,
intangibleAssets,2290000000.00,2282000000.00,1862000000.00,1841000000.00,1626000000.00,1646000000.00,1585000000.00,1450000000.00,928000000.00,900000000.00,797000000.00,827000000.00,614000000.00,566000000.00,459000000.00,469000000.00,462000000.00,460000000.00,467000000.00,436000000.00,400000000.00,341000000.00,362000000.00,366000000.00,474000000.00,397000000.00,353000000.00,359000000.00,227000000.00,219000000.00,209000000.00,214000000.00,251000000.00,241000000.00,261000000.00,281000000.00,283000000.00,299000000.00,293000000.00,297000000.00,325000000.00,408000000.00,417000000.00,429000000.00,462000000.00,507000000.00,550000000.00,566000000.00,493000000.00,527000000.00,515000000.00,516000000.00,610000000.00,574000000.00,508000000.00,510000000.00,487000000.00,486000000.00,484000000.00,500000000.00,501000000.00,529000000.00,474000000.00,505000000.00,333000000.00,341000000.00,305000000.00,1679000000.00,1412000000.00,1416000000.00,1428000000.00,1758000000.00,1449000000.00,1454000000.00,-38000000.00,1694000000.00,1376000000.00,1376000000.00,1381000000.00,1378000000.00,1385000000.00,1374000000.00,1375000000.00,1388000000.00,2040000000.00,2262000000.00,3105000000.00,3208000000.00,,,,2307000000.00,,,,,,,,,,,,,,,,,,,,,,,,,,,,,,,,,,,,,,,,,,,
earningAssets,,,,,,,,,,,,,,,,,,,,,,,,,,,,,,,,,,,,,,,,,,,,,,,,,,,,,,,,,,,,,,,,,,,,,,,,,,,,,,,,,,,,,,,,,,,,,,,,,,,,,,,,,,,,,,,,,,,,,,,,,,,,,,,,,,,,,,,
otherCurrentAssets,1472000000.00,1449000000.00,1523000000.00,1533000000.00,1303000000.00,1269000000.00,1110000000.00,897000000.00,889000000.00,868000000.00,728000000.00,726000000.00,747000000.00,880000000.00,843000000.00,802000000.00,856000000.00,811000000.00,703000000.00,807000000.00,706000000.00,682000000.00,703000000.00,630000000.00,1080000000.00,1061000000.00,1040000000.00,1151000000.00,1266000000.00,1441000000.00,1461000000.00,1473000000.00,1514000000.00,1799000000.00,1562000000.00,1434000000.00,1192000000.00,1220000000.00,1252000000.00,976000000.00,836000000.00,1157000000.00,1403000000.00,1114000000.00,1009000000.00,1087000000.00,1394000000.00,1576000000.00,1128000000.00,855000000.00,741000000.00,1059000000.00,1240000000.00,1205000000.00,1482000000.00,1798000000.00,1416000000.00,1249000000.00,1152000000.00,1117000000.00,3638000000.00,3369000000.00,3521000000.00,1076000000.00,2717000000.00,2882000000.00,2021000000.00,1682000000.00,2039000000.00,1867000000.00,1345000000.00,1868000000.00,1389000000.00,1396000000.00,990000000.00,1537000000.00,1823000000.00,1705000000.00,2100000000.00,1562000000.00,1759000000.00,2026000000.00,2045000000.00,1921000000.00,2272000000.00,2372000000.00,2050000000.00,1507000000.00,883000000.00,1124000000.00,1074000000.00,2695000000.00,1216000000.00,1481000000.00,653000000.00,675000000.00,339000000.00,310000000.00,289000000.00,261000000.00,334000000.00,285000000.00,267000000.00,447000000.00,153000000.00,133000000.00,138000000.00,132000000.00,52000000.00,77000000.00,132000000.00,85000000.00,84800000.00,83100000.00,97500000.00,113800000.00,44800000.00,47200000.00,49800000.00,,,,,,,,,,,,,,,,
totalLiab,37905000000.00,36747000000.00,34894000000.00,33859000000.00,32314000000.00,31217000000.00,29934000000.00,28396000000.00,29266000000.00,29330000000.00,29535000000.00,29883000000.00,30194000000.00,29924000000.00,29425000000.00,28419000000.00,28037000000.00,27770000000.00,27822000000.00,26917000000.00,26780000000.00,26940000000.00,27048000000.00,28267000000.00,32655000000.00,30395000000.00,30379000000.00,30419000000.00,31340000000.00,31301000000.00,30716000000.00,30679000000.00,30539000000.00,31500000000.00,30962000000.00,31641000000.00,31417000000.00,31925000000.00,33332000000.00,32760000000.00,33284000000.00,33029000000.00,34977000000.00,34316000000.00,33520000000.00,33248000000.00,34960000000.00,35604000000.00,31026000000.00,31798000000.00,29398000000.00,30098000000.00,30997000000.00,30047000000.00,31346000000.00,30655000000.00,30696000000.00,29187000000.00,27141000000.00,31137000000.00,28719000000.00,30017000000.00,28985000000.00,31289000000.00,26914000000.00,26298000000.00,25027000000.00,25027000000.00,26323000000.00,26266000000.00,26172000000.00,26722000000.00,26710000000.00,26722000000.00,26252000000.00,26482000000.00,27300000000.00,26657000000.00,27492000000.00,28454000000.00,28831000000.00,33089000000.00,32207000000.00,33299000000.00,33249000000.00,34212000000.00,34672000000.00,29667000000.00,30143000000.00,28457000000.00,27157000000.00,24840000000.00,24063000000.00,23310000000.00,19331000000.00,17095000000.00,9090000000.00,8400000000.00,7811000000.00,7705000000.00,7474000000.00,7736000000.00,6279000000.00,6353000000.00,4495000000.00,4636000000.00,2726000000.00,2688000000.00,2540000000.00,2151000000.00,2688000000.00,1613000000.00,1521000000.00,1462300000.00,1355000000.00,1329900000.00,1344400000.00,1342200000.00,1361000000.00,,,,,,,,,,,,,,,,
totalStockholderEquity,2779000000.00,-1523000000.00,2362000000.00,2437000000.00,3409000000.00,2995000000.00,3044000000.00,2798000000.00,3482000000.00,3265000000.00,3377000000.00,2634000000.00,2004000000.00,2462000000.00,2539000000.00,2996000000.00,3140000000.00,3208000000.00,3234000000.00,3208000000.00,3305000000.00,3309000000.00,3193000000.00,2465000000.00,3186000000.00,3021000000.00,2991000000.00,2794000000.00,2882000000.00,2766000000.00,3201000000.00,3149000000.00,3567000000.00,3864000000.00,4022000000.00,4272000000.00,4397000000.00,4211000000.00,4193000000.00,4330000000.00,4813000000.00,4749000000.00,4633000000.00,4569000000.00,4424000000.00,6123000000.00,6489000000.00,5946000000.00,6233000000.00,6911000000.00,6852000000.00,6473000000.00,6890000000.00,6687000000.00,6247000000.00,4675000000.00,4583000000.00,4392000000.00,3915000000.00,3669000000.00,4229000000.00,4289000000.00,3321000000.00,3164000000.00,3199000000.00,3061000000.00,3036000000.00,2965000000.00,2673000000.00,2451000000.00,1649000000.00,1228000000.00,1407000000.00,1214000000.00,1748000000.00,1645000000.00,1430000000.00,1174000000.00,1077000000.00,645000000.00,687000000.00,206000000.00,-144000000.00,-341000000.00,2413000000.00,3511000000.00,4259000000.00,5539000000.00,5128000000.00,5659000000.00,5781000000.00,4811000000.00,4006000000.00,3990000000.00,2856000000.00,2637000000.00,1502000000.00,1514000000.00,1046000000.00,1794000000.00,1712000000.00,1532000000.00,1513000000.00,1481000000.00,1444000000.00,1073000000.00,891000000.00,721000000.00,689000000.00,610000000.00,721000000.00,549000000.00,485700000.00,458300000.00,428800000.00,401000000.00,378700000.00,351300000.00,336000000.00,,,,,,,,,,,,,,,,
deferredLongTermLiab,,1104000000.00,1110000000.00,1139000000.00,1169000000.00,1086000000.00,1035000000.00,834000000.00,1144000000.00,1121000000.00,1136000000.00,1100000000.00,926000000.00,1166000000.00,1105000000.00,1213000000.00,1198000000.00,1233000000.00,1302000000.00,1280000000.00,1214000000.00,1165000000.00,1207000000.00,1006000000.00,742000000.00,746000000.00,758000000.00,804000000.00,1042000000.00,1036000000.00,1118000000.00,1090000000.00,1185000000.00,1281000000.00,1223000000.00,1277000000.00,1165000000.00,1114000000.00,1145000000.00,1119000000.00,1116000000.00,1195000000.00,1239000000.00,1238000000.00,1417000000.00,1354000000.00,1445000000.00,1328000000.00,621000000.00,891000000.00,907000000.00,895000000.00,1249000000.00,1208000000.00,1130000000.00,1090000000.00,1316000000.00,0.00,,,,,,,,,,,,,,,,,,,,,,,,,,,,,,,,,,,,,,,,,,,,,,,,,,,,,,,,,,,,,,,,,,,,,,,,,,,,,
otherCurrentLiab,3149000000.00,-4528000000.00,3034000000.00,3003000000.00,1827000000.00,1707000000.00,2211000000.00,2127000000.00,2065000000.00,1905000000.00,2385000000.00,2338000000.00,2222000000.00,526000000.00,438000000.00,442000000.00,455000000.00,418000000.00,418000000.00,8000000.00,17000000.00,17000000.00,63000000.00,1033000000.00,15000000.00,37000000.00,41000000.00,2313000000.00,802000000.00,841000000.00,2613000000.00,13000000.00,30000000.00,9000000.00,9000000.00,2586000000.00,2523000000.00,2442000000.00,812000000.00,837000000.00,838000000.00,2610000000.00,54000000.00,2827000000.00,2864000000.00,2570000000.00,202000000.00,219000000.00,261000000.00,232000000.00,212000000.00,2965000000.00,76000000.00,134000000.00,150000000.00,143000000.00,3444000000.00,2975000000.00,2495000000.00,2912000000.00,3320000000.00,3493000000.00,3364000000.00,151000000.00,3353000000.00,2617000000.00,2684000000.00,2819000000.00,2860000000.00,2655000000.00,2504000000.00,2359000000.00,2685000000.00,2410000000.00,2095000000.00,1919000000.00,2588000000.00,2356000000.00,2409000000.00,2416000000.00,2027000000.00,4615000000.00,4422000000.00,2031000000.00,2155000000.00,2365000000.00,1867000000.00,1550000000.00,2129000000.00,2000000000.00,1840000000.00,1709000000.00,1550000000.00,1636000000.00,1051000000.00,973000000.00,649000000.00,377000000.00,347000000.00,348000000.00,360000000.00,456000000.00,364000000.00,403000000.00,222000000.00,235000000.00,105000000.00,120000000.00,124000000.00,57000000.00,120000000.00,61000000.00,64300000.00,76400000.00,32900000.00,34400000.00,40000000.00,35700000.00,100000.00,,,,,,,,,,,,,,,,
commonStock,8000000.00,8000000.00,8000000.00,8000000.00,8000000.00,8000000.00,8000000.00,8000000.00,8000000.00,8000000.00,8000000.00,8000000.00,8000000.00,8000000.00,8000000.00,8000000.00,8000000.00,8000000.00,8000000.00,8000000.00,8000000.00,8000000.00,8000000.00,8000000.00,8000000.00,8000000.00,8000000.00,8000000.00,8000000.00,8000000.00,8000000.00,8000000.00,8000000.00,8000000.00,8000000.00,8000000.00,8000000.00,8000000.00,8000000.00,8000000.00,8000000.00,8000000.00,8000000.00,8000000.00,8000000.00,8000000.00,8000000.00,8000000.00,8000000.00,8000000.00,8000000.00,8000000.00,8000000.00,8000000.00,8000000.00,7000000.00,7000000.00,7000000.00,7000000.00,7000000.00,7000000.00,7000000.00,7000000.00,7000000.00,7000000.00,7000000.00,7000000.00,7000000.00,7000000.00,7000000.00,7000000.00,7000000.00,7000000.00,7000000.00,7000000.00,7000000.00,6000000.00,6000000.00,6000000.00,6000000.00,6000000.00,6000000.00,6000000.00,6000000.00,5000000.00,5000000.00,5000000.00,5000000.00,5000000.00,5000000.00,5000000.00,5000000.00,5000000.00,5000000.00,2000000.00,2000000.00,2000000.00,2000000.00,2000000.00,2000000.00,2000000.00,2000000.00,2000000.00,2000000.00,2000000.00,1000000.00,1000000.00,1000000.00,1000000.00,1000000.00,1000000.00,1000000.00,700000.00,700000.00,700000.00,700000.00,800000.00,800000.00,700000.00,,,,,,,,,,,,,,,,
capitalStock,846000000.00,846000000.00,846000000.00,846000000.00,846000000.00,846000000.00,846000000.00,833000000.00,1051000000.00,1051000000.00,,,,,,,,,,,,,,,,,,,,,,,,,,,,,,,,,,,,,,,,,,,,,,,,,,,,,,,,,,,,,,,,,,,,,,,,,,,,,,,,,,,,,,,,,,,,,,,,,,,,,,,,,,,,,,,,,,,,,,,,,,,,,
retainedEarnings,-1292000000.00,-1523000000.00,-1484000000.00,-1635000000.00,-732000000.00,-1153000000.00,-974000000.00,-1089000000.00,-457000000.00,-800000000.00,-828000000.00,-680000000.00,-998000000.00,-665000000.00,-583000000.00,-692000000.00,-614000000.00,-824000000.00,-839000000.00,-1005000000.00,-1133000000.00,-1234000000.00,-1525000000.00,-2276000000.00,-934000000.00,-1086000000.00,-1139000000.00,-1146000000.00,-114000000.00,-284000000.00,198000000.00,143000000.00,370000000.00,258000000.00,423000000.00,512000000.00,413000000.00,-75000000.00,-208000000.00,-150000000.00,56000000.00,-15000000.00,-182000000.00,-264000000.00,-439000000.00,1159000000.00,1019000000.00,678000000.00,887000000.00,1018000000.00,844000000.00,620000000.00,1056000000.00,942000000.00,791000000.00,650000000.00,698000000.00,513000000.00,210000000.00,-8000000.00,40000000.00,-105000000.00,-1008000000.00,-1241000000.00,-1260000000.00,-1364000000.00,-1025000000.00,-1025000000.00,-1034000000.00,-694000000.00,-1214000000.00,-3646000000.00,-1362000000.00,-3646000000.00,-680000000.00,-813000000.00,-877000000.00,-1017000000.00,-1055000000.00,-1103000000.00,-659000000.00,-735000000.00,-606000000.00,-700000000.00,2067000000.00,2381000000.00,2496000000.00,2809000000.00,2757000000.00,2754000000.00,2642000000.00,1761000000.00,1541000000.00,1406000000.00,1294000000.00,1120000000.00,1008000000.00,950000000.00,879000000.00,892000000.00,798000000.00,717000000.00,646000000.00,581000000.00,525000000.00,478000000.00,436000000.00,396000000.00,360000000.00,328000000.00,396000000.00,271000000.00,242900000.00,215600000.00,189100000.00,164300000.00,131200000.00,105600000.00,80000000.00,,,,,,,,,,,,,,,,
otherLiab,,,,,6214000000.00,6054000000.00,6111000000.00,6332000000.00,6091000000.00,3549000000.00,6135000000.00,6070000000.00,4852000000.00,5084000000.00,5066000000.00,4697000000.00,4795000000.00,4737000000.00,4709000000.00,4822000000.00,4585000000.00,4530000000.00,4451000000.00,2595000000.00,4434000000.00,4252000000.00,4407000000.00,4401000000.00,4070000000.00,4126000000.00,4017000000.00,3823000000.00,3884000000.00,4354000000.00,4264000000.00,4564000000.00,4382000000.00,4438000000.00,4859000000.00,5041000000.00,5548000000.00,5454000000.00,6105000000.00,6162000000.00,5274000000.00,5349000000.00,5439000000.00,5636000000.00,4400000000.00,4550000000.00,4298000000.00,4385000000.00,4739000000.00,4642000000.00,4956000000.00,4941000000.00,4993000000.00,4657000000.00,4467000000.00,4491000000.00,4384000000.00,4969000000.00,4901000000.00,4689000000.00,4613000000.00,4444000000.00,4688000000.00,4828000000.00,4248000000.00,4176000000.00,4104000000.00,4098000000.00,4304000000.00,4259000000.00,4093000000.00,4218000000.00,4053000000.00,3819000000.00,4165000000.00,4124000000.00,4314000000.00,5602000000.00,5189000000.00,8123000000.00,4230000000.00,4421000000.00,3578000000.00,2158000000.00,1757000000.00,1701000000.00,1767000000.00,1399000000.00,1453000000.00,1409000000.00,965000000.00,,,,,,,,,,,,,,,,,,,,,,,,,,,,,,,,,,,,,,,,
goodWill,362000000.00,362000000.00,362000000.00,362000000.00,1179000000.00,1179000000.00,1182000000.00,1177000000.00,1110000000.00,1110000000.00,1146000000.00,1061000000.00,1059000000.00,1059000000.00,1059000000.00,1059000000.00,1059000000.00,1059000000.00,1059000000.00,1059000000.00,1059000000.00,1059000000.00,1059000000.00,1059000000.00,1157000000.00,1157000000.00,1157000000.00,1157000000.00,1157000000.00,1157000000.00,1157000000.00,1157000000.00,1473000000.00,1473000000.00,1465000000.00,1458000000.00,1468000000.00,1468000000.00,1468000000.00,1622000000.00,1941000000.00,1999000000.00,1999000000.00,1999000000.00,1967000000.00,3801000000.00,3732000000.00,3733000000.00,1246000000.00,1267000000.00,1269000000.00,1271000000.00,1276000000.00,1293000000.00,1297000000.00,1299000000.00,1423000000.00,1430000000.00,1417000000.00,1421000000.00,1468000000.00,1481000000.00,1483000000.00,1416000000.00,1438000000.00,1468000000.00,1419000000.00,1416000000.00,1412000000.00,1416000000.00,1428000000.00,1454000000.00,1449000000.00,1454000000.00,1460000000.00,1378000000.00,1376000000.00,1376000000.00,1381000000.00,1378000000.00,1385000000.00,1374000000.00,1375000000.00,1388000000.00,2040000000.00,2262000000.00,3105000000.00,3208000000.00,,,,2307000000.00,,,,,,,,,,,,,,,,,,,,,,,,,,,,,,,,,,,,,,,,,,,
otherAssets,3773000000.00,28097000000.00,3465000000.00,3475000000.00,4624000000.00,4471000000.00,4205000000.00,3994000000.00,3733000000.00,3812000000.00,3740000000.00,4475000000.00,3635000000.00,3337000000.00,3365000000.00,3101000000.00,3070000000.00,3298000000.00,2058000000.00,3501000000.00,3630000000.00,3864000000.00,3744000000.00,6418000000.00,7818000000.00,6959000000.00,6959000000.00,6861000000.00,6531000000.00,6558000000.00,6537000000.00,7168000000.00,7317000000.00,7629000000.00,7507000000.00,5989000000.00,6029000000.00,6398000000.00,7631000000.00,7560000000.00,7917000000.00,7158000000.00,7448000000.00,7452000000.00,7188000000.00,9335000000.00,10283000000.00,10374000000.00,7003000000.00,6915000000.00,6731000000.00,6444000000.00,7037000000.00,7051000000.00,6595000000.00,6451000000.00,6307000000.00,6342000000.00,5920000000.00,6087000000.00,6170000000.00,6111000000.00,6463000000.00,6097000000.00,5902000000.00,5828000000.00,6957000000.00,7439000000.00,5656000000.00,5668000000.00,5542000000.00,5546000000.00,5476000000.00,5492000000.00,5681000000.00,5760000000.00,6389000000.00,6277000000.00,6519000000.00,6513000000.00,6555000000.00,9813000000.00,9498000000.00,10581000000.00,8558000000.00,9643000000.00,9066000000.00,8649000000.00,9134000000.00,9484000000.00,9661000000.00,7614000000.00,7693000000.00,7310000000.00,6316000000.00,,,,,,,,,,,,,,,,,,,,,,,,,,,,,,,,,,,,,,,,
cash,1765000000.00,-26543000000.00,1441000000.00,1374000000.00,1553000000.00,1075000000.00,1056000000.00,943000000.00,1411000000.00,1213000000.00,1886000000.00,1089000000.00,1505000000.00,1417000000.00,1544000000.00,1029000000.00,1145000000.00,1169000000.00,1426000000.00,1166000000.00,1187000000.00,1140000000.00,1212000000.00,949000000.00,1398000000.00,1213000000.00,1588000000.00,1305000000.00,1325000000.00,1265000000.00,1185000000.00,1262000000.00,1437000000.00,1022000000.00,1337000000.00,1539000000.00,1670000000.00,1515000000.00,1413000000.00,1642000000.00,2031000000.00,1611000000.00,2301000000.00,1970000000.00,1943000000.00,1727000000.00,1688000000.00,1710000000.00,3392000000.00,3624000000.00,2008000000.00,2554000000.00,2848000000.00,2891000000.00,3392000000.00,1809000000.00,2020000000.00,1735000000.00,1267000000.00,903000000.00,1707000000.00,2286000000.00,1766000000.00,2058000000.00,2273000000.00,2140000000.00,2123000000.00,2123000000.00,2449000000.00,1841000000.00,1810000000.00,1381000000.00,1164000000.00,1381000000.00,1946000000.00,1408000000.00,1582000000.00,1248000000.00,1120000000.00,1737000000.00,1477000000.00,2151000000.00,1163000000.00,780000000.00,975000000.00,1028000000.00,1313000000.00,922000000.00,1297000000.00,1190000000.00,1830000000.00,881000000.00,1106000000.00,1200000000.00,822000000.00,669000000.00,702000000.00,391000000.00,437000000.00,491000000.00,383000000.00,367000000.00,317000000.00,302000000.00,358000000.00,323000000.00,423000000.00,185000000.00,243000000.00,220000000.00,185000000.00,239000000.00,248300000.00,242900000.00,231500000.00,255200000.00,334600000.00,299400000.00,292700000.00,,,,,,,,,,,,,,,,
cashAndEquivalents,1765000000.00,1322000000.00,1441000000.00,1374000000.00,1553000000.00,1075000000.00,1056000000.00,943000000.00,1411000000.00,1213000000.00,,,,,,,,,,,,,,,,,,,,,,,,,,,,,,,,,,,,,,,,,,,,,,,,,,,,,,,,,,,,,,,,,,,,,,,,,,,,,,,,,,,,,,,,,,,,,,,,,,,,,,,,,,,,,,,,,,,,,,,,,,,,,
totalCurrentLiabilities,8819000000.00,4865000000.00,6776000000.00,6491000000.00,5902000000.00,5989000000.00,5753000000.00,4732000000.00,4658000000.00,4337000000.00,5021000000.00,5362000000.00,5777000000.00,5448000000.00,5432000000.00,5096000000.00,4991000000.00,4042000000.00,4357000000.00,4399000000.00,4047000000.00,3994000000.00,4876000000.00,6028000000.00,6736000000.00,6411000000.00,5243000000.00,5272000000.00,5713000000.00,6216000000.00,6572000000.00,6950000000.00,6534000000.00,6563000000.00,6582000000.00,6997000000.00,7073000000.00,6667000000.00,7840000000.00,7653000000.00,8009000000.00,8273000000.00,9286000000.00,8319000000.00,7526000000.00,7039000000.00,7978000000.00,8446000000.00,7241000000.00,7193000000.00,7551000000.00,8065000000.00,7029000000.00,6364000000.00,6894000000.00,6621000000.00,6238000000.00,5397000000.00,4525000000.00,5182000000.00,5415000000.00,5825000000.00,6033000000.00,5482000000.00,5578000000.00,5660000000.00,5029000000.00,5029000000.00,5953000000.00,5187000000.00,5406000000.00,5369000000.00,5304000000.00,5369000000.00,5095000000.00,4822000000.00,5688000000.00,5236000000.00,5949000000.00,6487000000.00,7545000000.00,10343000000.00,9590000000.00,6511000000.00,8259000000.00,7958000000.00,7446000000.00,5041000000.00,5366000000.00,5569000000.00,5326000000.00,4882000000.00,4262000000.00,4226000000.00,2541000000.00,2570000000.00,1878000000.00,1290000000.00,2110000000.00,1976000000.00,1866000000.00,1436000000.00,751000000.00,1204000000.00,829000000.00,1007000000.00,276000000.00,382000000.00,492000000.00,265000000.00,382000000.00,228000000.00,209800000.00,187000000.00,108600000.00,107500000.00,114400000.00,129600000.00,124200000.00,,,,,,,,,,,,,,,,
currentDeferredRevenue,269000000.00,,,,380000000.00,395000000.00,,85000000.00,84000000.00,139000000.00,299000000.00,438000000.00,611000000.00,1674000000.00,1702000000.00,1475000000.00,1417000000.00,1303000000.00,1450000000.00,1403000000.00,1423000000.00,1236000000.00,1471000000.00,1460000000.00,2373000000.00,2118000000.00,2408000000.00,,2394000000.00,2331000000.00,,2687000000.00,2475000000.00,2561000000.00,2691000000.00,,,,2321000000.00,2377000000.00,2512000000.00,,2666000000.00,,,,3547000000.00,3750000000.00,3014000000.00,2738000000.00,2656000000.00,,375000000.00,259000000.00,351000000.00,3288000000.00,,,,,,,,2893000000.00,,,,,,,,,,,,,,,,,,,,,,,,,,,,,,,,,,,,,,,,,,,,,,,,,,,,,,,31800000.00,,,,,,,,,,,,,,,,
netDebt,25626000000.00,53086000000.00,23390000000.00,22124000000.00,20652000000.00,20301000000.00,19196000000.00,17756000000.00,18600000000.00,18796000000.00,17998000000.00,18792000000.00,19841000000.00,19956000000.00,19546000000.00,19144000000.00,18616000000.00,18586000000.00,18284000000.00,18129000000.00,18209000000.00,18451000000.00,18474000000.00,19016000000.00,20635000000.00,19554000000.00,18746000000.00,19158000000.00,19506000000.00,19515000000.00,19372000000.00,19545000000.00,19261000000.00,19741000000.00,19064000000.00,19319000000.00,19396000000.00,20208000000.00,20072000000.00,19407000000.00,19005000000.00,19459000000.00,19583000000.00,19403000000.00,19617000000.00,19999000000.00,20547000000.00,20863000000.00,17486000000.00,17811000000.00,17444000000.00,17179000000.00,17127000000.00,16781000000.00,17250000000.00,18107000000.00,17640000000.00,17485000000.00,16690000000.00,17188000000.00,16937000000.00,16816000000.00,16679000000.00,15936000000.00,13722000000.00,14999000000.00,14222000000.00,14222000000.00,14960000000.00,15656000000.00,15896000000.00,16864000000.00,16782000000.00,16864000000.00,16399000000.00,17175000000.00,16928000000.00,17089000000.00,17623000000.00,17901000000.00,18218000000.00,17782000000.00,18345000000.00,19267000000.00,22176000000.00,22513000000.00,23497000000.00,21336000000.00,20856000000.00,19508000000.00,18986000000.00,17283000000.00,16987000000.00,16048000000.00,14211000000.00,12683000000.00,7103000000.00,6945000000.00,6363000000.00,6163000000.00,5988000000.00,6260000000.00,4792000000.00,4879000000.00,3562000000.00,3740000000.00,1853000000.00,2021000000.00,1840000000.00,1663000000.00,2021000000.00,1118000000.00,1027100000.00,965900000.00,958400000.00,949700000.00,892300000.00,939000000.00,976200000.00,,,,,,,,,,,,,,,,
shortTermDebt,3760000000.00,2945000000.00,2237000000.00,1758000000.00,2007000000.00,2202000000.00,2254000000.00,1367000000.00,1494000000.00,1345000000.00,1505000000.00,1430000000.00,1841000000.00,2041000000.00,2223000000.00,1868000000.00,1882000000.00,1087000000.00,1265000000.00,1659000000.00,1308000000.00,1235000000.00,2025000000.00,2164000000.00,2257000000.00,2572000000.00,1137000000.00,1303000000.00,1091000000.00,1610000000.00,2220000000.00,2529000000.00,2300000000.00,1999000000.00,1831000000.00,2133000000.00,2347000000.00,2095000000.00,2075000000.00,2180000000.00,2503000000.00,3041000000.00,3615000000.00,2854000000.00,2335000000.00,2298000000.00,2215000000.00,2457000000.00,2174000000.00,2331000000.00,2810000000.00,3040000000.00,2055000000.00,1904000000.00,2336000000.00,1973000000.00,1571000000.00,1384000000.00,943000000.00,1228000000.00,954000000.00,1197000000.00,1500000000.00,1365000000.00,1247000000.00,2130000000.00,1453000000.00,1453000000.00,2022000000.00,1416000000.00,1798000000.00,1916000000.00,1607000000.00,1916000000.00,1894000000.00,1760000000.00,2073000000.00,1797000000.00,2413000000.00,2846000000.00,4370000000.00,4548000000.00,4015000000.00,3341000000.00,5019000000.00,4335000000.00,4191000000.00,2672000000.00,2466000000.00,2800000000.00,2796000000.00,2465000000.00,2118000000.00,2192000000.00,1102000000.00,1216000000.00,968000000.00,676000000.00,1514000000.00,1413000000.00,1314000000.00,773000000.00,200000000.00,596000000.00,533000000.00,697000000.00,110000000.00,198000000.00,332000000.00,173000000.00,198000000.00,134000000.00,110100000.00,73000000.00,63100000.00,60800000.00,60200000.00,78600000.00,77600000.00,,,,,,,,,,,,,,,,
shortLongTermDebt,3760000000.00,2945000000.00,2237000000.00,1758000000.00,2007000000.00,2202000000.00,2254000000.00,1367000000.00,1494000000.00,1345000000.00,1505000000.00,1430000000.00,1841000000.00,2041000000.00,2223000000.00,1868000000.00,1882000000.00,1087000000.00,1265000000.00,1659000000.00,1308000000.00,1235000000.00,2025000000.00,2164000000.00,2257000000.00,20767000000.00,1137000000.00,1052000000.00,1091000000.00,1610000000.00,2220000000.00,2172000000.00,,,,2133000000.00,,,,,,,,,,,,,,,,,,,,,,,,,,,,,,,,,,,,,,,,,,,,,,,,,,,,,,,,,,,,,,,,,,,,,,,,,,,,,,,,,,,,,,,,,,,,,,,,,,,
shortLongTermDebtTotal,27391000000.00,26543000000.00,24831000000.00,23498000000.00,22205000000.00,21376000000.00,20252000000.00,18699000000.00,20011000000.00,20009000000.00,19884000000.00,19881000000.00,21346000000.00,21373000000.00,21090000000.00,20173000000.00,19761000000.00,19755000000.00,19710000000.00,19295000000.00,19396000000.00,19591000000.00,19686000000.00,19965000000.00,22033000000.00,20767000000.00,20334000000.00,20463000000.00,20831000000.00,20780000000.00,20557000000.00,20807000000.00,20698000000.00,20763000000.00,20401000000.00,20858000000.00,21066000000.00,21723000000.00,21485000000.00,21049000000.00,21036000000.00,21070000000.00,21884000000.00,21373000000.00,21560000000.00,21726000000.00,22235000000.00,22573000000.00,20878000000.00,21435000000.00,19452000000.00,19733000000.00,19975000000.00,19672000000.00,20642000000.00,19916000000.00,19660000000.00,19220000000.00,17957000000.00,18091000000.00,18644000000.00,19102000000.00,18445000000.00,17994000000.00,15995000000.00,17139000000.00,16345000000.00,16345000000.00,17409000000.00,17497000000.00,17706000000.00,18245000000.00,17946000000.00,18245000000.00,18345000000.00,18583000000.00,18510000000.00,18337000000.00,18743000000.00,19638000000.00,19695000000.00,19933000000.00,19508000000.00,20047000000.00,23151000000.00,23541000000.00,24810000000.00,22258000000.00,22153000000.00,20698000000.00,20816000000.00,18164000000.00,18093000000.00,17248000000.00,15033000000.00,13352000000.00,7805000000.00,7336000000.00,6800000000.00,6654000000.00,6371000000.00,6627000000.00,5109000000.00,5181000000.00,3920000000.00,4063000000.00,2276000000.00,2206000000.00,2083000000.00,1883000000.00,2206000000.00,1357000000.00,1275400000.00,1208800000.00,1189900000.00,1204900000.00,1226900000.00,1238400000.00,1268900000.00,,,,,,,,,,,,,,,,
otherStockholderEquity,4635000000.00,721000000.00,4742000000.00,4866000000.00,4986000000.00,5092000000.00,5071000000.00,5274000000.00,5253000000.00,5361000000.00,5391000000.00,5703000000.00,5622000000.00,5812000000.00,5806000000.00,5909000000.00,6081000000.00,6171000000.00,6172000000.00,6276000000.00,6450000000.00,6523000000.00,6518000000.00,6609000000.00,6778000000.00,6840000000.00,6839000000.00,6688000000.00,6741000000.00,6810000000.00,6802000000.00,6881000000.00,6947000000.00,7043000000.00,7140000000.00,7038000000.00,7074000000.00,7223000000.00,7282000000.00,7276000000.00,7589000000.00,7617000000.00,7681000000.00,7745000000.00,7682000000.00,7743000000.00,7959000000.00,8018000000.00,8005000000.00,8103000000.00,8188000000.00,8228000000.00,8330000000.00,8339000000.00,8269000000.00,6742000000.00,6673000000.00,6659000000.00,6707000000.00,6688000000.00,6682000000.00,6819000000.00,6796000000.00,6776000000.00,6820000000.00,6791000000.00,6654000000.00,,6581000000.00,6577000000.00,6517000000.00,6473000000.00,,,6368000000.00,6341000000.00,5497000000.00,5465000000.00,5363000000.00,5737000000.00,5710000000.00,5688000000.00,5349000000.00,5312000000.00,5268000000.00,5250000000.00,5232000000.00,5225000000.00,5207000000.00,5201000000.00,5194000000.00,4722000000.00,3788000000.00,3781000000.00,2625000000.00,2617000000.00,1806000000.00,1757000000.00,1250000000.00,1243000000.00,1224000000.00,1039000000.00,1036000000.00,1029000000.00,1017000000.00,667000000.00,506000000.00,357000000.00,341000000.00,291000000.00,357000000.00,287000000.00,245300000.00,244500000.00,241100000.00,240400000.00,249000000.00,248600000.00,259600000.00,,,,,,,,,,,,,,,,
propertyPlantEquipment,27535000000.00,26077000000.00,24213000000.00,23039000000.00,21597000000.00,20753000000.00,20453000000.00,19906000000.00,22788000000.00,22582000000.00,22498000000.00,22826000000.00,22287000000.00,22836000000.00,22570000000.00,22574000000.00,21853000000.00,21565000000.00,21228000000.00,21396000000.00,21108000000.00,20719000000.00,20688000000.00,20296000000.00,24356000000.00,23192000000.00,23148000000.00,22847000000.00,23283000000.00,23035000000.00,23416000000.00,22816000000.00,22463000000.00,23440000000.00,23000000000.00,25151000000.00,25067000000.00,25628000000.00,25353000000.00,25112000000.00,25082000000.00,25868000000.00,26012000000.00,25913000000.00,25484000000.00,25097000000.00,25589000000.00,25731000000.00,23813000000.00,25547000000.00,25023000000.00,24621000000.00,24975000000.00,24086000000.00,24827000000.00,24297000000.00,24226000000.00,23054000000.00,21705000000.00,21393000000.00,22090000000.00,23100000000.00,20919000000.00,20020000000.00,19828000000.00,19239000000.00,18215000000.00,17197000000.00,19402000000.00,19176000000.00,18933000000.00,18654000000.00,18766000000.00,18552000000.00,18220000000.00,18177000000.00,18457000000.00,18236000000.00,18434000000.00,18505000000.00,18946000000.00,19026000000.00,18636000000.00,18846000000.00,22966000000.00,23627000000.00,25226000000.00,23434000000.00,22892000000.00,21620000000.00,20998000000.00,17846000000.00,17007000000.00,17228000000.00,13732000000.00,,,,,,,,,,,,,,,,,,,,,,,,,,,,,,,,,,,,,,,,
totalCurrentAssets,7317000000.00,-23384000000.00,7643000000.00,7643000000.00,7628000000.00,6923000000.00,6142000000.00,5356000000.00,5690000000.00,5530000000.00,6237000000.00,5414000000.00,5885000000.00,5966000000.00,5751000000.00,5231000000.00,5470000000.00,5517000000.00,5855000000.00,5015000000.00,5015000000.00,5287000000.00,5438000000.00,6398000000.00,6660000000.00,6318000000.00,6401000000.00,6411000000.00,7294000000.00,7381000000.00,6947000000.00,6866000000.00,7220000000.00,7515000000.00,7642000000.00,7826000000.00,7887000000.00,7407000000.00,7989000000.00,7739000000.00,8251000000.00,7810000000.00,9258000000.00,8465000000.00,8684000000.00,8317000000.00,9559000000.00,9228000000.00,10067000000.00,10173000000.00,8746000000.00,9446000000.00,9768000000.00,9564000000.00,10460000000.00,8787000000.00,8728000000.00,8022000000.00,7213000000.00,7326000000.00,8393000000.00,8904000000.00,8363000000.00,8336000000.00,7620000000.00,7555000000.00,6565000000.00,6565000000.00,6878000000.00,6129000000.00,5232000000.00,5336000000.00,5406000000.00,5336000000.00,4896000000.00,4938000000.00,5110000000.00,4484000000.00,4781000000.00,4886000000.00,4914000000.00,5319000000.00,4735000000.00,4349000000.00,5042000000.00,5405000000.00,5909000000.00,4653000000.00,4355000000.00,4425000000.00,4929000000.00,5573000000.00,4770000000.00,4482000000.00,3354000000.00,2587000000.00,1866000000.00,1271000000.00,1284000000.00,1254000000.00,1230000000.00,1174000000.00,1060000000.00,1190000000.00,799000000.00,735000000.00,730000000.00,502000000.00,460000000.00,411000000.00,502000000.00,425000000.00,441200000.00,429300000.00,406600000.00,435700000.00,445900000.00,408500000.00,396400000.00,,,,,,,,,,,,,,,,
longTermInvestments,894000000.00,858000000.00,768000000.00,952000000.00,1121000000.00,1098000000.00,1081000000.00,1080000000.00,781000000.00,793000000.00,785000000.00,835000000.00,2047000000.00,2082000000.00,2238000000.00,2317000000.00,2579000000.00,2474000000.00,2553000000.00,1423000000.00,2718000000.00,2785000000.00,2756000000.00,1197000000.00,1164000000.00,683000000.00,674000000.00,621000000.00,626000000.00,615000000.00,611000000.00,610000000.00,601000000.00,562000000.00,586000000.00,537000000.00,704000000.00,1000000000.00,1030000000.00,,1025000000.00,1177000000.00,1195000000.00,1196000000.00,1334000000.00,1392000000.00,1430000000.00,1422000000.00,1401000000.00,1542000000.00,1544000000.00,1320000000.00,1313000000.00,1227000000.00,1175000000.00,1157000000.00,1109000000.00,,,,,,,,,,,,,,,,,,,,,,,,,,,,,,,,,,,,,,,,,,,,,,,,,,,,,,,,,,,,,,,,,,,,,,,,,,,,,,
netTangibleAssets,,299000000.00,583000000.00,2920000000.00,-234000000.00,505000000.00,573000000.00,-654000000.00,1335000000.00,212000000.00,1424000000.00,3506000000.00,1198000000.00,1712000000.00,1894000000.00,2356000000.00,2505000000.00,2585000000.00,2598000000.00,4087000000.00,2725000000.00,2772000000.00,2623000000.00,1877000000.00,2522000000.00,2258000000.00,2255000000.00,2060000000.00,2273000000.00,2143000000.00,2507000000.00,3687000000.00,2381000000.00,2688000000.00,2619000000.00,4350000000.00,2724000000.00,2522000000.00,2510000000.00,4408000000.00,2625000000.00,2420000000.00,2295000000.00,2219000000.00,2073000000.00,1893000000.00,2285000000.00,1725000000.00,4554000000.00,5177000000.00,5068000000.00,4746000000.00,5064000000.00,4885000000.00,4502000000.00,2926000000.00,2733000000.00,,,,,,,,,,,,,,,,,,,,,,,,,,,,,,,,,,,,,,,,,,,,,,,,,,,,,,,,,,,,,,,,,,,,,,,,,,,,,,
shortTermInvestments,538000000.00,713000000.00,822000000.00,730000000.00,671000000.00,595000000.00,440000000.00,232000000.00,170000000.00,282000000.00,187000000.00,335000000.00,384000000.00,422000000.00,328000000.00,400000000.00,334000000.00,410000000.00,378000000.00,313000000.00,401000000.00,856000000.00,617000000.00,424000000.00,563000000.00,740000000.00,634000000.00,798000000.00,596000000.00,544000000.00,628000000.00,484000000.00,453000000.00,439000000.00,582000000.00,709000000.00,686000000.00,424000000.00,621000000.00,668000000.00,898000000.00,703000000.00,851000000.00,696000000.00,873000000.00,883000000.00,1740000000.00,1356000000.00,1053000000.00,1231000000.00,1713000000.00,1730000000.00,1645000000.00,1716000000.00,1731000000.00,1648000000.00,1357000000.00,1152000000.00,1134000000.00,1382000000.00,1453000000.00,1551000000.00,1445000000.00,1306000000.00,994000000.00,1204000000.00,640000000.00,1188000000.00,569000000.00,420000000.00,203000000.00,104000000.00,,,114000000.00,141000000.00,,,,477000000.00,,,,392000000.00,305000000.00,328000000.00,573000000.00,588000000.00,,,,1297000000.00,,,,,,,,,,,,,,,,,,,,,,,,,,,,,,,,,,,,,,,,,,,
netReceivables,1725000000.00,1710000000.00,1859000000.00,1799000000.00,1787000000.00,1675000000.00,1523000000.00,1418000000.00,1400000000.00,1374000000.00,1342000000.00,1300000000.00,1404000000.00,1414000000.00,1446000000.00,1479000000.00,1503000000.00,1538000000.00,1564000000.00,1595000000.00,1510000000.00,1423000000.00,1498000000.00,1463000000.00,2357000000.00,2173000000.00,2134000000.00,2166000000.00,2081000000.00,2087000000.00,2581000000.00,2473000000.00,2477000000.00,2877000000.00,2807000000.00,2709000000.00,2755000000.00,2689000000.00,2586000000.00,2363000000.00,2326000000.00,2417000000.00,2633000000.00,2712000000.00,2671000000.00,2628000000.00,2735000000.00,2554000000.00,2392000000.00,2639000000.00,2496000000.00,2389000000.00,2381000000.00,2200000000.00,2259000000.00,2176000000.00,2415000000.00,2314000000.00,2202000000.00,2264000000.00,2451000000.00,2649000000.00,2562000000.00,2326000000.00,2119000000.00,2036000000.00,1903000000.00,1903000000.00,1883000000.00,1926000000.00,1617000000.00,1650000000.00,1770000000.00,1650000000.00,1547000000.00,1575000000.00,1317000000.00,1165000000.00,1204000000.00,1211000000.00,1279000000.00,1142000000.00,1140000000.00,1264000000.00,1292000000.00,1495000000.00,1996000000.00,1598000000.00,1586000000.00,1569000000.00,1527000000.00,1498000000.00,1943000000.00,1364000000.00,1563000000.00,936000000.00,679000000.00,447000000.00,442000000.00,383000000.00,386000000.00,401000000.00,381000000.00,346000000.00,219000000.00,208000000.00,98000000.00,104000000.00,92000000.00,74000000.00,104000000.00,65000000.00,65000000.00,58800000.00,52200000.00,43600000.00,42600000.00,40000000.00,30900000.00,,,,,,,,,,,,,,,,
longTermDebt,23631000000.00,23598000000.00,22594000000.00,21740000000.00,20198000000.00,19174000000.00,17998000000.00,17332000000.00,18517000000.00,18664000000.00,18379000000.00,18451000000.00,19505000000.00,19332000000.00,18867000000.00,18305000000.00,17879000000.00,18668000000.00,18445000000.00,17636000000.00,18088000000.00,18356000000.00,17661000000.00,17801000000.00,19776000000.00,18195000000.00,19197000000.00,19160000000.00,19740000000.00,19170000000.00,18337000000.00,18278000000.00,18398000000.00,18764000000.00,18570000000.00,18725000000.00,18719000000.00,19628000000.00,19410000000.00,18869000000.00,18533000000.00,18029000000.00,18269000000.00,18519000000.00,19225000000.00,19428000000.00,20020000000.00,20116000000.00,18704000000.00,19104000000.00,16642000000.00,16693000000.00,17920000000.00,17768000000.00,18306000000.00,17943000000.00,18089000000.00,17836000000.00,17014000000.00,16914000000.00,17690000000.00,17905000000.00,16945000000.00,16680000000.00,15542000000.00,15009000000.00,15277000000.00,14628000000.00,15387000000.00,16081000000.00,16119000000.00,15947000000.00,16339000000.00,16329000000.00,16454000000.00,16875000000.00,16437000000.00,16518000000.00,16330000000.00,16792000000.00,16134000000.00,16295000000.00,16471000000.00,17684000000.00,19110000000.00,20184000000.00,21597000000.00,20564000000.00,20915000000.00,19126000000.00,19248000000.00,16927000000.00,15975000000.00,15056000000.00,13931000000.00,,,,,,,,,,,,,,,,,,,,,,,,,,,,,,,,,,,,,,,,
inventory,798000000.00,774000000.00,864000000.00,1055000000.00,998000000.00,871000000.00,688000000.00,604000000.00,577000000.00,445000000.00,446000000.00,461000000.00,474000000.00,504000000.00,461000000.00,487000000.00,495000000.00,496000000.00,579000000.00,577000000.00,562000000.00,583000000.00,569000000.00,562000000.00,660000000.00,633000000.00,645000000.00,630000000.00,637000000.00,655000000.00,682000000.00,675000000.00,670000000.00,734000000.00,707000000.00,702000000.00,741000000.00,710000000.00,687000000.00,684000000.00,711000000.00,763000000.00,755000000.00,769000000.00,796000000.00,826000000.00,799000000.00,789000000.00,668000000.00,654000000.00,634000000.00,600000000.00,611000000.00,551000000.00,575000000.00,569000000.00,578000000.00,577000000.00,502000000.00,574000000.00,597000000.00,600000000.00,514000000.00,480000000.00,511000000.00,497000000.00,518000000.00,518000000.00,507000000.00,495000000.00,460000000.00,437000000.00,479000000.00,437000000.00,413000000.00,418000000.00,388000000.00,366000000.00,357000000.00,376000000.00,399000000.00,396000000.00,387000000.00,384000000.00,503000000.00,510000000.00,550000000.00,626000000.00,589000000.00,542000000.00,498000000.00,499000000.00,505000000.00,437000000.00,316000000.00,307000000.00,146000000.00,123000000.00,116000000.00,119000000.00,127000000.00,121000000.00,95000000.00,95000000.00,69000000.00,71000000.00,71000000.00,81000000.00,73000000.00,40000000.00,81000000.00,36000000.00,43100000.00,44500000.00,25400000.00,23100000.00,23900000.00,21900000.00,23000000.00,,,,,,,,,,,,,,,,
accountsPayable,1641000000.00,1583000000.00,1505000000.00,1730000000.00,1688000000.00,1685000000.00,1288000000.00,1153000000.00,1015000000.00,948000000.00,832000000.00,1156000000.00,1103000000.00,1207000000.00,1069000000.00,1311000000.00,1237000000.00,1234000000.00,1224000000.00,1329000000.00,1299000000.00,1506000000.00,1317000000.00,1371000000.00,2091000000.00,1684000000.00,1657000000.00,1656000000.00,1426000000.00,1434000000.00,1739000000.00,1721000000.00,1729000000.00,1994000000.00,2051000000.00,2278000000.00,2203000000.00,2130000000.00,2632000000.00,2259000000.00,2156000000.00,2622000000.00,2951000000.00,2638000000.00,2327000000.00,2171000000.00,2014000000.00,2020000000.00,1792000000.00,1892000000.00,1873000000.00,2060000000.00,4523000000.00,4067000000.00,4057000000.00,1217000000.00,1223000000.00,1038000000.00,1087000000.00,1042000000.00,1141000000.00,1135000000.00,1169000000.00,1073000000.00,978000000.00,913000000.00,892000000.00,795000000.00,1071000000.00,1116000000.00,1104000000.00,1094000000.00,1002000000.00,1033000000.00,1106000000.00,1143000000.00,1027000000.00,1083000000.00,1127000000.00,1225000000.00,1148000000.00,1180000000.00,1153000000.00,1139000000.00,1085000000.00,1258000000.00,1388000000.00,819000000.00,771000000.00,769000000.00,690000000.00,708000000.00,594000000.00,398000000.00,388000000.00,381000000.00,261000000.00,237000000.00,249000000.00,215000000.00,192000000.00,207000000.00,187000000.00,205000000.00,74000000.00,75000000.00,61000000.00,64000000.00,36000000.00,35000000.00,64000000.00,33000000.00,35400000.00,37600000.00,12600000.00,12300000.00,14200000.00,15300000.00,14700000.00,,,,,,,,,,,,,,,,
totalPermanentEquity,,,,,,,,,,,,,,,,,,,,,,5657000000.00,5525000000.00,4845000000.00,6179000000.00,6074000000.00,6129000000.00,5700000000.00,5768000000.00,5673000000.00,0.00,0.00,0.00,0.00,0.00,0.00,0.00,0.00,0.00,0.00,0.00,0.00,0.00,0.00,0.00,0.00,0.00,0.00,0.00,0.00,0.00,0.00,0.00,0.00,10536000000.00,8880000000.00,8565000000.00,8231000000.00,,,,,,,,,,,,,,,,,,,,,,,,,,,,,,,,,,,,,,,,,,,,,,,,,,,,,,,,,,,,,,,,,,,,,,,,,,,,,
noncontrollingInterestInConsolidatedEntity,,2266000000.00,2101000000.00,2067000000.00,2052000000.00,1858000000.00,1670000000.00,1769000000.00,2282000000.00,2132000000.00,2291000000.00,2086000000.00,2069000000.00,2180000000.00,2178000000.00,2233000000.00,2246000000.00,2260000000.00,2415000000.00,2396000000.00,2404000000.00,2348000000.00,2332000000.00,2380000000.00,2993000000.00,3053000000.00,3138000000.00,2906000000.00,2886000000.00,2907000000.00,2983000000.00,3022000000.00,2894000000.00,3220000000.00,3013000000.00,3053000000.00,3169000000.00,3297000000.00,3448000000.00,3321000000.00,3153000000.00,3058000000.00,3108000000.00,2945000000.00,3412000000.00,3378000000.00,3982000000.00,3783000000.00,3624000000.00,3926000000.00,4250000000.00,3940000000.00,3893000000.00,3967000000.00,4289000000.00,4205000000.00,3982000000.00,8231000000.00,,,,,,,,,,,,,,,,,,,,,,,,,,,,,,,,,,,,,,,,,,,,,,,,,,,,,,,,,,,,,,,,,,,,,,,,,,,,,
temporaryEquityRedeemableNoncontrollingInterests,,,,,,,,,,,,,,,,,,,,,,0.00,0.00,0.00,0.00,0.00,0.00,0.00,0.00,0.00,0.00,0.00,0.00,0.00,0.00,0.00,0.00,0.00,0.00,0.00,0.00,0.00,0.00,0.00,0.00,0.00,0.00,0.00,0.00,0.00,0.00,0.00,0.00,0.00,10536000000.00,8880000000.00,8565000000.00,8231000000.00,,,,,,,,,,,,,,,,,,,,,,,,,,,,,,,,,,,,,,,,,,,,,,,,,,,,,,,,,,,,,,,,,,,,,,,,,,,,,
accumulatedOtherComprehensiveIncome,-1410000000.00,-1567000000.00,-1742000000.00,-1640000000.00,-1691000000.00,-1790000000.00,-1899000000.00,-2220000000.00,-2365000000.00,-2347000000.00,-2237000000.00,-2397000000.00,-2628000000.00,-2693000000.00,-2692000000.00,-2229000000.00,-2335000000.00,-2147000000.00,-2107000000.00,-2071000000.00,-2020000000.00,-1988000000.00,-1808000000.00,-1876000000.00,-2666000000.00,-2741000000.00,-2717000000.00,-2756000000.00,-3753000000.00,-3768000000.00,-3807000000.00,-3883000000.00,-3758000000.00,-3445000000.00,-3549000000.00,-3286000000.00,-3176000000.00,-3023000000.00,-2967000000.00,-2882000000.00,-2918000000.00,-2939000000.00,-2952000000.00,-2920000000.00,-2905000000.00,-2865000000.00,-2575000000.00,-2758000000.00,-2727000000.00,-2278000000.00,-2248000000.00,-2383000000.00,-2504000000.00,-2602000000.00,-2881000000.00,-2724000000.00,-2855000000.00,-2847000000.00,-3009000000.00,-3018000000.00,-2500000000.00,-2432000000.00,-2474000000.00,-2378000000.00,-2368000000.00,-2373000000.00,-2600000000.00,-2594000000.00,-2881000000.00,-3439000000.00,-3661000000.00,-1606000000.00,-3708000000.00,-3646000000.00,-3947000000.00,-3890000000.00,-3196000000.00,-3280000000.00,-3237000000.00,-3995000000.00,-4370000000.00,-4753000000.00,-4893000000.00,-4959000000.00,-4927000000.00,-4125000000.00,-3474000000.00,-2500000000.00,-2841000000.00,-2301000000.00,-2060000000.00,-1677000000.00,-1328000000.00,-1202000000.00,-1065000000.00,-1102000000.00,-1314000000.00,-1195000000.00,-1085000000.00,-343000000.00,-312000000.00,-226000000.00,-171000000.00,-131000000.00,-100000000.00,-73000000.00,-52000000.00,-33000000.00,-13000000.00,-10000000.00,-33000000.00,-10000000.00,-3200000.00,-2500000.00,-2100000.00,-4400000.00,-2300000.00,-3700000.00,-4300000.00,,,,,,,,,,,,,,,,
additionalPaidInCapital,,,,,,,,,,,,,,,,,,,,,,0.00,0.00,8501000000.00,0.00,0.00,0.00,8592000000.00,0.00,0.00,0.00,0.00,0.00,0.00,0.00,0.00,0.00,0.00,0.00,0.00,0.00,0.00,0.00,0.00,0.00,0.00,0.00,0.00,0.00,0.00,0.00,0.00,0.00,0.00,10536000000.00,8880000000.00,8565000000.00,8231000000.00,,,,,,,,,,,,,,,,,,,,,,,,,,,,,,,,,,,,,,,,,,,,,,,,,,,,,,,,,,,,,,,,,,,,,,,,,,,,,
commonStockTotalEquity,,8000000.00,8000000.00,8000000.00,8000000.00,8000000.00,8000000.00,8000000.00,8000000.00,8000000.00,8000000.00,8000000.00,8000000.00,8000000.00,8000000.00,8000000.00,8000000.00,8000000.00,8000000.00,8000000.00,8000000.00,8000000.00,8000000.00,8000000.00,8000000.00,8000000.00,8000000.00,8000000.00,8000000.00,8000000.00,8000000.00,8000000.00,8000000.00,8000000.00,8000000.00,8000000.00,8000000.00,8000000.00,8000000.00,8000000.00,8000000.00,8000000.00,8000000.00,8000000.00,8000000.00,8000000.00,8000000.00,8000000.00,8000000.00,8000000.00,8000000.00,8000000.00,8000000.00,8000000.00,8000000.00,7000000.00,7000000.00,7000000.00,7000000.00,7000000.00,7000000.00,7000000.00,7000000.00,7000000.00,7000000.00,7000000.00,7000000.00,7000000.00,7000000.00,7000000.00,7000000.00,7000000.00,7000000.00,7000000.00,7000000.00,7000000.00,6000000.00,6000000.00,6000000.00,6000000.00,6000000.00,6000000.00,6000000.00,6000000.00,5000000.00,5000000.00,5000000.00,5000000.00,5000000.00,5000000.00,5000000.00,5000000.00,5000000.00,5000000.00,2000000.00,2000000.00,2000000.00,2000000.00,2000000.00,2000000.00,2000000.00,2000000.00,2000000.00,2000000.00,2000000.00,1000000.00,1000000.00,1000000.00,1000000.00,1000000.00,1000000.00,1000000.00,700000.00,700000.00,700000.00,700000.00,800000.00,800000.00,700000.00,,,,,,,,,,,,,,,,
preferredStockTotalEquity,,838000000.00,838000000.00,838000000.00,838000000.00,838000000.00,838000000.00,825000000.00,1043000000.00,1043000000.00,1043000000.00,,,,,,,,,,,0.00,0.00,0.00,0.00,0.00,0.00,0.00,0.00,0.00,0.00,0.00,0.00,0.00,0.00,0.00,0.00,0.00,0.00,0.00,0.00,0.00,0.00,0.00,0.00,0.00,0.00,0.00,0.00,0.00,0.00,0.00,0.00,0.00,10536000000.00,8880000000.00,8565000000.00,8231000000.00,,,,,,,,,,,,,,,,,,,,,,,,,,,,,,,,,,,,,,,,,,,,,,,,,,,,,,,,,,,,,,,,,,,,,,,,,,,,,
retainedEarningsTotalEquity,,-1523000000.00,-1484000000.00,-1635000000.00,-732000000.00,-1153000000.00,-974000000.00,-1089000000.00,-457000000.00,-800000000.00,-828000000.00,-680000000.00,-998000000.00,-665000000.00,-583000000.00,-692000000.00,-614000000.00,-824000000.00,-839000000.00,-1005000000.00,-1133000000.00,-1234000000.00,-1525000000.00,-2276000000.00,-934000000.00,-1086000000.00,-1139000000.00,-1146000000.00,-114000000.00,-284000000.00,198000000.00,143000000.00,370000000.00,258000000.00,423000000.00,512000000.00,413000000.00,-75000000.00,-208000000.00,-150000000.00,56000000.00,-15000000.00,-182000000.00,-264000000.00,-439000000.00,1159000000.00,1019000000.00,678000000.00,887000000.00,1018000000.00,844000000.00,620000000.00,1056000000.00,942000000.00,791000000.00,650000000.00,698000000.00,8231000000.00,,,,,,,,,,,,,,,,,,,,,,,,,,,,,,,,,,,,,,,,,,,,,,,,,,,,,,,,,,,,,,,,,,,,,,,,,,,,,
treasuryStock,,-1814000000.00,-1815000000.00,-1822000000.00,-1832000000.00,-1832000000.00,-1832000000.00,-1845000000.00,-1846000000.00,-1850000000.00,-1850000000.00,-1858000000.00,-1858000000.00,-1858000000.00,-1858000000.00,-1867000000.00,-1867000000.00,-1867000000.00,-1867000000.00,-1878000000.00,-1878000000.00,-1879000000.00,-1879000000.00,-1892000000.00,-1892000000.00,-1892000000.00,-1892000000.00,-1904000000.00,-1904000000.00,-1904000000.00,-1904000000.00,-1837000000.00,-1763000000.00,-1662000000.00,-1390000000.00,-1371000000.00,-1203000000.00,-1095000000.00,-1064000000.00,-1089000000.00,-830000000.00,-786000000.00,-768000000.00,-780000000.00,-780000000.00,-709000000.00,-479000000.00,-489000000.00,-434000000.00,-308000000.00,-272000000.00,-216000000.00,-132000000.00,-118000000.00,-118000000.00,-126000000.00,-126000000.00,-126000000.00,-127000000.00,-144000000.00,-144000000.00,,,,,,,,,,,,,,,,,,,,,,,,,,,,,,,,,,,,,,,,,,,,,,,,,,,,,,,,,,,,,,,,,,,,,,,,,,
accumulatedAmortization,,,,,,,,,,,,,,,,,,,,,,,,,,,,,,,,,,,,,,,,,,,,,,,,,,,,,,,,,,,,,,,,,,,,,,,,,,,,,,,,,,,,,,,,,,,,,,,,,,,,,,,,,,,,,,,,,,,,,,,,,,,,,,,,,,,,,,,
nonCurrrentAssetsOther,4335000000.00,3320000000.00,4185000000.00,4207000000.00,4244000000.00,4076000000.00,3820000000.00,3585000000.00,3419000000.00,3512000000.00,3505000000.00,3352000000.00,3299000000.00,3133000000.00,3168000000.00,3193000000.00,3235000000.00,3429000000.00,3607000000.00,3404000000.00,3542000000.00,3781000000.00,3650000000.00,3666000000.00,4263000000.00,3965000000.00,3997000000.00,3943000000.00,4018000000.00,4084000000.00,3961000000.00,4644000000.00,4489000000.00,4782000000.00,4598000000.00,3051000000.00,2881000000.00,2975000000.00,4160000000.00,3965000000.00,3805000000.00,2678000000.00,2851000000.00,2832000000.00,2754000000.00,2977000000.00,3835000000.00,3938000000.00,3278000000.00,2918000000.00,2776000000.00,2691000000.00,3149000000.00,3353000000.00,2976000000.00,2881000000.00,2614000000.00,2750000000.00,2517000000.00,2698000000.00,3117000000.00,2924000000.00,3445000000.00,2786000000.00,3166000000.00,3047000000.00,2991000000.00,3515000000.00,3338000000.00,3437000000.00,3181000000.00,2995000000.00,2948000000.00,2964000000.00,3550000000.00,3302000000.00,3749000000.00,4433000000.00,3895000000.00,479000000.00,4738000000.00,7997000000.00,7702000000.00,4565000000.00,5152000000.00,5789000000.00,3935000000.00,-3268000000.00,6300000000.00,6564000000.00,6802000000.00,-1555000000.00,6740000000.00,6508000000.00,5499000000.00,4051000000.00,3392000000.00,3593000000.00,3127000000.00,4023000000.00,3616000000.00,3702000000.00,3617000000.00,3547000000.00,2683000000.00,2377000000.00,992000000.00,900000000.00,858000000.00,768000000.00,900000000.00,345000000.00,287400000.00,285700000.00,308500000.00,296100000.00,274800000.00,269800000.00,263100000.00,,,,,,,,,,,,,,,,
deferredLongTermAssetCharges,,,,,,,,,,,,,,,,156000000.00,135000000.00,122000000.00,108000000.00,97000000.00,88000000.00,83000000.00,94000000.00,130000000.00,760000000.00,757000000.00,778000000.00,781000000.00,503000000.00,483000000.00,599000000.00,543000000.00,503000000.00,571000000.00,597000000.00,662000000.00,693000000.00,656000000.00,680000000.00,,821000000.00,896000000.00,986000000.00,996000000.00,671000000.00,658000000.00,736000000.00,715000000.00,585000000.00,661000000.00,627000000.00,646000000.00,689000000.00,604000000.00,639000000.00,604000000.00,674000000.00,,,,,,,,,,,,,,,,,,,,,,,,,,,,,,,,,,,,,,,,,,,,,,,,,,,,,,,,,,,,,,,,,,,,,,,,,,,,,,
nonCurrentAssetsTotal,35844000000.00,34300000000.00,31714000000.00,30720000000.00,30147000000.00,29147000000.00,28506000000.00,27607000000.00,29340000000.00,29197000000.00,28966000000.00,29189000000.00,28382000000.00,28600000000.00,28391000000.00,28417000000.00,27953000000.00,27721000000.00,27616000000.00,27506000000.00,27474000000.00,27310000000.00,27135000000.00,26714000000.00,32174000000.00,30151000000.00,30107000000.00,29708000000.00,29814000000.00,29593000000.00,29953000000.00,29984000000.00,29780000000.00,31069000000.00,30355000000.00,31140000000.00,31096000000.00,32026000000.00,32984000000.00,32672000000.00,32999000000.00,33026000000.00,33460000000.00,33365000000.00,32672000000.00,34432000000.00,35872000000.00,36105000000.00,30816000000.00,32462000000.00,31754000000.00,31065000000.00,32012000000.00,31137000000.00,31422000000.00,30748000000.00,30533000000.00,29396000000.00,27625000000.00,27480000000.00,28260000000.00,29211000000.00,27382000000.00,26117000000.00,25730000000.00,25067000000.00,24598000000.00,,25058000000.00,24844000000.00,24200000000.00,24044000000.00,,,24767000000.00,24794000000.00,24846000000.00,24513000000.00,24953000000.00,25018000000.00,25501000000.00,28839000000.00,28134000000.00,29427000000.00,31524000000.00,33270000000.00,34292000000.00,32083000000.00,32026000000.00,31104000000.00,30659000000.00,25460000000.00,24700000000.00,24538000000.00,20048000000.00,18293000000.00,10240000000.00,9966000000.00,8881000000.00,9527000000.00,9157000000.00,9290000000.00,7935000000.00,7719000000.00,5769000000.00,5597000000.00,3348000000.00,3120000000.00,2959000000.00,2530000000.00,3120000000.00,1895000000.00,1784300000.00,1713400000.00,1565800000.00,1479200000.00,1453600000.00,1461100000.00,1461800000.00,,,,,,,,,,,,,,,,
capitalLeaseObligations,,,,,,,,,,,,,,,,,,,,,,,,,,,,,,,,,,,,,,,,,,,,,,,,,,,,,,,,,,,,,,,,,,,,,,,,,,,,,,,,,,,,,,,,,,,,,,,,,,,,,,,,,,,,,,,,,,,,,,,,,,,,,,,,,,,,,,,
longTermDebtTotal,23631000000.00,23598000000.00,22594000000.00,21740000000.00,20198000000.00,19174000000.00,17998000000.00,17332000000.00,18517000000.00,18664000000.00,18379000000.00,18451000000.00,19505000000.00,19332000000.00,18867000000.00,18305000000.00,17879000000.00,18668000000.00,18445000000.00,17636000000.00,18088000000.00,18356000000.00,17661000000.00,17801000000.00,19776000000.00,18195000000.00,19197000000.00,19160000000.00,19740000000.00,19170000000.00,18337000000.00,18278000000.00,18398000000.00,18764000000.00,18570000000.00,18725000000.00,18719000000.00,19628000000.00,19410000000.00,18869000000.00,18533000000.00,18029000000.00,18269000000.00,18519000000.00,19225000000.00,19428000000.00,20020000000.00,20116000000.00,18704000000.00,19104000000.00,16642000000.00,16693000000.00,,,,,,,,,,,,,,,,,,,,,,,,,,,,,,,,,,,,,,,,,,,,,,,,,,,,,,,,,,,,,,,,,,,,,,,,,,,,,,,,,,,
nonCurrentLiabilitiesOther,2775000000.00,3128000000.00,3131000000.00,3168000000.00,3844000000.00,3795000000.00,4014000000.00,3358000000.00,4013000000.00,3259000000.00,3966000000.00,4098000000.00,3119000000.00,3103000000.00,3148000000.00,2917000000.00,3083000000.00,2931000000.00,2828000000.00,2723000000.00,2552000000.00,2562000000.00,2453000000.00,2595000000.00,4434000000.00,4252000000.00,4407000000.00,4401000000.00,4070000000.00,4126000000.00,4017000000.00,3823000000.00,3884000000.00,4354000000.00,4264000000.00,4564000000.00,4382000000.00,4438000000.00,4859000000.00,5041000000.00,5548000000.00,5454000000.00,6105000000.00,6162000000.00,5274000000.00,5349000000.00,5439000000.00,5636000000.00,4400000000.00,4550000000.00,4298000000.00,4385000000.00,22659000000.00,22410000000.00,23262000000.00,22884000000.00,23082000000.00,,,,,,,,,,,,,,,,,,,,,,,,,,,,,,,,,,,,,,,,,,,,,,,,,,,,,,,,,,,,,,,,,,,,,,,,,,,,,,
nonCurrentLiabilitiesTotal,29086000000.00,29119000000.00,28118000000.00,27368000000.00,26412000000.00,25228000000.00,24181000000.00,23664000000.00,24608000000.00,24993000000.00,24514000000.00,24521000000.00,24417000000.00,24476000000.00,23993000000.00,23323000000.00,23046000000.00,23728000000.00,23465000000.00,22518000000.00,22733000000.00,22946000000.00,22172000000.00,22239000000.00,25919000000.00,23984000000.00,25136000000.00,25147000000.00,25627000000.00,25085000000.00,24144000000.00,23729000000.00,24005000000.00,24937000000.00,24380000000.00,24644000000.00,24344000000.00,25258000000.00,25492000000.00,25107000000.00,25275000000.00,24756000000.00,25691000000.00,25997000000.00,25994000000.00,26209000000.00,26982000000.00,27158000000.00,23785000000.00,24605000000.00,21847000000.00,22033000000.00,23968000000.00,23683000000.00,24452000000.00,24034000000.00,24458000000.00,23790000000.00,22616000000.00,25955000000.00,23304000000.00,24192000000.00,22952000000.00,25807000000.00,21336000000.00,20638000000.00,19998000000.00,,20370000000.00,21079000000.00,20766000000.00,21353000000.00,,,21157000000.00,21660000000.00,21612000000.00,21421000000.00,21543000000.00,21967000000.00,21286000000.00,22746000000.00,22617000000.00,26788000000.00,24990000000.00,26254000000.00,27226000000.00,24626000000.00,24777000000.00,22888000000.00,21831000000.00,19958000000.00,19801000000.00,19084000000.00,16790000000.00,14525000000.00,7212000000.00,7110000000.00,5701000000.00,5729000000.00,5608000000.00,6300000000.00,5528000000.00,5149000000.00,3666000000.00,3629000000.00,2450000000.00,2306000000.00,2048000000.00,1886000000.00,2306000000.00,1385000000.00,1311200000.00,1275300000.00,1246400000.00,1222400000.00,1230000000.00,1212600000.00,1236800000.00,,,,,,,,,,,,,,,,
negativeGoodwill,,,,,,,,,,,,,,,,,,,,,,,,,,,,,,,,,,,,,,,,,,,,,,,,,,,,,,,,,,,,,,,,,,,,,,,,,,,,,,,,,,,,,,,,,,,,,,,,,,,,,,,,,,,,,,,,,,,,,,,,,,,,,,,,,,,,,,,
warrants,,1289000000.00,1283000000.00,1321000000.00,1201000000.00,1173000000.00,1134000000.00,1257000000.00,934000000.00,1149000000.00,1033000000.00,872000000.00,867000000.00,875000000.00,873000000.00,888000000.00,886000000.00,896000000.00,890000000.00,879000000.00,879000000.00,863000000.00,851000000.00,837000000.00,967000000.00,791000000.00,774000000.00,782000000.00,775000000.00,753000000.00,672000000.00,538000000.00,538000000.00,538000000.00,323000000.00,78000000.00,78000000.00,78000000.00,78000000.00,78000000.00,78000000.00,78000000.00,78000000.00,78000000.00,78000000.00,,,,,,,,,,,,,,,,,,,,,,,,,,,,,,,,,,,,,,,,,,,,,,,,,,,,,,,,,,,,,,,,,,,,,,,,,,,,,,,,,,,,,,,,,,
preferredStockRedeemable,,,,,,,,,,,,,,,,,,,,,,,,,,,,,,,,,,,,,,,,,,,,,,,,,,,,,,,,,,,,,,,,,,,,,,,,,,,,,,,,,,,,,,,,,,,,,,,,,,,,,,,,,,,,,,,,,,,,,,,,,,,,,,,,,,,,,,,
capitalSurpluse,6449000000.00,6550000000.00,6557000000.00,6688000000.00,6818000000.00,6924000000.00,6903000000.00,7119000000.00,7099000000.00,7211000000.00,7241000000.00,7561000000.00,7480000000.00,7670000000.00,7664000000.00,7776000000.00,7948000000.00,8038000000.00,8039000000.00,8154000000.00,8328000000.00,8402000000.00,8397000000.00,8501000000.00,8670000000.00,8732000000.00,8731000000.00,,8645000000.00,8714000000.00,8706000000.00,8718000000.00,8710000000.00,8705000000.00,8530000000.00,8409000000.00,8355000000.00,8396000000.00,8424000000.00,8443000000.00,8497000000.00,8481000000.00,8527000000.00,8525000000.00,8540000000.00,8530000000.00,8516000000.00,8507000000.00,8499000000.00,8471000000.00,8460000000.00,8444000000.00,8462000000.00,8457000000.00,8447000000.00,6868000000.00,6859000000.00,,,,,,,,,,,,,,,,,,,,,,,,,,,,,,,,,,,,,,,,,,,,,,,,,,,,,,,,,,,,,,,,,,,,,,,,,,,,,,
liabilitiesAndStockholdersEquity,43161000000.00,39013000000.00,39357000000.00,38363000000.00,37775000000.00,36070000000.00,34648000000.00,32963000000.00,35030000000.00,34727000000.00,35203000000.00,34603000000.00,34267000000.00,34566000000.00,34142000000.00,33648000000.00,33423000000.00,33238000000.00,33471000000.00,32521000000.00,32489000000.00,32597000000.00,32573000000.00,33112000000.00,38834000000.00,36469000000.00,36508000000.00,36119000000.00,37108000000.00,36974000000.00,36900000000.00,36850000000.00,37000000000.00,38584000000.00,37997000000.00,38966000000.00,38983000000.00,39433000000.00,40973000000.00,40411000000.00,41250000000.00,40836000000.00,42718000000.00,41830000000.00,41356000000.00,42749000000.00,45431000000.00,45333000000.00,40883000000.00,42635000000.00,40500000000.00,40511000000.00,41780000000.00,40701000000.00,41882000000.00,39535000000.00,39261000000.00,37418000000.00,34838000000.00,34806000000.00,36653000000.00,38115000000.00,35745000000.00,34453000000.00,33350000000.00,32622000000.00,31163000000.00,28063000000.00,31936000000.00,30973000000.00,29432000000.00,29380000000.00,28131000000.00,27950000000.00,29663000000.00,29732000000.00,29956000000.00,28997000000.00,29734000000.00,29904000000.00,30415000000.00,34158000000.00,32869000000.00,33776000000.00,36566000000.00,38675000000.00,40201000000.00,36736000000.00,36381000000.00,35529000000.00,35588000000.00,31033000000.00,29470000000.00,29020000000.00,23402000000.00,20880000000.00,12106000000.00,11237000000.00,10165000000.00,10781000000.00,10387000000.00,10464000000.00,8995000000.00,8909000000.00,6568000000.00,6332000000.00,4078000000.00,3622000000.00,3419000000.00,2941000000.00,3622000000.00,2320000000.00,2225500000.00,2142700000.00,1972400000.00,1914900000.00,1899500000.00,1869600000.00,1858200000.00,,,,,,,,,,,,,,,,
cashAndShortTermInvestments,2303000000.00,-26543000000.00,2263000000.00,2104000000.00,2224000000.00,1670000000.00,1496000000.00,1175000000.00,1581000000.00,1495000000.00,2073000000.00,1424000000.00,1889000000.00,1839000000.00,1872000000.00,1429000000.00,1479000000.00,1579000000.00,1804000000.00,1479000000.00,1588000000.00,1996000000.00,1829000000.00,1373000000.00,1961000000.00,1953000000.00,2222000000.00,2103000000.00,1921000000.00,1809000000.00,1813000000.00,1746000000.00,1890000000.00,1461000000.00,1919000000.00,2248000000.00,2356000000.00,1939000000.00,2034000000.00,2310000000.00,2929000000.00,2314000000.00,3152000000.00,2666000000.00,2816000000.00,2610000000.00,3428000000.00,3066000000.00,4445000000.00,4855000000.00,3721000000.00,4284000000.00,4493000000.00,4607000000.00,5123000000.00,3457000000.00,3377000000.00,2887000000.00,2401000000.00,2285000000.00,1707000000.00,2286000000.00,1766000000.00,3364000000.00,2273000000.00,2140000000.00,2123000000.00,,2449000000.00,1841000000.00,1810000000.00,1381000000.00,,,1946000000.00,1408000000.00,1582000000.00,1248000000.00,1120000000.00,1737000000.00,1477000000.00,2151000000.00,1163000000.00,780000000.00,975000000.00,1028000000.00,1313000000.00,922000000.00,1297000000.00,1190000000.00,1830000000.00,881000000.00,1106000000.00,1200000000.00,822000000.00,669000000.00,702000000.00,391000000.00,437000000.00,491000000.00,383000000.00,367000000.00,317000000.00,302000000.00,358000000.00,323000000.00,423000000.00,185000000.00,243000000.00,220000000.00,185000000.00,239000000.00,248300000.00,242900000.00,231500000.00,255200000.00,334600000.00,299400000.00,292700000.00,,,,,,,,,,,,,,,,
propertyPlantAndEquipmentGross,,34490000000.00,33095000000.00,31690000000.00,30129000000.00,29140000000.00,29187000000.00,28392000000.00,30900000000.00,22582000000.00,22498000000.00,22826000000.00,22287000000.00,22836000000.00,22570000000.00,22574000000.00,21853000000.00,21565000000.00,21228000000.00,21396000000.00,21108000000.00,20719000000.00,20688000000.00,20296000000.00,24356000000.00,23192000000.00,23148000000.00,22847000000.00,23283000000.00,23035000000.00,23416000000.00,22816000000.00,22463000000.00,23440000000.00,22848000000.00,25151000000.00,25067000000.00,25628000000.00,25353000000.00,25112000000.00,25082000000.00,25868000000.00,26012000000.00,25913000000.00,25484000000.00,25097000000.00,25589000000.00,25731000000.00,23813000000.00,25547000000.00,25023000000.00,24621000000.00,24975000000.00,24086000000.00,24827000000.00,24297000000.00,24226000000.00,23054000000.00,21705000000.00,21393000000.00,22090000000.00,23100000000.00,20919000000.00,20020000000.00,19828000000.00,19239000000.00,19074000000.00,19074000000.00,19402000000.00,19176000000.00,18654000000.00,18552000000.00,18766000000.00,18552000000.00,18823000000.00,18788000000.00,18457000000.00,18236000000.00,18434000000.00,18505000000.00,18946000000.00,19026000000.00,18636000000.00,18846000000.00,22966000000.00,23627000000.00,25226000000.00,23434000000.00,22892000000.00,21620000000.00,20998000000.00,17846000000.00,17007000000.00,17228000000.00,13732000000.00,13447000000.00,6681000000.00,6306000000.00,5688000000.00,5504000000.00,5512000000.00,5562000000.00,4296000000.00,4149000000.00,3060000000.00,3164000000.00,2304000000.00,2220000000.00,2101000000.00,1762000000.00,2220000000.00,1550000000.00,1496900000.00,1427700000.00,1257300000.00,1183100000.00,1178800000.00,1191300000.00,1198700000.00,,,,,,,,,,,,,,,,
propertyPlantAndEquipmentNet,27535000000.00,26077000000.00,24213000000.00,23039000000.00,21597000000.00,20753000000.00,20453000000.00,19906000000.00,22788000000.00,22582000000.00,22498000000.00,22826000000.00,22287000000.00,22836000000.00,22570000000.00,22574000000.00,21853000000.00,21565000000.00,21228000000.00,21396000000.00,21108000000.00,20719000000.00,20688000000.00,20296000000.00,24356000000.00,23192000000.00,23148000000.00,22847000000.00,23283000000.00,23035000000.00,23416000000.00,22816000000.00,22463000000.00,23440000000.00,22848000000.00,25151000000.00,25067000000.00,25628000000.00,25353000000.00,25112000000.00,25082000000.00,25868000000.00,26012000000.00,25913000000.00,25484000000.00,25097000000.00,25589000000.00,25731000000.00,23813000000.00,25547000000.00,25023000000.00,24621000000.00,24975000000.00,24086000000.00,24827000000.00,24297000000.00,24226000000.00,23054000000.00,21705000000.00,21393000000.00,22090000000.00,23100000000.00,20919000000.00,20020000000.00,19828000000.00,19239000000.00,19074000000.00,,19402000000.00,19176000000.00,18654000000.00,18552000000.00,,,18823000000.00,18788000000.00,18457000000.00,18236000000.00,18434000000.00,18505000000.00,18946000000.00,19026000000.00,18636000000.00,18846000000.00,22966000000.00,23627000000.00,25226000000.00,23434000000.00,22892000000.00,21620000000.00,20998000000.00,17846000000.00,17007000000.00,17228000000.00,13732000000.00,13447000000.00,6681000000.00,6306000000.00,5688000000.00,5504000000.00,5512000000.00,5562000000.00,4296000000.00,4149000000.00,3060000000.00,3164000000.00,2304000000.00,2220000000.00,2101000000.00,1762000000.00,2220000000.00,1550000000.00,1496900000.00,1427700000.00,1257300000.00,1183100000.00,1178800000.00,1191300000.00,1198700000.00,,,,,,,,,,,,,,,,
accumulatedDepreciation,,-8413000000.00,-8882000000.00,-8651000000.00,-8532000000.00,-8387000000.00,-8734000000.00,-8486000000.00,-8112000000.00,-7970000000.00,-8342000000.00,-8472000000.00,-8135000000.00,-8623000000.00,-8597000000.00,,-8599000000.00,-8440000000.00,-8273000000.00,,-8033000000.00,-7905000000.00,-8168000000.00,,-10199000000.00,-9841000000.00,-9777000000.00,,-9884000000.00,-9705000000.00,-9768000000.00,,-9264000000.00,-9996000000.00,-9652000000.00,,-9981000000.00,-10095000000.00,-9943000000.00,,-9531000000.00,-9747000000.00,-9745000000.00,-9723000000.00,-9562000000.00,-9274000000.00,-9290000000.00,-9145000000.00,-9257000000.00,-9727000000.00,-9366000000.00,-9173000000.00,-9151000000.00,-9099000000.00,-9205000000.00,-8920000000.00,-8799000000.00,,,,,,,,,,,,,,,,,,,,,,,,,,,,,,,,,,,,,,,,,,,,,,,,,,,,,,,,,,,,,,,,,,,,,,,,,,,,,,
netWorkingCapital,-1502000000.00,-423000000.00,867000000.00,1152000000.00,1726000000.00,934000000.00,389000000.00,624000000.00,1032000000.00,1193000000.00,1216000000.00,52000000.00,108000000.00,518000000.00,319000000.00,,,,,,,,,,,,,,,,,,,,,,,,,,,,,,,,,,,,,,,,,,,,,,,,,,,,,,,,,,,,,,,,,,,,,,,,,,,,,,,,,,,,,,,,,,,,,,,,,,,,,,,,,,,,,,,,,,,,,,,,
netInvestedCapital,29332000000.00,28197000000.00,26355000000.00,25097000000.00,24776000000.00,23533000000.00,22458000000.00,20672000000.00,22450000000.00,22231000000.00,22218000000.00,22515000000.00,23350000000.00,23835000000.00,23629000000.00,,,,,,,,,,,,,,,,,,,,,,,,,,,,,,,,,,,,,,,,,,,,,,,,,,,,,,,,,,,,,,,,,,,,,,,,,,,,,,,,,,,,,,,,,,,,,,,,,,,,,,,,,,,,,,,,,,,,,,,,
commonStockSharesOutstanding,712000000.00,669000000.00,712000000.00,668888889.00,711000000.00,668000000.00,711000000.00,667000000.00,711000000.00,671000000.00,666000000.00,669000000.00,666000000.00,691666667.00,668000000.00,664000000.00,667000000.00,850000000.00,667000000.00,673684211.00,665000000.00,664000000.00,663000000.00,660000000.00,663000000.00,662000000.00,659000000.00,659027778.00,662000000.00,659000000.00,663000000.00,653846154.00,682000000.00,695000000.00,706000000.00,710344828.00,740000000.00,728000000.00,724000000.00,748000000.00,747000000.00,751000000.00,749000000.00,755000000.00,747000000.00,768000000.00,785000000.00,783000000.00,778000000.00,787000000.00,792000000.00,769000000.00,814285714.00,800000000.00,701000000.00,670000000.00,671000000.00,684000000.00,666000000.00,689000000.00,675000000.00,694000000.00,679000000.00,678000000.00,675000000.00,692000000.00,669230769.00,669117647.00,654000000.00,673076923.00,663157895.00,653846154.00,659459459.00,653846154.00,652631579.00,643333333.00,664285714.00,672727273.00,600000000.00,601492537.00,633333333.00,586363636.00,581250000.00,539016897.00,542000000.00,535000000.00,541000000.00,535294118.00,537000000.00,538000000.00,532074637.00,457857143.00,462068966.00,498000000.00,414200000.00,393103448.00,394000000.00,394444444.00,372600000.00,368047337.00,352173913.00,355000000.00,350200000.00,339449541.00,370600000.00,350800000.00,321200000.00,308641975.00,290909091.00,280000000.00,290000000.00,297222222.00,300000000.00,300000000.00,275555556.00,294411765.00,284444444.00,284444444.00,248000000.00,285200000.00,288750000.00,272500000.00,263750000.00,265714286.00,278333333.00,238000000.00,240000000.00,250588235.00,272000000.00,200000000.00,217500000.00,221428571.00,196666667.00,220000000.00,190000000.00
investments,-1923000000.00,56000000.00,-82000000.00,-2011000000.00,-50000000.00,-277000000.00,-241000000.00,-357000000.00,142000000.00,-178000000.00,63000000.00,-797000000.00,98000000.00,87000000.00,254000000.00,-122000000.00,-39000000.00,-107000000.00,-160000000.00,52000000.00,304000000.00,-370000000.00,-240000000.00,-128000000.00,215000000.00,-137000000.00,191000000.00,-197000000.00,-6000000.00,61000000.00,-105000000.00,-28000000.00,-112000000.00,168000000.00,22000000.00,-73000000.00,-324000000.00,217000000.00,56000000.00,174000000.00,-193000000.00,87000000.00,-157000000.00,791000000.00,,,-350000000.00,40000000.00,,,20000000.00,13000000.00,,,-119000000.00,,,,,,,,,,,,,,,,,,,,,,,,,,,,,,,,,,,,,,,,,,,,,,,,,,,,,,,,,,,,,,,,,,,,,,,,,,,,,,,,
changeToLiabilities,,-125000000.00,-227000000.00,158000000.00,-54000000.00,328000000.00,-123000000.00,52000000.00,-20000000.00,-120000000.00,-482000000.00,422000000.00,-17000000.00,18000000.00,-99000000.00,-62000000.00,36000000.00,-77000000.00,24000000.00,156000000.00,130000000.00,-86000000.00,-83000000.00,-18000000.00,424000000.00,-123000000.00,-9000000.00,193000000.00,65000000.00,-278000000.00,-127000000.00,31000000.00,63000000.00,119000000.00,382000000.00,126000000.00,433000000.00,-481000000.00,353000000.00,-16000000.00,-309000000.00,-313000000.00,50000000.00,472000000.00,,,146000000.00,926000000.00,200000000.00,,-87000000.00,558000000.00,4000000.00,,1000000.00,,,,,260000000.00,204000000.00,47000000.00,,,,,,,,,,,,,,226000000.00,,,,,,,,,,,,,,,,356000000.00,,,,,,,,,,,,,,,,,,,,,,,,,,,,,,,,,,,,,,,,,,,
totalCashflowsFromInvestingActivities,-5673000000.00,-2126000000.00,-1624000000.00,-5836000000.00,-3825000000.00,-1430000000.00,-1153000000.00,-1323000000.00,-583000000.00,-1145000000.00,-387000000.00,-439000000.00,-495000000.00,-626000000.00,-735000000.00,-1010000000.00,-598000000.00,-450000000.00,-663000000.00,-315000000.00,-310000000.00,-296000000.00,416000000.00,-467000000.00,-1174000000.00,-768000000.00,-340000000.00,-239000000.00,-543000000.00,-778000000.00,-548000000.00,-727000000.00,-569000000.00,-350000000.00,-720000000.00,-292000000.00,27000000.00,-65000000.00,-326000000.00,-507000000.00,-561000000.00,20000000.00,-726000000.00,-298000000.00,0.00,0.00,-725000000.00,-4305000000.00,0.00,0.00,-601000000.00,-1445000000.00,0.00,0.00,-595000000.00,-1917000000.00,-1044000000.00,-384000000.00,77000000.00,,,,,,,,,,,,,,,,,,,,,,,,195000000.00,,,,,,,,,,,,,,,,,,,,,,,,,,,,,,,,,,,,,,,,,,,,,,,,,,,,
netBorrowings,,148000000.00,692000000.00,-732000000.00,920000000.00,342000000.00,451000000.00,139000000.00,147000000.00,-159000000.00,-6000000.00,-2265000000.00,781000000.00,124000000.00,1194000000.00,-194000000.00,97000000.00,36000000.00,226000000.00,-219000000.00,-259000000.00,-18000000.00,84000000.00,-228000000.00,608000000.00,-189000000.00,123000000.00,-210000000.00,209000000.00,-193000000.00,121000000.00,-36000000.00,6000000.00,-68000000.00,30000000.00,-59000000.00,-122000000.00,38000000.00,-13000000.00,-28000000.00,-76000000.00,-76000000.00,-18000000.00,-68000000.00,,,-293000000.00,216000000.00,,,19000000.00,4000000.00,,,13000000.00,,,,,,,,,,,,,,,,,,,,,,,,,,,,,,,,,,,,,,,,,,,,,,,,,,,,,,,,,,,,,,,,,,,,,,,,,,,,,,,,
totalCashFromFinancingActivities,1211000000.00,1513000000.00,1016000000.00,895000000.00,939000000.00,1106000000.00,818000000.00,276000000.00,-161000000.00,-311000000.00,993000000.00,-735000000.00,-501000000.00,128000000.00,1030000000.00,47000000.00,-241000000.00,-294000000.00,402000000.00,-480000000.00,-434000000.00,-99000000.00,-630000000.00,-635000000.00,614000000.00,143000000.00,-79000000.00,-489000000.00,-215000000.00,137000000.00,-180000000.00,-58000000.00,97000000.00,-124000000.00,113000000.00,-418000000.00,-594000000.00,-118000000.00,-132000000.00,-501000000.00,164000000.00,-1254000000.00,455000000.00,-396000000.00,-481000000.00,-899000000.00,37000000.00,1065000000.00,-273000000.00,1083000000.00,-463000000.00,-728000000.00,-670000000.00,-823000000.00,1515000000.00,367000000.00,-88000000.00,418000000.00,-87000000.00,-200000000.00,36000000.00,197000000.00,329000000.00,518000000.00,-363000000.00,-59000000.00,-706000000.00,-706000000.00,-244000000.00,-10000000.00,-277000000.00,-264000000.00,-478000000.00,-264000000.00,-176000000.00,-195000000.00,3000000.00,-354000000.00,-387000000.00,-279000000.00,-254000000.00,405000000.00,-225000000.00,-171000000.00,33000000.00,-100000000.00,410000000.00,-80000000.00,876000000.00,-105000000.00,935000000.00,1918000000.00,845000000.00,1965000000.00,763000000.00,4764000000.00,499000000.00,998000000.00,108000000.00,199000000.00,106000000.00,1291000000.00,-93000000.00,1540000000.00,196000000.00,1521000000.00,466000000.00,137000000.00,233000000.00,540000000.00,-11000000.00,109000000.00,40100000.00,-8400000.00,-10700000.00,-21400000.00,-10700000.00,-27500000.00,139800000.00,,,,,,,,,,,,,,,,
changeToOperatingActivities,,,,,237000000.00,-138000000.00,40000000.00,-229000000.00,-8000000.00,-76000000.00,50000000.00,80000000.00,-80000000.00,21000000.00,-63000000.00,-30000000.00,-34000000.00,-35000000.00,48000000.00,-43000000.00,121000000.00,-46000000.00,-31000000.00,-76000000.00,-56000000.00,-40000000.00,68000000.00,1092000000.00,132000000.00,48000000.00,253000000.00,-117000000.00,,,,-280000000.00,,,,,,,,,,,,,,,,,,,,,,,,,,,,,,,,,,,,,,,,,,,,,,,,,,,,,,,,,,,,,,,,,,,,,,,,,,,,,,,,,,,,,,,,,,,,,,,,,,,
changeInCash,325000000.00,2024000000.00,-10000000.00,53000000.00,383000000.00,89000000.00,78000000.00,-490000000.00,-52000000.00,-580000000.00,779000000.00,-554000000.00,274000000.00,-103000000.00,638000000.00,-269000000.00,-112000000.00,-422000000.00,372000000.00,-119000000.00,-20000000.00,-26000000.00,380000000.00,-449000000.00,185000000.00,-375000000.00,283000000.00,-20000000.00,60000000.00,80000000.00,-77000000.00,-175000000.00,415000000.00,-315000000.00,-202000000.00,-131000000.00,155000000.00,102000000.00,-229000000.00,-389000000.00,420000000.00,-690000000.00,335000000.00,27000000.00,216000000.00,39000000.00,-16000000.00,-1682000000.00,-232000000.00,1616000000.00,-544000000.00,-294000000.00,-43000000.00,-501000000.00,1583000000.00,-211000000.00,285000000.00,468000000.00,364000000.00,-804000000.00,-36000000.00,-23000000.00,-292000000.00,394000000.00,186000000.00,30000000.00,-414000000.00,-414000000.00,659000000.00,-12000000.00,226000000.00,-174000000.00,-217000000.00,-174000000.00,159000000.00,-174000000.00,334000000.00,128000000.00,-617000000.00,260000000.00,-176000000.00,490000000.00,394000000.00,-195000000.00,-53000000.00,-285000000.00,391000000.00,-375000000.00,107000000.00,-640000000.00,880000000.00,-225000000.00,-94000000.00,378000000.00,153000000.00,-33000000.00,311000000.00,-46000000.00,-54000000.00,108000000.00,16000000.00,50000000.00,15000000.00,-56000000.00,35000000.00,-100000000.00,238000000.00,-58000000.00,23000000.00,13000000.00,-32000000.00,-9300000.00,5400000.00,11400000.00,-23700000.00,-79400000.00,35200000.00,6700000.00,161300000.00,,,,,,,,,,,,,,,,
beginPeriodCashFlow,2010000000.00,2077000000.00,2087000000.00,2034000000.00,1651000000.00,1562000000.00,1484000000.00,1974000000.00,2026000000.00,2606000000.00,1827000000.00,2381000000.00,2107000000.00,2210000000.00,1572000000.00,1841000000.00,1953000000.00,2375000000.00,2003000000.00,2122000000.00,2142000000.00,2168000000.00,1788000000.00,1398000000.00,1213000000.00,1588000000.00,1305000000.00,1325000000.00,1265000000.00,1185000000.00,1262000000.00,1437000000.00,1022000000.00,1337000000.00,1539000000.00,1670000000.00,1515000000.00,1413000000.00,1642000000.00,2031000000.00,1611000000.00,2301000000.00,1966000000.00,1943000000.00,1727000000.00,1688000000.00,1704000000.00,3392000000.00,3624000000.00,2008000000.00,2552000000.00,2848000000.00,2891000000.00,3392000000.00,1809000000.00,2020000000.00,1735000000.00,1267000000.00,903000000.00,1707000000.00,1743000000.00,1766000000.00,2058000000.00,1664000000.00,1478000000.00,1448000000.00,1989000000.00,1989000000.00,1330000000.00,1342000000.00,1164000000.00,1555000000.00,1381000000.00,1555000000.00,1396000000.00,1582000000.00,1248000000.00,1120000000.00,1737000000.00,1477000000.00,1653000000.00,1163000000.00,769000000.00,975000000.00,1028000000.00,1313000000.00,922000000.00,1297000000.00,1190000000.00,1830000000.00,950000000.00,1106000000.00,1200000000.00,822000000.00,669000000.00,702000000.00,391000000.00,437000000.00,491000000.00,383000000.00,367000000.00,317000000.00,302000000.00,358000000.00,323000000.00,423000000.00,185000000.00,243000000.00,220000000.00,207000000.00,239000000.00,248300000.00,242900000.00,231500000.00,255200000.00,334600000.00,299400000.00,292700000.00,131400000.00,,,,,,,,,,,,,,,,
endPeriodCashFlow,2335000000.00,4101000000.00,2077000000.00,2087000000.00,2034000000.00,1651000000.00,1562000000.00,1484000000.00,1974000000.00,2026000000.00,2606000000.00,1827000000.00,2381000000.00,2107000000.00,2210000000.00,1572000000.00,1841000000.00,1953000000.00,2375000000.00,2003000000.00,2122000000.00,2142000000.00,2168000000.00,949000000.00,1398000000.00,1213000000.00,1588000000.00,1305000000.00,1325000000.00,1265000000.00,1185000000.00,1262000000.00,1437000000.00,1022000000.00,1337000000.00,1539000000.00,1670000000.00,1515000000.00,1413000000.00,1642000000.00,2031000000.00,1611000000.00,2301000000.00,1970000000.00,1943000000.00,1727000000.00,1688000000.00,1710000000.00,3392000000.00,3624000000.00,2008000000.00,2554000000.00,2848000000.00,2891000000.00,3392000000.00,1809000000.00,2020000000.00,1735000000.00,1267000000.00,903000000.00,1707000000.00,1743000000.00,1766000000.00,2058000000.00,1664000000.00,1478000000.00,1575000000.00,1575000000.00,1989000000.00,1330000000.00,1390000000.00,1381000000.00,1164000000.00,1381000000.00,1555000000.00,1408000000.00,1582000000.00,1248000000.00,1120000000.00,1737000000.00,1477000000.00,1653000000.00,1163000000.00,780000000.00,975000000.00,1028000000.00,1313000000.00,922000000.00,1297000000.00,1190000000.00,1830000000.00,881000000.00,1106000000.00,1200000000.00,822000000.00,669000000.00,702000000.00,391000000.00,437000000.00,491000000.00,383000000.00,367000000.00,317000000.00,302000000.00,358000000.00,323000000.00,423000000.00,185000000.00,243000000.00,220000000.00,207000000.00,239000000.00,248300000.00,242900000.00,231500000.00,255200000.00,334600000.00,299400000.00,292700000.00,,,,,,,,,,,,,,,,
totalCashFromOperatingActivities,1122000000.00,562000000.00,625000000.00,1066000000.00,784000000.00,408000000.00,457000000.00,523000000.00,775000000.00,351000000.00,253000000.00,668000000.00,1267000000.00,447000000.00,373000000.00,691000000.00,761000000.00,324000000.00,690000000.00,662000000.00,767000000.00,399000000.00,515000000.00,800000000.00,735000000.00,251000000.00,703000000.00,702000000.00,819000000.00,723000000.00,640000000.00,629000000.00,915000000.00,153000000.00,437000000.00,575000000.00,763000000.00,232000000.00,221000000.00,675000000.00,855000000.00,567000000.00,618000000.00,652000000.00,1015000000.00,587000000.00,647000000.00,576000000.00,1128000000.00,675000000.00,505000000.00,1098000000.00,996000000.00,732000000.00,684000000.00,314000000.00,1028000000.00,495000000.00,376000000.00,590000000.00,784000000.00,320000000.00,471000000.00,509000000.00,741000000.00,526000000.00,597000000.00,597000000.00,837000000.00,433000000.00,699000000.00,327000000.00,619000000.00,327000000.00,520000000.00,455000000.00,507000000.00,209000000.00,401000000.00,556000000.00,349000000.00,312000000.00,425000000.00,326000000.00,122000000.00,433000000.00,627000000.00,380000000.00,198000000.00,237000000.00,876000000.00,150000000.00,-302000000.00,362000000.00,249000000.00,-146000000.00,184000000.00,151000000.00,8000000.00,391000000.00,-61000000.00,190000000.00,8000000.00,76000000.00,22000000.00,85000000.00,10000000.00,35000000.00,79000000.00,23000000.00,45000000.00,30300000.00,62000000.00,62300000.00,42400000.00,42700000.00,46400000.00,35500000.00,38900000.00,,,,,,,,,,,,,,,,
issuanceOfCapitalStock,0.00,0.00,3000000.00,0.00,0.00,0.00,60000000.00,2000000.00,1000000.00,149000000.00,,,,,,,,,,,,,,,,,,,,,,,,,,,,,,,,,,,,,,,,,,,,,,,,,,,,,,,,,,,,,,,,,,,,,,,,,,,,,,,,,,,,,,,,,,,,,,,,,,,,,,,,,,,,,,,,,,,,,,,,,,,,,
depreciation,286000000.00,277000000.00,273000000.00,253000000.00,266000000.00,264000000.00,270000000.00,261000000.00,257000000.00,263000000.00,275000000.00,265000000.00,264000000.00,271000000.00,268000000.00,271000000.00,262000000.00,266000000.00,246000000.00,233000000.00,258000000.00,258000000.00,254000000.00,285000000.00,303000000.00,290000000.00,291000000.00,299000000.00,291000000.00,296000000.00,290000000.00,264000000.00,283000000.00,299000000.00,298000000.00,308000000.00,312000000.00,319000000.00,306000000.00,312000000.00,321000000.00,332000000.00,329000000.00,356000000.00,332000000.00,346000000.00,360000000.00,315000000.00,325000000.00,317000000.00,305000000.00,302000000.00,292000000.00,291000000.00,293000000.00,282000000.00,269000000.00,253000000.00,245000000.00,,,,,,,,,,,,,,,,,,,,200000000.00,,,,,,,,,,,,,,,,,,,,,,,,,,,,,,,,,,,,,,,,,,,,,,,,,,,,,,,,
otherCashflowsFromInvestingActivities,-378000000.00,-337000000.00,9000000.00,-1285000000.00,-1114000000.00,-260000000.00,-146000000.00,177000000.00,-190000000.00,-146000000.00,-18000000.00,-131000000.00,10000000.00,74000000.00,10000000.00,-111000000.00,-1000000.00,223000000.00,1000000.00,162000000.00,-16000000.00,573000000.00,1151000000.00,251000000.00,-925000000.00,18000000.00,-57000000.00,533000000.00,-22000000.00,-224000000.00,197000000.00,-78000000.00,62000000.00,31000000.00,-123000000.00,408000000.00,832000000.00,227000000.00,17000000.00,-23000000.00,96000000.00,253000000.00,-23000000.00,568000000.00,559000000.00,460000000.00,204000000.00,-2394000000.00,0.00,0.00,-142000000.00,359000000.00,534000000.00,364000000.00,17000000.00,178000000.00,83000000.00,62000000.00,75000000.00,1258000000.00,1063000000.00,1032000000.00,20000000.00,1337000000.00,985000000.00,914000000.00,139000000.00,985000000.00,857000000.00,269000000.00,150000000.00,203000000.00,124000000.00,98000000.00,25000000.00,,34000000.00,50000000.00,21000000.00,1046000000.00,,183000000.00,,538000000.00,541000000.00,113000000.00,78000000.00,1336000000.00,1174000000.00,938000000.00,1028000000.00,,,,,,,,,,,,,,,,,,,,,,,,,,,,,,,,,,,,,,,,,,,,
dividendsPaid,-111000000.00,-111000000.00,-111000000.00,-106000000.00,105000000.00,106000000.00,105000000.00,100000000.00,101000000.00,100000000.00,100000000.00,95000000.00,96000000.00,95000000.00,95000000.00,90000000.00,91000000.00,91000000.00,90000000.00,86000000.00,86000000.00,86000000.00,86000000.00,79000000.00,80000000.00,79000000.00,79000000.00,72000000.00,73000000.00,72000000.00,73000000.00,67000000.00,68000000.00,71000000.00,70000000.00,36000000.00,36000000.00,36000000.00,36000000.00,30000000.00,29000000.00,30000000.00,30000000.00,30000000.00,0.00,0.00,19000000.00,2010000000.00,0.00,0.00,43000000.00,481000000.00,409000000.00,0.00,72000000.00,285000000.00,227000000.00,322000000.00,12000000.00,,,,,,,,,,,,16000000.00,26000000.00,79000000.00,26000000.00,21000000.00,,,,8000000.00,,,,,,,,,15000000.00,15000000.00,15000000.00,15000000.00,,,,,,,,,,,,,,,,,,,,,,,,,,400000.00,,300000.00,,,,,,,,,,,,,,,,
changeToInventory,-23000000.00,85000000.00,191000000.00,-56000000.00,-134000000.00,-183000000.00,-44000000.00,-23000000.00,-77000000.00,-7000000.00,14000000.00,-5000000.00,31000000.00,-69000000.00,23000000.00,31000000.00,-28000000.00,43000000.00,-18000000.00,-23000000.00,20000000.00,-17000000.00,-16000000.00,38000000.00,-23000000.00,-27000000.00,-16000000.00,6000000.00,24000000.00,36000000.00,-24000000.00,-15000000.00,43000000.00,-19000000.00,-35000000.00,27000000.00,-36000000.00,-27000000.00,-12000000.00,22000000.00,6000000.00,-8000000.00,-4000000.00,34000000.00,33000000.00,-32000000.00,-11000000.00,-23000000.00,-30000000.00,-19000000.00,-69000000.00,1000000.00,10000000.00,-4000000.00,3000000.00,-24000000.00,1000000.00,-58000000.00,47000000.00,8000000.00,-22000000.00,,,,,,,,,,,,,,,,,,,,,,,129000000.00,,,,,,,,,,,,,,,,,,,,,,,,,,,,,,,,,,,,,,,,,,,,,,,,,,,
changeToAccountReceivables,-44000000.00,122000000.00,-62000000.00,-123000000.00,-147000000.00,-185000000.00,-77000000.00,-52000000.00,2000000.00,-41000000.00,-79000000.00,88000000.00,-10000000.00,10000000.00,-40000000.00,46000000.00,17000000.00,1000000.00,9000000.00,-81000000.00,-131000000.00,45000000.00,-39000000.00,102000000.00,-159000000.00,-170000000.00,50000000.00,-98000000.00,-31000000.00,329000000.00,37000000.00,-64000000.00,130000000.00,-107000000.00,-337000000.00,-26000000.00,-182000000.00,-93000000.00,-219000000.00,11000000.00,-56000000.00,149000000.00,42000000.00,-50000000.00,-16000000.00,14000000.00,-189000000.00,-51000000.00,-3000000.00,-70000000.00,-112000000.00,38000000.00,-67000000.00,-5000000.00,-64000000.00,144000000.00,-79000000.00,-83000000.00,80000000.00,,,,,,,,,93000000.00,,,,26000000.00,,,,,,,,,,,,128000000.00,,,,712000000.00,,,,,,,,,,,,,,,,,,,,,,,,,,,,,,,,,,,,,,,,,,,,,,,
salePurchaseOfStock,3000000.00,-100000000.00,-29000000.00,60000000.00,60000000.00,-26000000.00,-39000000.00,1167000000.00,531000000.00,-2000000.00,1106000000.00,-1000000.00,95000000.00,77000000.00,22000000.00,-170000000.00,-110000000.00,-90000000.00,-40000000.00,-138000000.00,-59000000.00,-94000000.00,-6000000.00,-410000000.00,-64000000.00,-136000000.00,-4000000.00,-306000000.00,-60000000.00,-92000000.00,-79000000.00,-74000000.00,-101000000.00,-272000000.00,-35000000.00,-168000000.00,-108000000.00,-125000000.00,6000000.00,-259000000.00,-45000000.00,3000000.00,55000000.00,301000000.00,-70000000.00,-231000000.00,5000000.00,-54000000.00,-127000000.00,-35000000.00,-63000000.00,-84000000.00,125000000.00,0.00,1570000000.00,791000000.00,0.00,0.00,,,,,,,,,,,,,,,,,,,,,,,,,,,,,,,,,,,,,,,,,,,,,,,,,,,,,,-1200000.00,-500000.00,,,,,,,,,,,,,,,,,,,,,,
otherCashflowsFromFinancingActivities,18236000000.00,16367000000.00,3999000000.00,4710000000.00,1860000000.00,3447000000.00,2455000000.00,2454000000.00,-88000000.00,551000000.00,90000000.00,208000000.00,2840000000.00,3115000000.00,1550000000.00,2685000000.00,1436000000.00,1976000000.00,1195000000.00,673000000.00,503000000.00,584000000.00,2523000000.00,964000000.00,2263000000.00,1868000000.00,720000000.00,2414000000.00,896000000.00,2075000000.00,318000000.00,-29000000.00,-95000000.00,82000000.00,638000000.00,-188000000.00,-231000000.00,1715000000.00,1119000000.00,-303000000.00,-285000000.00,1142000000.00,1494000000.00,87000000.00,36000000.00,-449000000.00,490000000.00,3923000000.00,664000000.00,1946000000.00,91000000.00,648000000.00,-26000000.00,702000000.00,242000000.00,232000000.00,335000000.00,1094000000.00,247000000.00,-222000000.00,36000000.00,197000000.00,323000000.00,496000000.00,-370000000.00,-74000000.00,-725000000.00,-137000000.00,-275000000.00,-30000000.00,-283000000.00,-246000000.00,-2000000.00,-168000000.00,-163000000.00,-204000000.00,-195000000.00,-356000000.00,-381000000.00,-281000000.00,-254000000.00,405000000.00,-225000000.00,-244000000.00,33000000.00,-100000000.00,410000000.00,-48000000.00,870000000.00,-112000000.00,932000000.00,1390000000.00,839000000.00,1058000000.00,755000000.00,3973000000.00,499000000.00,491000000.00,101000000.00,194000000.00,-79000000.00,1288000000.00,-100000000.00,1531000000.00,-149000000.00,1521000000.00,317000000.00,137000000.00,233000000.00,540000000.00,-1000000.00,110200000.00,40500000.00,-8800000.00,-11300000.00,-20600000.00,-10500000.00,-30800000.00,-9700000.00,,,,,,,,,,,,,,,,
changeToNetincome,,148000000.00,65000000.00,1382000000.00,212000000.00,462000000.00,86000000.00,1042000000.00,170000000.00,651000000.00,593000000.00,1548000000.00,-90000000.00,-77000000.00,50000000.00,446000000.00,178000000.00,176000000.00,182000000.00,250000000.00,246000000.00,-171000000.00,-364000000.00,1688000000.00,56000000.00,207000000.00,212000000.00,1008000000.00,109000000.00,679000000.00,137000000.00,274000000.00,236000000.00,58000000.00,97000000.00,-307000000.00,205000000.00,76000000.00,447000000.00,701000000.00,-11000000.00,76000000.00,180000000.00,88000000.00,,,78000000.00,-385000000.00,,,39000000.00,-644000000.00,,,88000000.00,,,,,,88000000.00,89000000.00,,,,,,,,,,,,,,,,,,,,,,,,,,,,,,,,,,,,,,,,,,,,,,,,,,,,,,,,,,,,,,,,,,,,,,,,,
capitalExpenditures,1899000000,1845000000,1551000000,1840000000,1052000000,893000000,766000000,582000000,535000000,567000000,432000000,525000000,413000000,386000000,576000000,777000000,558000000,566000000,504000000,529000000,598000000,499000000,495000000,590000000,464000000,649000000,474000000,575000000,515000000,615000000,640000000,621000000,519000000,549000000,619000000,627000000,481000000,509000000,399000000,658000000,464000000,320000000,546000000,655000000,510000000,492000000,579000000,598000000,813000000,540000000,479000000,782000000,526000000,509000000,493000000,755000000,572000000,619000000,574000000,877000000,578000000,752000000,633000000,697000000,538000000,714000000,415000000,415000000,425000000,388000000,342000000,260000000,270000000,260000000,271000000,294000000,221000000,187000000,190000000,350000000,305000000,308000000,265000000,374000000,451000000,638000000,653000000,906000000,1102000000,398000000,767000000,795000000,760000000,308000000,287000000,193000000,343000000,235000000,63000000,261000000,114000000,14000000,156000000,161000000,144000000,109000000,97000000,182000000,119000000,160000000,45000000,18600000,56200000,44700000,75700000,4300000,600000,1500000,3300000,,,,,,,,,,,,,,,,
changeReceivables,,122000000.00,-62000000.00,-123000000.00,-147000000.00,-185000000.00,-77000000.00,-52000000.00,2000000.00,-41000000.00,-79000000.00,8000000.00,10000000.00,-10000000.00,40000000.00,46000000.00,17000000.00,1000000.00,9000000.00,-81000000.00,-131000000.00,45000000.00,-39000000.00,102000000.00,-159000000.00,-170000000.00,50000000.00,-98000000.00,-31000000.00,329000000.00,37000000.00,-64000000.00,130000000.00,-107000000.00,-337000000.00,-26000000.00,-182000000.00,-93000000.00,-219000000.00,11000000.00,-56000000.00,149000000.00,42000000.00,-52000000.00,,,-189000000.00,-124000000.00,,,-112000000.00,-34000000.00,,,-64000000.00,,,,,,,,,,,,,,,,,,,,,,,,,,,,,,,,,,,,,,,,,,,,,,,,,,,,,,,,,,,,,,,,,,,,,,,,,,,,,,,,
cashFlowsOtherOperating,,74000000.00,196000000.00,438000000.00,291000000.00,-142000000.00,174000000.00,-45000000.00,-374000000.00,-193000000.00,-39000000.00,-215000000.00,,-56000000.00,23000000.00,79000000.00,-2000000.00,-152000000.00,14000000.00,-54000000.00,53000000.00,-46000000.00,-14000000.00,-9000000.00,-127000000.00,-76000000.00,77000000.00,-13000000.00,132000000.00,48000000.00,253000000.00,129000000.00,-43000000.00,-461000000.00,-222000000.00,149000000.00,-477000000.00,163000000.00,-720000000.00,-151000000.00,681000000.00,-2000000.00,-178000000.00,1662000000.00,,,-365000000.00,30000000.00,,,-54000000.00,1397000000.00,,,-39000000.00,,,,,,,,,,,,,,,,,,,,,,,,,,,,,,,,,,,,,,,,,,,,,,,,,,,,,,,,,,,,,,,,,,,,,,,,,,,,,,,,
exchangeRateChanges,,,,,,,,-21000000.00,-21000000.00,18000000.00,-22000000.00,9000000.00,4000000.00,-5000000.00,-32000000.00,10000000.00,-26000000.00,2000000.00,-4000000.00,-4000000.00,-30000000.00,-25000000.00,5000000.00,-6000000.00,3000000.00,,6000000.00,2000000.00,-1000000.00,1000000.00,7000000.00,-12000000.00,-21000000.00,8000000.00,-27000000.00,4000000.00,-41000000.00,8000000.00,-22000000.00,-22000000.00,2000000.00,-31000000.00,-8000000.00,-20000000.00,,,25000000.00,-137000000.00,,,15000000.00,29000000.00,,,-21000000.00,,,,,,,,,,,,,,,,,,,,,,,,,,,,,,,,,,,,,,,,,,,,,,,,,,,,,,,,,,,,,,,,,,,,,,,,,,,,,,,,
cashAndCashEquivalentsChanges,,-51000000.00,17000000.00,-50000000.00,481000000.00,84000000.00,122000000.00,-545000000.00,10000000.00,-700000000.00,837000000.00,-497000000.00,275000000.00,-56000000.00,636000000.00,-262000000.00,-104000000.00,-418000000.00,425000000.00,-137000000.00,-7000000.00,-95000000.00,380000000.00,-388000000.00,185000000.00,-375000000.00,283000000.00,-20000000.00,60000000.00,85000000.00,-77000000.00,-175000000.00,415000000.00,-315000000.00,-202000000.00,-131000000.00,155000000.00,102000000.00,-229000000.00,-380000000.00,477000000.00,-690000000.00,335000000.00,1486000000.00,-1402000000.00,207000000.00,-16000000.00,-873000000.00,175000000.00,427000000.00,-544000000.00,-1637000000.00,397000000.00,429000000.00,1583000000.00,,,,,,,,,,,,,,,,,,,,,,,,,,,,,,,,,,,,,,,,,,,,,,,,,,,,,,,,,,,,,,,,,,,,,,,,,,,,,,,,
changeInWorkingCapital,116000000.00,35000000.00,9000000.00,317000000.00,-115000000.00,-303000000.00,-188000000.00,-148000000.00,-37000000.00,-591000000.00,-586000000.00,-103000000.00,659000000.00,-123000000.00,-143000000.00,94000000.00,23000000.00,-185000000.00,29000000.00,-2000000.00,72000000.00,-104000000.00,-152000000.00,113000000.00,115000000.00,-396000000.00,102000000.00,88000000.00,190000000.00,135000000.00,139000000.00,50000000.00,193000000.00,-468000000.00,-212000000.00,-68000000.00,89000000.00,-441000000.00,-602000000.00,179000000.00,55000000.00,-161000000.00,-149000000.00,-5000000.00,206000000.00,58000000.00,-327000000.00,184000000.00,257000000.00,-148000000.00,-241000000.00,509000000.00,220000000.00,7000000.00,-83000000.00,-369000000.00,175000000.00,-106000000.00,-286000000.00,59000000.00,-63000000.00,-774000000.00,238000000.00,-2368000000.00,638000000.00,286000000.00,-1923000000.00,611000000.00,1177000000.00,264000000.00,-963000000.00,628000000.00,135000000.00,166000000.00,10000000.00,96000000.00,25000000.00,-222000000.00,-72000000.00,-602000000.00,273000000.00,-169000000.00,-2693000000.00,-1285000000.00,91000000.00,548000000.00,940000000.00,-685000000.00,195000000.00,125000000.00,770000000.00,-459000000.00,-437000000.00,251000000.00,75000000.00,-438000000.00,126000000.00,68000000.00,33000000.00,212000000.00,-159000000.00,46000000.00,-89000000.00,-35000000.00,-36000000.00,2000000.00,-22000000.00,-2000000.00,27000000.00,-23000000.00,-9000000.00,-23400000.00,18300000.00,-4800000.00,-7100000.00,-3800000.00,-4400000.00,-8200000.00,600000.00,,,,,,,,,,,,,,,,
stockBasedCompensation,362000000.00,127000000.00,,,,,,2138000000.00,-18000000.00,840000000.00,495000000.00,-75000000.00,996000000.00,227000000.00,9000000.00,394000000.00,54000000.00,179000000.00,21000000.00,73000000.00,133000000.00,10000000.00,-616000000.00,928000000.00,74000000.00,168000000.00,175000000.00,1264000000.00,114000000.00,1071000000.00,109000000.00,361000000.00,281000000.00,13000000.00,55000000.00,117000000.00,-266000000.00,65000000.00,316000000.00,390000000.00,264000000.00,162000000.00,132000000.00,-23000000.00,1890000000.00,-85000000.00,38000000.00,-519000000.00,312000000.00,73000000.00,25000000.00,993000000.00,200000000.00,-15000000.00,17000000.00,172000000.00,-12000000.00,-3000000.00,-100000000.00,,,,,,,,,,,,,,,,,,,,,,,,,,,,,,,,,,,,,,,,,,,,,,,,,,,,,,,,,,,,,,,,,,,,,,,,,,,,
otherNonCashItems,50000000.00,250000000.00,165000000.00,1478000000.00,144000000.00,619000000.00,211000000.00,-69000000.00,92000000.00,10000000.00,77000000.00,71000000.00,225000000.00,17000000.00,8000000.00,64000000.00,135000000.00,44000000.00,99000000.00,85000000.00,75000000.00,-184000000.00,72000000.00,85000000.00,-33000000.00,51000000.00,43000000.00,62000000.00,27000000.00,82000000.00,-3000000.00,-45000000.00,-20000000.00,16000000.00,54000000.00,-44000000.00,89000000.00,18000000.00,79000000.00,74000000.00,28000000.00,-40000000.00,94000000.00,-60000000.00,-40000000.00,90000000.00,-40000000.00,84000000.00,154000000.00,-5000000.00,-84000000.00,-88000000.00,-27000000.00,-68000000.00,26000000.00,-93000000.00,69000000.00,-94000000.00,41000000.00,666000000.00,614000000.00,191000000.00,,2860000000.00,,-7000000.00,2439000000.00,,,,1485000000.00,-377000000.00,,,377000000.00,199000000.00,342000000.00,393000000.00,225000000.00,1602000000.00,,442000000.00,330000000.00,4723000000.00,345000000.00,,,1013000000.00,,,,388000000.00,1000000.00,,,180000000.00,,12000000.00,9000000.00,83000000.00,-9000000.00,58000000.00,12000000.00,51000000.00,4000000.00,34000000.00,-13000000.00,5000000.00,12000000.00,10000000.00,11000000.00,15700000.00,4600000.00,28100000.00,10600000.00,8100000.00,14500000.00,11500000.00,8300000.00,,,,,,,,,,,,,,,,
freeCashFlow,-777000000.00,-1283000000.00,-926000000.00,-774000000.00,-268000000.00,-485000000.00,-309000000.00,-59000000.00,240000000.00,-216000000.00,-179000000.00,143000000.00,854000000.00,61000000.00,-203000000.00,-86000000.00,203000000.00,-242000000.00,186000000.00,133000000.00,169000000.00,-100000000.00,20000000.00,210000000.00,271000000.00,-398000000.00,229000000.00,127000000.00,304000000.00,108000000.00,,8000000.00,396000000.00,-396000000.00,-182000000.00,-52000000.00,282000000.00,-277000000.00,-178000000.00,17000000.00,391000000.00,247000000.00,72000000.00,-3000000.00,505000000.00,95000000.00,68000000.00,-22000000.00,315000000.00,135000000.00,26000000.00,316000000.00,470000000.00,223000000.00,191000000.00,-441000000.00,456000000.00,-124000000.00,-198000000.00,-287000000.00,206000000.00,-432000000.00,-162000000.00,-188000000.00,203000000.00,-188000000.00,182000000.00,182000000.00,412000000.00,45000000.00,357000000.00,67000000.00,349000000.00,67000000.00,249000000.00,161000000.00,286000000.00,22000000.00,211000000.00,206000000.00,44000000.00,4000000.00,160000000.00,-48000000.00,-329000000.00,-205000000.00,-26000000.00,-526000000.00,-904000000.00,-161000000.00,109000000.00,-645000000.00,-1062000000.00,54000000.00,-38000000.00,-339000000.00,-159000000.00,-84000000.00,-55000000.00,130000000.00,-175000000.00,204000000.00,-148000000.00,-85000000.00,-122000000.00,-24000000.00,-87000000.00,-147000000.00,-40000000.00,-137000000.00,,48900000.00,5800000.00,17600000.00,-33300000.00,38400000.00,45800000.00,34000000.00,35600000.00,,,,,,,,,,,,,,,,
researchDevelopment,,,,,,,,,,,,,,,,,,,,0.00,0.00,0.00,0.00,0.00,0.00,0.00,0.00,0.00,0.00,0.00,0.00,0.00,0.00,0.00,0.00,0.00,0.00,0.00,0.00,0.00,0.00,0.00,0.00,0.00,0.00,0.00,0.00,0.00,0.00,0.00,0.00,0.00,0.00,0.00,0.00,0.00,0.00,0.00,0.00,0.00,0.00,0.00,0.00,0.00,0.00,0.00,0.00,0.00,0.00,0.00,0.00,0.00,0.00,0.00,0.00,0.00,0.00,0.00,0.00,0.00,0.00,0.00,0.00,0.00,0.00,0.00,0.00,0.00,0.00,0.00,0.00,0.00,0.00,0.00,0.00,,,,,,,,,,,,,,,,,,,,,,,,,,,,,,,,,,,,,,,,
effectOfAccountingCharges,,,,,,,,,,,,,,,,,,,,0.00,0.00,0.00,0.00,0.00,0.00,0.00,0.00,0.00,0.00,0.00,0.00,0.00,0.00,0.00,0.00,0.00,0.00,0.00,0.00,0.00,0.00,0.00,0.00,0.00,0.00,0.00,0.00,0.00,0.00,0.00,0.00,0.00,0.00,0.00,0.00,0.00,0.00,0.00,0.00,0.00,0.00,0.00,0.00,0.00,0.00,0.00,0.00,0.00,0.00,0.00,0.00,0.00,0.00,0.00,0.00,0.00,0.00,0.00,0.00,0.00,0.00,0.00,0.00,0.00,0.00,0.00,0.00,0.00,0.00,0.00,0.00,0.00,0.00,0.00,0.00,,,,,,,,,,,,,,,,,,,,,,,,,,,,,,,,,,,,,,,,
incomeBeforeTax,414000000.00,324000000.00,265000000.00,-890000000.00,617000000.00,-160000000.00,264000000.00,-1529000000.00,586000000.00,-130000000.00,9000000.00,579000000.00,-516000000.00,105000000.00,320000000.00,105000000.00,424000000.00,118000000.00,354000000.00,346000000.00,332000000.00,342000000.00,998000000.00,25000000.00,347000000.00,240000000.00,160000000.00,-308000000.00,294000000.00,-22000000.00,160000000.00,237000000.00,166000000.00,384000000.00,335000000.00,434000000.00,606000000.00,418000000.00,118000000.00,-57000000.00,386000000.00,409000000.00,299000000.00,591000000.00,-1251000000.00,201000000.00,773000000.00,660000000.00,228000000.00,625000000.00,703000000.00,-443000000.00,381000000.00,532000000.00,580000000.00,461000000.00,627000000.00,586000000.00,669000000.00,744000000.00,313000000.00,1220000000.00,474000000.00,531000000.00,237000000.00,553000000.00,106000000.00,106000000.00,-279000000.00,317000000.00,272000000.00,167000000.00,387000000.00,167000000.00,259000000.00,140000000.00,211000000.00,126000000.00,138000000.00,155000000.00,66000000.00,99000000.00,113000000.00,-2635000000.00,-145000000.00,-107000000.00,298000000.00,356000000.00,5000000.00,173000000.00,163000000.00,307000000.00,186000000.00,154000000.00,252000000.00,185000000.00,85000000.00,105000000.00,-19000000.00,138000000.00,109000000.00,107000000.00,98000000.00,62000000.00,65000000.00,61000000.00,56000000.00,49000000.00,48000000.00,44000000.00,44000000.00,42400000.00,42100000.00,41200000.00,38300000.00,37000000.00,37100000.00,37700000.00,30000000.00,5300000.00,23100000.00,21800000.00,21100000.00,15200000.00,16700000.00,11900000.00,12000000.00,10400000.00,13600000.00,10000000.00,8700000.00,3300000.00,5900000.00,4400000.00,1900000.00
minorityInterest,-60000000.00,20000000.00,-38000000.00,83000000.00,25000000.00,-43000000.00,-56000000.00,698000000.00,142000000.00,2192000000.00,119000000.00,-129000000.00,-148000000.00,86000000.00,85000000.00,-116000000.00,-88000000.00,-50000000.00,79000000.00,680000000.00,-90000000.00,-128000000.00,-98000000.00,729000000.00,-109000000.00,-97000000.00,-125000000.00,453000000.00,-57000000.00,-95000000.00,52000000.00,172000000.00,-23000000.00,195000000.00,112000000.00,92000000.00,20000000.00,142000000.00,124000000.00,2000000.00,152000000.00,166000000.00,119000000.00,148000000.00,166000000.00,67000000.00,174000000.00,654000000.00,306000000.00,253000000.00,259000000.00,267000000.00,283000000.00,285000000.00,215000000.00,364000000.00,255000000.00,218000000.00,274000000.00,148000000.00,213000000.00,258000000.00,175000000.00,271000000.00,163000000.00,248000000.00,141000000.00,31000000.00,185000000.00,169000000.00,74000000.00,102000000.00,97000000.00,19000000.00,106000000.00,36000000.00,36000000.00,74000000.00,53000000.00,33000000.00,36000000.00,20000000.00,21000000.00,-20000000.00,20000000.00,0.00,0.00,47000000.00,-26000000.00,26000000.00,30000000.00,55000000.00,34000000.00,17000000.00,18000000.00,,,,,,,,,,,,,,,,,,,,,,,,,,,,,,,,,,,,,,,,
sellingGeneralAdministrative,64000000.00,75000000.00,55000000.00,58000000.00,51000000.00,46000000.00,52000000.00,36000000.00,39000000.00,45000000.00,46000000.00,46000000.00,41000000.00,40000000.00,38000000.00,60000000.00,41000000.00,49000000.00,46000000.00,58000000.00,43000000.00,35000000.00,56000000.00,60000000.00,52000000.00,49000000.00,54000000.00,59000000.00,40000000.00,47000000.00,48000000.00,46000000.00,45000000.00,50000000.00,55000000.00,39000000.00,45000000.00,52000000.00,51000000.00,37000000.00,63000000.00,59000000.00,61000000.00,301000000.00,64000000.00,74000000.00,87000000.00,391000000.00,91000000.00,97000000.00,95000000.00,339000000.00,98000000.00,101000000.00,82000000.00,263000000.00,82000000.00,88000000.00,85000000.00,84000000.00,90000000.00,89000000.00,99000000.00,305000000.00,93000000.00,58000000.00,56000000.00,125000000.00,66000000.00,59000000.00,55000000.00,45000000.00,49000000.00,45000000.00,49000000.00,52000000.00,40000000.00,42000000.00,48000000.00,60000000.00,36000000.00,32000000.00,29000000.00,44000000.00,12000000.00,28000000.00,28000000.00,33000000.00,19000000.00,46000000.00,22000000.00,16000000.00,21000000.00,19000000.00,29000000.00,27000000.00,13000000.00,15000000.00,16000000.00,14000000.00,15000000.00,12000000.00,15000000.00,20000000.00,10000000.00,6000000.00,9000000.00,12000000.00,8000000.00,6000000.00,9000000.00,,7700000.00,6500000.00,7500000.00,,8900000.00,6600000.00,6300000.00,,,,,,,,,,,,,,,,
sellingAndMarketingExpenses,,,,,,,,,,,,,,,,,,,,,,,,,,,,,,,,,,,,,,,,,,,,225000000.00,,,,283000000.00,,,,226000000.00,,,,173000000.00,,,,,,9000000.00,,190000000.00,,30000000.00,29000000.00,,,,,,,,,,,,,,,,,,,,,,,,,,,,,,,,,,,,,,,,,,,,,,,,,,,,,,,,,,,,,,,,,,,,
grossProfit,918000000.00,498000000.00,594000000.00,563000000.00,892000000.00,563000000.00,530000000.00,559000000.00,760000000.00,728000000.00,664000000.00,906000000.00,756000000.00,524000000.00,507000000.00,560000000.00,701000000.00,502000000.00,586000000.00,646000000.00,671000000.00,600000000.00,656000000.00,490000000.00,711000000.00,670000000.00,593000000.00,662000000.00,688000000.00,574000000.00,504000000.00,718000000.00,673000000.00,754000000.00,721000000.00,708000000.00,767000000.00,819000000.00,794000000.00,644000000.00,937000000.00,918000000.00,755000000.00,940000000.00,1004000000.00,692000000.00,1078000000.00,1115000000.00,1020000000.00,1019000000.00,1016000000.00,1011000000.00,985000000.00,982000000.00,1000000000.00,757000000.00,1008000000.00,847000000.00,883000000.00,3460000000.00,4345000000.00,1710000000.00,1046000000.00,-4502000000.00,3471000000.00,1349000000.00,3129000000.00,3129000000.00,974000000.00,919000000.00,2973000000.00,526000000.00,0.00,2668000000.00,806000000.00,2543000000.00,731000000.00,648000000.00,680000000.00,2087000000.00,654000000.00,491000000.00,602000000.00,2134000000.00,590000000.00,440000000.00,729000000.00,711000000.00,506000000.00,461000000.00,624000000.00,1075000000.00,453000000.00,335000000.00,419000000.00,589000000.00,245000000.00,219000000.00,289000000.00,289000000.00,285000000.00,210000000.00,223000000.00,187000000.00,131000000.00,117000000.00,109000000.00,125000000.00,97000000.00,220000000.00,88000000.00,88900000.00,87600000.00,79000000.00,78100000.00,78600000.00,77900000.00,79700000.00,70900000.00,131100000.00,129200000.00,128800000.00,129500000.00,117200000.00,107600000.00,87200000.00,89000000.00,87000000.00,92300000.00,81300000.00,72900000.00,50000000.00,55100000.00,51000000.00,34000000.00
reconciledDepreciation,286000000.00,277000000.00,273000000.00,253000000.00,266000000.00,264000000.00,270000000.00,261000000.00,257000000.00,263000000.00,275000000.00,265000000.00,264000000.00,271000000.00,268000000.00,271000000.00,262000000.00,266000000.00,246000000.00,233000000.00,258000000.00,258000000.00,254000000.00,285000000.00,303000000.00,290000000.00,291000000.00,299000000.00,291000000.00,296000000.00,290000000.00,264000000.00,283000000.00,299000000.00,298000000.00,308000000.00,312000000.00,319000000.00,306000000.00,312000000.00,321000000.00,332000000.00,329000000.00,356000000.00,332000000.00,346000000.00,360000000.00,315000000.00,325000000.00,317000000.00,305000000.00,302000000.00,292000000.00,291000000.00,293000000.00,282000000.00,269000000.00,253000000.00,245000000.00,,,,,,,,,,,,,,,,,,,,,,,,,,,,,,,,,,,,,,,,,,,,,,,,,,,,,,,,,,,,,,,,,,,,,,,,,,,,
ebit,998000000.00,564000000.00,658000000.00,475000000.00,939000000.00,605000000.00,548000000.00,717000000.00,793000000.00,935000000.00,680000000.00,919000000.00,781000000.00,397000000.00,494000000.00,458000000.00,741000000.00,535000000.00,618000000.00,546000000.00,707000000.00,645000000.00,677000000.00,405000000.00,754000000.00,718000000.00,641000000.00,661000000.00,768000000.00,667000000.00,588000000.00,849000000.00,783000000.00,842000000.00,752000000.00,798000000.00,784000000.00,842000000.00,816000000.00,673000000.00,969000000.00,923000000.00,761000000.00,973000000.00,1029000000.00,701000000.00,1082000000.00,1114000000.00,1032000000.00,1019000000.00,1016000000.00,1002000000.00,984000000.00,691000000.00,1027000000.00,746000000.00,1019000000.00,849000000.00,896000000.00,2181000000.00,865000000.00,-3240000000.00,-3204000000.00,7225000000.00,-2724000000.00,800000000.00,432000000.00,106000000.00,-2242000000.00,-2178000000.00,851000000.00,481000000.00,387000000.00,167000000.00,735000000.00,693000000.00,701000000.00,575000000.00,637000000.00,655000000.00,487000000.00,-1757000000.00,-1650000000.00,-3672000000.00,-1810000000.00,353000000.00,644000000.00,678000000.00,450000000.00,415000000.00,508000000.00,477000000.00,432000000.00,316000000.00,390000000.00,276000000.00,232000000.00,204000000.00,310000000.00,163000000.00,153000000.00,125000000.00,119000000.00,54000000.00,65000000.00,75000000.00,62000000.00,71000000.00,75000000.00,69000000.00,65000000.00,62300000.00,65100000.00,60600000.00,58600000.00,57600000.00,58200000.00,62300000.00,54000000.00,,,,,,,,,,,,,,,,
ebitda,1284000000.00,841000000.00,931000000.00,728000000.00,1205000000.00,869000000.00,818000000.00,978000000.00,1050000000.00,1198000000.00,955000000.00,1184000000.00,1045000000.00,668000000.00,762000000.00,729000000.00,1003000000.00,801000000.00,864000000.00,779000000.00,965000000.00,903000000.00,931000000.00,690000000.00,1057000000.00,1008000000.00,932000000.00,960000000.00,1059000000.00,963000000.00,878000000.00,1113000000.00,1066000000.00,1141000000.00,1050000000.00,1106000000.00,1096000000.00,1161000000.00,1122000000.00,985000000.00,1290000000.00,1255000000.00,1090000000.00,1329000000.00,1361000000.00,1047000000.00,1442000000.00,1429000000.00,1357000000.00,1336000000.00,1321000000.00,1304000000.00,1276000000.00,982000000.00,1320000000.00,1028000000.00,1288000000.00,1102000000.00,1141000000.00,2422000000.00,1125000000.00,-2000000.00,832000000.00,1501000000.00,768000000.00,542000000.00,292000000.00,292000000.00,1514000000.00,885000000.00,898000000.00,394000000.00,863000000.00,394000000.00,959000000.00,925000000.00,911000000.00,774000000.00,837000000.00,747000000.00,451000000.00,228000000.00,504000000.00,-852000000.00,308000000.00,416000000.00,591000000.00,574000000.00,484000000.00,306000000.00,471000000.00,339000000.00,329000000.00,217000000.00,272000000.00,146000000.00,249000000.00,163000000.00,370000000.00,211000000.00,226000000.00,155000000.00,164000000.00,115000000.00,84000000.00,94000000.00,77000000.00,74000000.00,80000000.00,212000000.00,74000000.00,74000000.00,76800000.00,69000000.00,68300000.00,65500000.00,65800000.00,70900000.00,61300000.00,131100000.00,129200000.00,128800000.00,129500000.00,117200000.00,107600000.00,87200000.00,89000000.00,87000000.00,92300000.00,81300000.00,72900000.00,50000000.00,55100000.00,51000000.00,34000000.00
depreciationAndAmortization,286000000.00,277000000.00,273000000.00,253000000.00,266000000.00,264000000.00,270000000.00,261000000.00,257000000.00,263000000.00,275000000.00,265000000.00,264000000.00,271000000.00,268000000.00,271000000.00,262000000.00,266000000.00,246000000.00,233000000.00,258000000.00,258000000.00,254000000.00,285000000.00,303000000.00,290000000.00,291000000.00,299000000.00,291000000.00,296000000.00,290000000.00,264000000.00,283000000.00,299000000.00,298000000.00,308000000.00,312000000.00,319000000.00,306000000.00,312000000.00,321000000.00,332000000.00,329000000.00,356000000.00,332000000.00,346000000.00,360000000.00,315000000.00,325000000.00,317000000.00,305000000.00,302000000.00,292000000.00,291000000.00,293000000.00,282000000.00,269000000.00,253000000.00,245000000.00,241000000.00,260000000.00,3238000000.00,4036000000.00,-5724000000.00,3492000000.00,-258000000.00,-140000000.00,,3756000000.00,3063000000.00,47000000.00,-87000000.00,,,224000000.00,232000000.00,210000000.00,199000000.00,200000000.00,92000000.00,-36000000.00,1985000000.00,2154000000.00,2820000000.00,2118000000.00,63000000.00,-53000000.00,-104000000.00,34000000.00,-109000000.00,-37000000.00,-138000000.00,-103000000.00,-99000000.00,-118000000.00,-130000000.00,17000000.00,-41000000.00,60000000.00,48000000.00,73000000.00,30000000.00,45000000.00,61000000.00,19000000.00,19000000.00,15000000.00,3000000.00,5000000.00,143000000.00,9000000.00,11700000.00,11700000.00,8400000.00,9700000.00,7900000.00,7600000.00,8600000.00,7300000.00,,,,,,,,,,,,,,,,
nonOperatingIncomeNetOther,,49000000.00,86000000.00,-84000000.00,86000000.00,118000000.00,24000000.00,-1627000000.00,173000000.00,292000000.00,75000000.00,62000000.00,-188000000.00,-150000000.00,68000000.00,-213000000.00,-51000000.00,55000000.00,55000000.00,39000000.00,58000000.00,143000000.00,686000000.00,-6000000.00,96000000.00,47000000.00,100000000.00,107000000.00,85000000.00,85000000.00,222000000.00,248000000.00,244000000.00,26000000.00,59000000.00,104000000.00,283000000.00,41000000.00,-64000000.00,-11000000.00,13000000.00,-97000000.00,41000000.00,20000000.00,135000000.00,-3000000.00,233000000.00,74000000.00,-65000000.00,133000000.00,144000000.00,99000000.00,224000000.00,159000000.00,72000000.00,,126000000.00,,,,,,,,,,,,,,,,,,,,,,,,,,,,,,,,,,,,,,,,,,,,,,,,,,,,,,,,,,,,,,,,,,,,,,,,,,,,,,
operatingIncome,1772000000.00,564000000.00,658000000.00,475000000.00,939000000.00,605000000.00,548000000.00,-598000000.00,550000000.00,683000000.00,618000000.00,860000000.00,715000000.00,484000000.00,469000000.00,500000000.00,660000000.00,453000000.00,540000000.00,581000000.00,628000000.00,565000000.00,600000000.00,445000000.00,644000000.00,621000000.00,539000000.00,551000000.00,648000000.00,527000000.00,456000000.00,672000000.00,628000000.00,704000000.00,666000000.00,669000000.00,722000000.00,767000000.00,743000000.00,607000000.00,874000000.00,859000000.00,694000000.00,864000000.00,940000000.00,618000000.00,991000000.00,1007000000.00,929000000.00,922000000.00,921000000.00,898000000.00,887000000.00,881000000.00,918000000.00,667000000.00,926000000.00,466000000.00,505000000.00,9572000000.00,846000000.00,-3240000000.00,-3204000000.00,7225000000.00,-2724000000.00,800000000.00,432000000.00,432000000.00,-2242000000.00,-2178000000.00,851000000.00,481000000.00,850000000.00,481000000.00,-1912000000.00,-1881000000.00,-1732000000.00,-1689000000.00,631000000.00,655000000.00,487000000.00,-1757000000.00,-1650000000.00,-3672000000.00,-1810000000.00,353000000.00,644000000.00,678000000.00,450000000.00,415000000.00,508000000.00,477000000.00,432000000.00,316000000.00,390000000.00,276000000.00,232000000.00,204000000.00,213000000.00,226000000.00,197000000.00,168000000.00,161000000.00,101000000.00,93000000.00,89000000.00,78000000.00,71000000.00,75000000.00,69000000.00,65000000.00,62300000.00,65100000.00,60600000.00,58600000.00,57600000.00,58200000.00,62300000.00,54000000.00,131100000.00,129200000.00,128800000.00,129500000.00,117200000.00,107600000.00,87200000.00,89000000.00,87000000.00,92300000.00,81300000.00,72900000.00,50000000.00,55100000.00,51000000.00,34000000.00
otherOperatingExpenses,2580000000.00,2604000000.00,2700000000.00,2535000000.00,2786000000.00,2581000000.00,2374000000.00,2247000000.00,2315000000.00,2017000000.00,2017000000.00,1700000000.00,1830000000.00,1733000000.00,1869000000.00,1931000000.00,1965000000.00,2030000000.00,2110000000.00,2034000000.00,2209000000.00,1972000000.00,2140000000.00,509000000.00,2988000000.00,2849000000.00,2953000000.00,2941000000.00,2894000000.00,2702000000.00,3015000000.00,2728000000.00,3093000000.00,3154000000.00,3318000000.00,3463000000.00,3719000000.00,3544000000.00,3519000000.00,3176000000.00,3129000000.00,3209000000.00,3571000000.00,3758000000.00,3647000000.00,3574000000.00,3749000000.00,3150000000.00,3452000000.00,3622000000.00,3343000000.00,3506000000.00,3264000000.00,3140000000.00,3194000000.00,2741000000.00,2912000000.00,2736000000.00,2580000000.00,2791000000.00,3499000000.00,3240000000.00,3204000000.00,2954000000.00,2724000000.00,2544000000.00,2697000000.00,2697000000.00,2242000000.00,2178000000.00,2122000000.00,2187000000.00,1932000000.00,2187000000.00,1912000000.00,1881000000.00,1732000000.00,1689000000.00,1626000000.00,1432000000.00,1835000000.00,1757000000.00,1650000000.00,3672000000.00,1810000000.00,1778000000.00,2075000000.00,1621000000.00,1818000000.00,1800000000.00,2037000000.00,1439000000.00,1329000000.00,1222000000.00,1086000000.00,852000000.00,615000000.00,436000000.00,425000000.00,420000000.00,415000000.00,397000000.00,414000000.00,430000000.00,265000000.00,172000000.00,183000000.00,213000000.00,130000000.00,105000000.00,107000000.00,110600000.00,109000000.00,106700000.00,78900000.00,77500000.00,78200000.00,73700000.00,71200000.00,,,,,,,,,,,,,,,,
interestExpense,326000000.00,310000000.00,330000000.00,304000000.00,276000000.00,279000000.00,258000000.00,242000000.00,242000000.00,237000000.00,190000000.00,297000000.00,290000000.00,218000000.00,233000000.00,262000000.00,250000000.00,273000000.00,265000000.00,257000000.00,255000000.00,263000000.00,281000000.00,136000000.00,353000000.00,333000000.00,348000000.00,345000000.00,354000000.00,390000000.00,364000000.00,375000000.00,388000000.00,310000000.00,363000000.00,385000000.00,390000000.00,323000000.00,373000000.00,417000000.00,357000000.00,346000000.00,377000000.00,370000000.00,401000000.00,385000000.00,416000000.00,425000000.00,432000000.00,396000000.00,351000000.00,359000000.00,387000000.00,394000000.00,393000000.00,320000000.00,421000000.00,383000000.00,391000000.00,1844000000.00,458000000.00,412000000.00,435000000.00,1763000000.00,453000000.00,432000000.00,418000000.00,440000000.00,488000000.00,442000000.00,434000000.00,475000000.00,447000000.00,475000000.00,467000000.00,493000000.00,470000000.00,460000000.00,493000000.00,451000000.00,504000000.00,589000000.00,582000000.00,434000000.00,554000000.00,528000000.00,460000000.00,367000000.00,372000000.00,372000000.00,405000000.00,352000000.00,337000000.00,261000000.00,264000000.00,,,,,,126000000.00,,,,,,,,38000000.00,,,,,,,,,,,,,,,,,,,,,,,,,,
taxProvision,109000000.00,-2000000.00,72000000.00,79000000.00,145000000.00,-19000000.00,60000000.00,-208000000.00,126000000.00,-59000000.00,8000000.00,161000000.00,-147000000.00,113000000.00,89000000.00,50000000.00,130000000.00,57000000.00,115000000.00,,,,,,,,,,,,,,,,,,,,,,,,,,,,,,,,,,,,,,,,,,,,,,,,,,,,,,,,,,,,,,,,,,,,,,,,,,,,,,,,,,,,,,,,,,,,,,,,,,,,,,,,,,,,,,,,,,,,
interestIncome,144000000.00,131000000.00,123000000.00,119000000.00,168000000.00,95000000.00,75000000.00,158000000.00,71000000.00,166000000.00,68000000.00,70000000.00,224000000.00,64000000.00,70000000.00,76000000.00,81000000.00,82000000.00,190000000.00,,,,,,,,,,,,,,,,,,,,,,,,,,,,,,,,,,,,,,,,,,,,,,,,,,,,,,,,,,,,,,,,,,,,,,,,,,,,,,,,,,,,,,,,,,,,,,,,,,,,,,,,,,,,,,,,,,,,
netInterestIncome,-182000000.00,-179000000.00,-207000000.00,-185000000.00,-176000000.00,-184000000.00,-183000000.00,-156000000.00,-171000000.00,-164000000.00,-122000000.00,-227000000.00,-226000000.00,-154000000.00,-163000000.00,-186000000.00,-169000000.00,-191000000.00,-186000000.00,,,,,,,,,,,,,,,,,,,,,,,,,,,,,,,,,,,,,,,,,,,,,,,,,,,,,,,,,,,,,,,,,,,,,,,,,,,,,,,,,,,,,,,,,,,,,,,,,,,,,,,,,,,,,,,,,,,,
extraordinaryItems,,,,0.00,0.00,0.00,,0.00,0.00,4000000.00,,,,3000000.00,,,,1000000.00,,-12000000.00,0.00,0.00,0.00,0.00,0.00,0.00,0.00,0.00,0.00,0.00,0.00,0.00,0.00,0.00,0.00,0.00,0.00,0.00,0.00,0.00,0.00,0.00,0.00,0.00,0.00,0.00,0.00,0.00,0.00,0.00,0.00,0.00,0.00,0.00,0.00,0.00,0.00,0.00,0.00,0.00,0.00,0.00,0.00,0.00,0.00,0.00,0.00,21000000.00,-21000000.00,21000000.00,0.00,0.00,0.00,0.00,0.00,0.00,0.00,0.00,0.00,42000000.00,1000000.00,0.00,0.00,0.00,-127000000.00,127000000.00,0.00,0.00,0.00,0.00,0.00,0.00,0.00,0.00,0.00,,,,,,,,,,,,,,,,,,,,,,,,,,,,,,,,,,,,,,,,
nonRecurring,,174000000.00,20000000.00,1007000000.00,50000000.00,482000000.00,1000000.00,201000000.00,29000000.00,872000000.00,473000000.00,9000000.00,849000000.00,,6000000.00,69000000.00,,116000000.00,,42000000.00,74000000.00,92000000.00,0.00,277000000.00,2000000.00,90000000.00,168000000.00,623000000.00,79000000.00,235000000.00,159000000.00,326000000.00,231000000.00,37000000.00,8000000.00,11000000.00,15000000.00,63000000.00,166000000.00,280000000.00,139000000.00,0.00,48000000.00,-32000000.00,1893000000.00,18000000.00,11000000.00,29000000.00,180000000.00,33000000.00,0.00,927000000.00,314000000.00,1000000.00,0.00,0.00,6000000.00,0.00,0.00,0.00,0.00,0.00,0.00,0.00,0.00,0.00,0.00,0.00,0.00,0.00,0.00,0.00,0.00,0.00,0.00,0.00,0.00,0.00,0.00,0.00,0.00,0.00,0.00,0.00,0.00,0.00,0.00,0.00,0.00,0.00,0.00,0.00,0.00,0.00,0.00,,,,,,,,,,,,,,,,,,,,,,,,,,,,,,,,,,,,,,,,
otherItems,,,,,,,,,,,,,,,,,,,,0.00,0.00,0.00,0.00,0.00,0.00,0.00,0.00,0.00,0.00,0.00,0.00,0.00,0.00,0.00,0.00,0.00,0.00,0.00,0.00,0.00,0.00,0.00,0.00,0.00,0.00,0.00,0.00,0.00,0.00,0.00,0.00,0.00,0.00,0.00,0.00,0.00,0.00,0.00,0.00,0.00,0.00,0.00,0.00,0.00,0.00,0.00,0.00,0.00,0.00,0.00,0.00,0.00,0.00,0.00,0.00,0.00,0.00,0.00,0.00,0.00,0.00,0.00,0.00,0.00,0.00,0.00,0.00,0.00,0.00,0.00,0.00,0.00,0.00,0.00,0.00,,,,,,,,,,,,,,,,,,,,,,,,,,,,,,,,,,,,,,,,
incomeTaxExpense,109000000.00,-2000000.00,72000000.00,79000000.00,145000000.00,-19000000.00,60000000.00,-208000000.00,126000000.00,-59000000.00,8000000.00,161000000.00,-147000000.00,113000000.00,89000000.00,50000000.00,130000000.00,57000000.00,115000000.00,199000000.00,146000000.00,132000000.00,231000000.00,720000000.00,110000000.00,92000000.00,69000000.00,-353000000.00,75000000.00,-7000000.00,92000000.00,204000000.00,45000000.00,120000000.00,96000000.00,116000000.00,92000000.00,157000000.00,54000000.00,58000000.00,126000000.00,81000000.00,82000000.00,189000000.00,176000000.00,76000000.00,267000000.00,167000000.00,84000000.00,178000000.00,218000000.00,-255000000.00,111000000.00,255000000.00,196000000.00,114000000.00,205000000.00,105000000.00,175000000.00,49000000.00,168000000.00,317000000.00,240000000.00,84000000.00,146000000.00,274000000.00,33000000.00,33000000.00,74000000.00,106000000.00,93000000.00,82000000.00,143000000.00,82000000.00,126000000.00,48000000.00,78000000.00,59000000.00,64000000.00,66000000.00,20000000.00,34000000.00,40000000.00,-69000000.00,-46000000.00,-9000000.00,106000000.00,110000000.00,2000000.00,61000000.00,57000000.00,86000000.00,52000000.00,43000000.00,71000000.00,56000000.00,27000000.00,34000000.00,-6000000.00,46000000.00,30000000.00,36000000.00,33000000.00,6000000.00,15000000.00,19000000.00,16000000.00,13000000.00,16000000.00,16000000.00,15000000.00,14000000.00,14800000.00,14700000.00,13500000.00,10800000.00,11500000.00,12100000.00,9100000.00,-5300000.00,-23100000.00,-21800000.00,-21100000.00,-15200000.00,-16700000.00,-11900000.00,-12000000.00,-10400000.00,-13600000.00,-10000000.00,-8700000.00,-3300000.00,-5900000.00,-4400000.00,-1900000.00
totalRevenue,3434000000.00,3027000000.00,3239000000.00,3060000000.00,3627000000.00,3078000000.00,2852000000.00,2770000000.00,3036000000.00,2700000000.00,2635000000.00,2560000000.00,2545000000.00,2217000000.00,2338000000.00,2431000000.00,2625000000.00,2483000000.00,2650000000.00,2622000000.00,2837000000.00,2537000000.00,2740000000.00,-64000000.00,3632000000.00,3470000000.00,3492000000.00,3544000000.00,3542000000.00,3229000000.00,3471000000.00,3400000000.00,3721000000.00,3858000000.00,3984000000.00,4132000000.00,4441000000.00,4311000000.00,4262000000.00,3783000000.00,4003000000.00,4068000000.00,4265000000.00,4622000000.00,4587000000.00,4192000000.00,4740000000.00,4157000000.00,4381000000.00,4544000000.00,4264000000.00,4404000000.00,4151000000.00,4021000000.00,4112000000.00,3408000000.00,3838000000.00,3495000000.00,3378000000.00,3475000000.00,4345000000.00,4146000000.00,4104000000.00,3664000000.00,3471000000.00,3344000000.00,3129000000.00,3129000000.00,3150000000.00,3038000000.00,2973000000.00,2668000000.00,2782000000.00,2668000000.00,2645000000.00,2543000000.00,2423000000.00,2263000000.00,2257000000.00,2087000000.00,2322000000.00,2192000000.00,2223000000.00,2134000000.00,2138000000.00,2131000000.00,2719000000.00,2299000000.00,2268000000.00,2215000000.00,2545000000.00,1916000000.00,1761000000.00,1538000000.00,1476000000.00,1128000000.00,847000000.00,640000000.00,638000000.00,646000000.00,612000000.00,565000000.00,575000000.00,531000000.00,358000000.00,261000000.00,261000000.00,284000000.00,205000000.00,174000000.00,172000000.00,172900000.00,174100000.00,167300000.00,137500000.00,135100000.00,136400000.00,136000000.00,125200000.00,131100000.00,129200000.00,128800000.00,129500000.00,117200000.00,107600000.00,87200000.00,89000000.00,87000000.00,92300000.00,81300000.00,72900000.00,50000000.00,55100000.00,51000000.00,34000000.00
totalOperatingExpenses,64000000.00,75000000.00,55000000.00,38000000.00,51000000.00,66000000.00,52000000.00,36000000.00,39000000.00,45000000.00,46000000.00,46000000.00,41000000.00,40000000.00,38000000.00,60000000.00,41000000.00,49000000.00,46000000.00,58000000.00,43000000.00,35000000.00,56000000.00,45000000.00,67000000.00,49000000.00,54000000.00,59000000.00,40000000.00,47000000.00,48000000.00,46000000.00,45000000.00,50000000.00,55000000.00,39000000.00,45000000.00,52000000.00,51000000.00,37000000.00,63000000.00,59000000.00,61000000.00,76000000.00,64000000.00,74000000.00,87000000.00,108000000.00,91000000.00,97000000.00,95000000.00,113000000.00,98000000.00,101000000.00,82000000.00,90000000.00,82000000.00,88000000.00,85000000.00,-9572000000.00,3499000000.00,3240000000.00,3204000000.00,-7225000000.00,2724000000.00,2544000000.00,2697000000.00,2697000000.00,2242000000.00,2178000000.00,2122000000.00,2187000000.00,1932000000.00,2187000000.00,1912000000.00,1881000000.00,1732000000.00,1689000000.00,1626000000.00,1432000000.00,1835000000.00,1757000000.00,1650000000.00,3672000000.00,1810000000.00,87000000.00,85000000.00,33000000.00,56000000.00,46000000.00,116000000.00,598000000.00,21000000.00,19000000.00,29000000.00,313000000.00,13000000.00,15000000.00,76000000.00,63000000.00,88000000.00,42000000.00,62000000.00,86000000.00,38000000.00,28000000.00,31000000.00,54000000.00,22000000.00,151000000.00,23000000.00,26600000.00,22500000.00,18400000.00,19500000.00,21000000.00,19700000.00,17400000.00,16900000.00,,,,,,,,,,,,,,,,
costOfRevenue,2516000000.00,2529000000.00,2645000000.00,2497000000.00,2735000000.00,2515000000.00,2322000000.00,2211000000.00,2276000000.00,1972000000.00,1971000000.00,1654000000.00,1789000000.00,1693000000.00,1831000000.00,1871000000.00,1924000000.00,1981000000.00,2064000000.00,1976000000.00,2166000000.00,1937000000.00,2084000000.00,-554000000.00,2921000000.00,2800000000.00,2899000000.00,2882000000.00,2854000000.00,2655000000.00,2967000000.00,2682000000.00,3048000000.00,3104000000.00,3263000000.00,3424000000.00,3674000000.00,3492000000.00,3468000000.00,3139000000.00,3066000000.00,3150000000.00,3510000000.00,3682000000.00,3583000000.00,3500000000.00,3662000000.00,3042000000.00,3361000000.00,3525000000.00,3248000000.00,3393000000.00,3166000000.00,3039000000.00,3112000000.00,2651000000.00,2830000000.00,2648000000.00,2495000000.00,15000000.00,3097000000.00,2436000000.00,3058000000.00,8166000000.00,2400000000.00,1995000000.00,1901000000.00,2149000000.00,2176000000.00,2119000000.00,2059000000.00,2142000000.00,1862000000.00,2123000000.00,1839000000.00,1817000000.00,1692000000.00,1615000000.00,1577000000.00,1637000000.00,1668000000.00,1701000000.00,1621000000.00,1261000000.00,1548000000.00,1691000000.00,1990000000.00,1588000000.00,1762000000.00,1754000000.00,1921000000.00,841000000.00,1308000000.00,1203000000.00,1057000000.00,539000000.00,602000000.00,421000000.00,349000000.00,357000000.00,327000000.00,355000000.00,352000000.00,344000000.00,227000000.00,144000000.00,152000000.00,159000000.00,108000000.00,-46000000.00,84000000.00,84000000.00,86500000.00,88300000.00,59400000.00,56500000.00,58500000.00,56300000.00,54300000.00,,,,,,,,,,,,,,,,
totalOtherIncomeExpenseNet,-258000000.00,-240000000.00,-393000000.00,-1365000000.00,-322000000.00,-765000000.00,-284000000.00,-1896000000.00,36000000.00,-649000000.00,-487000000.00,-54000000.00,-1005000000.00,-225000000.00,14000000.00,-209000000.00,-67000000.00,-144000000.00,354000000.00,-64000000.00,-120000000.00,-36000000.00,603000000.00,-237000000.00,-45000000.00,-141000000.00,-128000000.00,-665000000.00,-110000000.00,-297000000.00,-62000000.00,-211000000.00,-224000000.00,-143000000.00,-58000000.00,-10000000.00,205000000.00,-99000000.00,-315000000.00,-309000000.00,-216000000.00,-167000000.00,-84000000.00,11000000.00,-1879000000.00,-115000000.00,107000000.00,-29000000.00,-372000000.00,2000000.00,38000000.00,-1086000000.00,-216000000.00,-56000000.00,-54000000.00,35000000.00,29000000.00,120000000.00,164000000.00,-238000000.00,-19000000.00,908000000.00,68000000.00,-419000000.00,-21000000.00,258000000.00,140000000.00,140000000.00,-606000000.00,-25000000.00,-47000000.00,87000000.00,-13000000.00,87000000.00,-2000000.00,-31000000.00,-10000000.00,-1000000.00,-6000000.00,-92000000.00,36000000.00,207000000.00,69000000.00,-686000000.00,20000000.00,-63000000.00,53000000.00,104000000.00,-34000000.00,109000000.00,37000000.00,138000000.00,103000000.00,99000000.00,118000000.00,130000000.00,-17000000.00,41000000.00,-97000000.00,63000000.00,44000000.00,43000000.00,42000000.00,47000000.00,28000000.00,14000000.00,16000000.00,19000000.00,9000000.00,2000000.00,5000000.00,4600000.00,3100000.00,3500000.00,2300000.00,3300000.00,3200000.00,2200000.00,3300000.00,-125800000.00,-106100000.00,-107000000.00,-108400000.00,-102000000.00,-90900000.00,-75300000.00,-77000000.00,-76600000.00,-78700000.00,-71300000.00,-64200000.00,-46700000.00,-49200000.00,-46600000.00,-32100000.00
discontinuedOperations,,,,,,,,,,4000000.00,4000000.00,4000000.00,4000000.00,3000000.00,3000000.00,3000000.00,3000000.00,1000000.00,1000000.00,26000000.00,-4000000.00,-4000000.00,-1000000.00,-18000000.00,-644000000.00,-6000000.00,1000000.00,-19000000.00,-1000000.00,1000000.00,-388000000.00,-12000000.00,0.00,0.00,0.00,64000000.00,0.00,7000000.00,20000000.00,-67000000.00,26000000.00,0.00,14000000.00,-13000000.00,3000000.00,-4000000.00,1000000.00,-93000000.00,25000000.00,-17000000.00,-12000000.00,9000000.00,22000000.00,27000000.00,17000000.00,0.00,0.00,0.00,0.00,0.00,0.00,0.00,0.00,0.00,0.00,0.00,0.00,0.00,0.00,0.00,0.00,0.00,0.00,0.00,0.00,0.00,0.00,0.00,0.00,0.00,0.00,0.00,0.00,0.00,0.00,0.00,0.00,0.00,0.00,0.00,0.00,0.00,0.00,0.00,0.00,,,,,,,,,,,,,,,,,,,,,,,,,,,,,,,,,,,,,,,,
netIncomeFromContinuingOps,291000000.00,6000000.00,193000000.00,-986000000.00,446000000.00,-136000000.00,204000000.00,-1330000000.00,485000000.00,-81000000.00,1000000.00,407000000.00,-481000000.00,-8000000.00,231000000.00,-120000000.00,298000000.00,66000000.00,233000000.00,155000000.00,192000000.00,224000000.00,778000000.00,-657000000.00,261000000.00,150000000.00,98000000.00,-113000000.00,230000000.00,-8000000.00,252000000.00,41000000.00,203000000.00,264000000.00,254000000.00,298000000.00,508000000.00,281000000.00,89000000.00,-96000000.00,275000000.00,330000000.00,221000000.00,388000000.00,-1403000000.00,136000000.00,519000000.00,452000000.00,150000000.00,444000000.00,495000000.00,-185000000.00,296000000.00,411000000.00,398000000.00,0.00,440000000.00,0.00,0.00,0.00,0.00,0.00,0.00,0.00,0.00,0.00,0.00,0.00,0.00,0.00,0.00,0.00,0.00,0.00,0.00,0.00,0.00,0.00,0.00,0.00,0.00,0.00,0.00,0.00,0.00,0.00,0.00,0.00,0.00,0.00,0.00,0.00,0.00,0.00,0.00,,,,,,,,,,,,,,,,,,,,,,,,,,,,,,,,,,,,,,,,
netIncomeApplicableToCommonShares,231000000.00,-39000000.00,151000000.00,-903000000.00,421000000.00,-179000000.00,115000000.00,-632000000.00,343000000.00,28000000.00,-148000000.00,318000000.00,-333000000.00,-83000000.00,144000000.00,-78000000.00,210000000.00,17000000.00,154000000.00,128000000.00,101000000.00,290000000.00,684000000.00,-1342000000.00,152000000.00,53000000.00,-24000000.00,-949000000.00,175000000.00,-482000000.00,126000000.00,-85000000.00,180000000.00,69000000.00,142000000.00,206000000.00,488000000.00,133000000.00,-58000000.00,-206000000.00,71000000.00,167000000.00,82000000.00,175000000.00,-1568000000.00,140000000.00,341000000.00,-209000000.00,-131000000.00,174000000.00,224000000.00,-436000000.00,114000000.00,144000000.00,187000000.00,45000000.00,185000000.00,286000000.00,208000000.00,1067000000.00,149000000.00,901000000.00,232000000.00,4000000.00,92000000.00,286000000.00,113000000.00,135000000.00,-193000000.00,193000000.00,324000000.00,418000000.00,214000000.00,87000000.00,122000000.00,19000000.00,66000000.00,143000000.00,36000000.00,4000000.00,62000000.00,139000000.00,131000000.00,0.00,0.00,-112000000.00,112000000.00,187000000.00,-146000000.00,146000000.00,114000000.00,237000000.00,176000000.00,140000000.00,274000000.00,,,,,,,,,,,,,,,,,,,,,,,,,,,,,,,,,,,,,,,,
preferredStockAndOtherAdjustments,,,,,,,,,,,,,,,,,,,,,,,,,,,,,,,,,,,,,,,,,,,,,,,,,,,,,,,,,,,,,,,,,,,,,,,,,,,,,,,,,,,,,,,,,,,,,,,,,,,,,,,,,,,,,,,,,,,,,,,,,,,,,,,,,,,,,,,
