,2023-07-31,2023-04-30,2023-01-31,2022-10-31,2022-07-31,2022-04-30,2022-01-31,2021-10-31,2021-07-31,2021-04-30,2021-01-31,2020-10-31,2020-07-31,2020-04-30,2020-01-31,2019-10-31,2019-07-31,2019-04-30,2019-01-31,2018-10-31,2018-07-31,2018-04-30,2018-01-31,2017-10-31,2017-07-31,2017-04-30,2017-01-31,2016-10-31,2016-07-31,2016-04-30,2016-01-31,2015-10-31,2015-07-31,2015-04-30,2015-01-31,2014-10-31,2014-07-31,2014-04-30,2014-01-31,2013-10-31,2013-07-31,2013-04-30,2013-01-31,2012-10-31,2012-07-31,2012-04-30,2012-01-31,2011-10-31,2011-07-31,2011-04-30,2011-01-31,2010-10-31,2010-07-31,2010-04-30,2010-01-31,2009-10-31,2009-07-31,2009-04-30,2009-01-31,2008-10-31,2008-07-31,2008-04-30,2008-01-31,2007-10-31,2007-07-31,2007-04-30,2007-01-31,2006-10-31,2006-07-31,2006-04-30,2006-01-31,2005-10-31,2005-07-31,2005-04-30,2005-01-31,2004-10-31,2004-07-31,2004-04-30,2004-01-31,2003-10-31,2003-07-31,2003-04-30,2003-01-31,2002-10-31,2002-07-31,2002-04-30,2002-01-31,2001-10-31,2001-07-31,2001-04-30,2001-01-31,2000-10-31,2000-07-31,2000-04-30,2000-01-31,1999-10-31,1999-07-31,1999-04-30,1999-01-31,1998-10-31,1998-07-31,1998-04-30,1998-01-31,1997-10-31,1997-07-31,1997-04-30,1997-01-31,1996-10-31,1996-07-31,1996-04-30,1996-01-31,1995-10-31,1995-07-31,1995-04-30,1995-01-31,1994-10-31,1994-07-31,1994-04-30,1994-01-31,1993-10-31,1993-07-31,1993-04-30,1993-01-31,1992-10-31,1992-07-31,1992-04-30,1992-01-31,1991-10-31,1991-07-31,1991-04-30,1991-01-31,1990-10-31,1990-07-31,1990-04-30,1990-01-31,1989-10-31,1989-07-31,1989-04-30,1989-01-31,1988-10-31,1988-07-31,1988-04-30,1988-01-31,1987-10-31,1987-07-31,1987-04-30,1987-01-31,1986-10-31,1986-07-31,1986-04-30,1986-01-31,1985-10-31
date,2023-07-31,2023-04-30,2023-01-31,2022-10-31,2022-07-31,2022-04-30,2022-01-31,2021-10-31,2021-07-31,2021-04-30,2021-01-31,2020-10-31,2020-07-31,2020-04-30,2020-01-31,2019-10-31,2019-07-31,2019-04-30,2019-01-31,2018-10-31,2018-07-31,2018-04-30,2018-01-31,2017-10-31,2017-07-31,2017-04-30,2017-01-31,2016-10-31,2016-07-31,2016-04-30,2016-01-31,2015-10-31,2015-07-31,2015-04-30,2015-01-31,2014-10-31,2014-07-31,2014-04-30,2014-01-31,2013-10-31,2013-07-31,2013-04-30,2013-01-31,2012-10-31,2012-07-31,2012-04-30,2012-01-31,2011-10-31,2011-07-31,2011-04-30,2011-01-31,2010-10-31,2010-07-31,2010-04-30,2010-01-31,2009-10-31,2009-07-31,2009-04-30,2009-01-31,2008-10-31,2008-07-31,2008-04-30,2008-01-31,2007-10-31,2007-07-31,2007-04-30,2007-01-31,2006-10-31,2006-07-31,2006-04-30,2006-01-31,2005-10-31,2005-07-31,2005-04-30,2005-01-31,2004-10-31,2004-07-31,2004-04-30,2004-01-31,2003-10-31,2003-07-31,2003-04-30,2003-01-31,2002-10-31,2002-07-31,2002-04-30,2002-01-31,2001-10-31,2001-07-31,2001-04-30,2001-01-31,2000-10-31,2000-07-31,2000-04-30,2000-01-31,1999-10-31,1999-07-31,1999-04-30,1999-01-31,1998-10-31,1998-07-31,1998-04-30,1998-01-31,1997-10-31,1997-07-31,1997-04-30,1997-01-31,1996-10-31,1996-07-31,1996-04-30,1996-01-31,1995-10-31,1995-07-31,1995-04-30,1995-01-31,1994-10-31,1994-07-31,1994-04-30,1994-01-31,1993-10-31,1993-07-31,1993-04-30,1993-01-31,1992-10-31,1992-07-31,1992-04-30,1992-01-31,1991-10-31,1991-07-31,1991-04-30,1991-01-31,1990-10-31,1990-07-31,1990-04-30,1990-01-31,1989-10-31,1989-07-31,1989-04-30,1989-01-31,1988-10-31,1988-07-31,1988-04-30,1988-01-31,1987-10-31,1987-07-31,1987-04-30,1987-01-31,1986-10-31,1986-07-31,1986-04-30,1986-01-31,1985-10-31
filing_date,2023-09-07,2023-06-07,2023-03-08,2022-12-21,2022-09-09,2022-06-09,2022-03-09,2021-12-22,2021-09-09,2021-06-09,2021-03-10,2020-12-17,2020-09-09,2020-06-18,2020-03-05,2019-12-20,2019-09-06,2019-06-06,2019-03-07,2018-12-21,2018-09-07,2018-06-07,2018-03-07,2017-12-22,2017-09-07,2017-06-08,2017-03-08,2016-12-21,2016-09-08,2016-06-09,2016-03-09,2015-12-17,2015-09-03,2015-06-03,2015-03-04,2014-12-17,2014-09-04,2014-06-04,2014-03-05,2013-12-18,2013-09-05,2013-06-05,2013-03-07,2012-12-20,2012-09-06,2012-06-07,2012-03-06,2011-12-23,2011-09-09,2011-06-09,2011-03-10,2010-12-23,2010-09-03,2010-06-04,2010-03-04,2009-12-22,2009-09-03,2009-06-05,2009-03-06,2008-12-22,2008-09-08,2008-06-06,2008-03-10,2007-12-21,2007-09-10,2007-06-08,2007-03-09,2006-12-22,2006-09-08,2006-06-12,2006-03-29,,2005-09-09,2005-06-09,2005-03-10,2005-01-14,2004-09-09,2004-06-09,2004-03-11,2004-01-14,2003-09-11,2003-06-11,2003-03-12,2002-12-17,2002-09-12,2002-06-14,2002-03-14,2001-12-24,2001-09-14,2001-06-14,2001-03-16,2001-01-29,2000-09-13,2000-06-15,2000-03-15,2000-01-28,1999-09-14,1999-06-11,1999-03-16,1999-01-28,1998-09-14,1998-06-12,1998-03-16,1998-01-29,1997-09-15,1997-06-13,1997-03-17,1997-01-28,1996-09-13,1996-06-13,1996-03-15,1996-01-26,1995-09-14,1995-06-13,1995-03-17,1995-01-27,1994-09-13,1994-06-14,1994-03-16,1993-10-31,1993-07-31,1993-04-30,1993-01-31,1992-10-31,1992-07-31,1992-04-30,1992-01-31,1991-10-31,1991-07-31,1991-04-30,1991-01-31,1990-10-31,1990-07-31,1990-04-30,1990-01-31,1989-10-31,1989-07-31,1989-04-30,1989-01-31,1988-10-31,1988-07-31,1988-04-30,1988-01-31,1987-10-31,1987-07-31,1987-04-30,1987-01-31,1986-10-31,1986-07-31,1986-04-30,1986-01-31,1985-10-31
currency_symbol,USD,USD,USD,USD,USD,USD,USD,USD,USD,USD,USD,USD,USD,USD,USD,USD,USD,USD,USD,USD,USD,USD,USD,USD,USD,USD,USD,USD,USD,USD,USD,USD,USD,USD,USD,USD,USD,USD,USD,USD,USD,USD,USD,USD,USD,USD,USD,USD,USD,USD,USD,USD,USD,USD,USD,USD,USD,USD,USD,USD,USD,USD,USD,USD,USD,USD,USD,USD,USD,USD,USD,USD,USD,USD,USD,USD,USD,USD,USD,USD,USD,USD,USD,USD,USD,USD,USD,USD,USD,USD,USD,USD,USD,USD,USD,USD,USD,USD,USD,USD,USD,USD,USD,USD,USD,USD,USD,USD,USD,USD,USD,USD,USD,USD,USD,USD,USD,USD,USD,USD,USD,USD,USD,USD,USD,USD,USD,USD,USD,USD,USD,USD,USD,USD,USD,USD,USD,USD,USD,USD,USD,USD,USD,USD,USD,USD,USD,USD,USD,USD,USD,USD
totalAssets,4970000000.00,4932900000.00,4918000000.00,4868900000.00,4607600000.00,4586300000.00,4504900000.00,4436200000.00,3897400000.00,3792000000.00,3782200000.00,3776900000.00,3668300000.00,4079200000.00,3847100000.00,3692600000.00,3744000000.00,3729900000.00,3686400000.00,3627500000.00,3740400000.00,3749900000.00,3797000000.00,3812600000.00,2352900000.00,2394200000.00,2411900000.00,2281200000.00,2239400000.00,2184500000.00,2255200000.00,2149800000.00,2264200000.00,2205600000.00,2230900000.00,2192900000.00,2168200000.00,2155500000.00,2165211000.00,2119236000.00,2103403000.00,2076390000.00,2088148000.00,1869251000.00,1886895000.00,1875944000.00,1886800000.00,1879598000.00,1926835000.00,1916991000.00,1955839000.00,1548670000.00,1528798000.00,1481909000.00,1524201000.00,1521153000.00,1561264000.00,1521179000.00,1571637000.00,1549913000.00,1611491000.00,1622114000.00,1628332000.00,1120673000.00,1044511000.00,1006179000.00,993091000.00,1016274000.00,920774000.00,899250000.00,903710000.00,903710000.00,877354000.00,871930000.00,874904000.00,842524000.00,800614000.00,796429000.00,789325000.00,795983000.00,739980000.00,729890000.00,717473000.00,704939000.00,704667000.00,668106000.00,677706000.00,683100000.00,656245000.00,661017000.00,638237000.00,641985000.00,608221000.00,594354000.00,571768000.00,563484000.00,544365000.00,522359000.00,513987000.00,501363000.00,495924000.00,479068000.00,481555000.00,467152000.00,409469000.00,402343000.00,394892000.00,379770000.00,370719000.00,354135000.00,348476000.00,334973000.00,323481000.00,319148000.00,309949000.00,299470000.00,284661000.00,283871000.00,270707000.00,268100000.00,236900000.00,233400000.00,230000000.00,226300000.00,225300000.00,226200000.00,223100000.00,211700000.00,215600000.00,216200000.00,211400000.00,201700000.00,199400000.00,197600000.00,193600000.00,190000000.00,,,,172000000.00,,,,152200000.00,,,,142100000.00,,,,134600000.00
intangibleAssets,321500000.00,340800000.00,360100000.00,378500000.00,381500000.00,399500000.00,407300000.00,424800000.00,207700000.00,218300000.00,229000000.00,239700000.00,251200000.00,262900000.00,284600000.00,297200000.00,310400000.00,325800000.00,340700000.00,355700000.00,369600000.00,387100000.00,404300000.00,430100000.00,95900000.00,101500000.00,104400000.00,103800000.00,111500000.00,124300000.00,130300000.00,111400000.00,119000000.00,118700000.00,122300000.00,128800000.00,127200000.00,134100000.00,137593000.00,144401000.00,149311000.00,156488000.00,160918000.00,109138000.00,114662000.00,117834000.00,123307000.00,128994000.00,135119000.00,140924000.00,162398000.00,65774000.00,62749000.00,54731000.00,57425000.00,60199000.00,63084000.00,56772000.00,59358000.00,62179000.00,52171000.00,54459000.00,56877000.00,24573000.00,24332000.00,25542000.00,22782000.00,23881000.00,24759000.00,26115000.00,268022000.00,268022000.00,267836000.00,259869000.00,261972000.00,249737000.00,245146000.00,244654000.00,202154000.00,201866000.00,182814000.00,185540000.00,181216000.00,171975000.00,165875000.00,124465000.00,113199000.00,113199000.00,119118000.00,114304000.00,109634000.00,110097000.00,110512000.00,109578000.00,107909000.00,105583000.00,105818000.00,106049000.00,102426000.00,102776000.00,102227000.00,100512000.00,99198000.00,100313000.00,84073000.00,82828000.00,80763000.00,76366000.00,76569000.00,69208000.00,69080000.00,69279000.00,68965000.00,65684000.00,65905000.00,61373000.00,61629000.00,61953000.00,57532000.00,57800000.00,37400000.00,35400000.00,34800000.00,32600000.00,32300000.00,32600000.00,32300000.00,30800000.00,33100000.00,33400000.00,32300000.00,32200000.00,30600000.00,30500000.00,30700000.00,29100000.00,,,,25000000.00,,,,22900000.00,,,,18600000.00,,,,17300000.00
earningAssets,,,,,,,,,,,,,,,,,,,,,,,,,,,,,,,,,,,,,,,,,,,,,,,,,,,,,,,,,,,,,,,,,,,,,,,,,,,,,,,,,,,,,,,,,,,,,,,,,,,,,,,,,,,,,,,,,,,,,,,,,,,,,,,,,,,,,,,,,,,,,,,,,,,,,,,,
otherCurrentAssets,65300000.00,63100000.00,57300000.00,51600000.00,66600000.00,64100000.00,63800000.00,60100000.00,53900000.00,58400000.00,55400000.00,55900000.00,69000000.00,64200000.00,59500000.00,55400000.00,53500000.00,50900000.00,43700000.00,37000000.00,38200000.00,33300000.00,32100000.00,32800000.00,31300000.00,30600000.00,29300000.00,30000000.00,27600000.00,25100000.00,37200000.00,27000000.00,29600000.00,30100000.00,30800000.00,30200000.00,124100000.00,121900000.00,120114000.00,111777000.00,98545000.00,97387000.00,95966000.00,90728000.00,93521000.00,94952000.00,91139000.00,91585000.00,94012000.00,97911000.00,3705000.00,4260000.00,5554000.00,6009000.00,8480000.00,10787000.00,16780000.00,21180000.00,17004000.00,34508000.00,74041000.00,144990000.00,146387000.00,111435000.00,112253000.00,113143000.00,108327000.00,90980000.00,92582000.00,99175000.00,98276000.00,94876000.00,40561000.00,13912000.00,87452000.00,79010000.00,79412000.00,82501000.00,83917000.00,80376000.00,28831000.00,74901000.00,72245000.00,69927000.00,75045000.00,67521000.00,70594000.00,69314000.00,63966000.00,51973000.00,50365000.00,49126000.00,49644000.00,48130000.00,49009000.00,44558000.00,45045000.00,43730000.00,41813000.00,38950000.00,38988000.00,38925000.00,36596000.00,36973000.00,15000.00,35650000.00,34029000.00,31980000.00,33274000.00,33665000.00,31574000.00,30563000.00,28412000.00,27433000.00,25455000.00,23866000.00,23542000.00,23222000.00,20962000.00,21000000.00,19100000.00,18600000.00,17000000.00,16600000.00,15600000.00,15900000.00,16600000.00,15300000.00,12400000.00,11700000.00,8400000.00,9500000.00,6900000.00,7400000.00,6600000.00,5300000.00,,,,5100000.00,,,,4500000.00,,,,5300000.00,,,,5100000.00
totalLiab,3109900000.00,3150100000.00,3181500000.00,3151700000.00,2927400000.00,2916700000.00,2849700000.00,2827000000.00,2317100000.00,2192200000.00,2213100000.00,2276600000.00,2217000000.00,2684000000.00,2287400000.00,2150600000.00,2240300000.00,2248500000.00,2225300000.00,2172900000.00,2284000000.00,2313300000.00,2380200000.00,2436900000.00,1384300000.00,1456600000.00,1504500000.00,1307200000.00,1241500000.00,1192300000.00,1259500000.00,1142300000.00,1277600000.00,1205400000.00,1247300000.00,1224100000.00,1214500000.00,1214700000.00,1237256000.00,1201729000.00,1209163000.00,1201657000.00,1228685000.00,1018853000.00,1061403000.00,1058102000.00,1081641000.00,1083712000.00,1142697000.00,1156734000.00,1206950000.00,809645000.00,811908000.00,780275000.00,828085000.00,834103000.00,886647000.00,857460000.00,918226000.00,905862000.00,974048000.00,1001693000.00,1021860000.00,514915000.00,450852000.00,424376000.00,441581000.00,475027000.00,429056000.00,425289000.00,427784000.00,427784000.00,404667000.00,407736000.00,417390000.00,400363000.00,345887000.00,343412000.00,340254000.00,351947000.00,340953000.00,339422000.00,335460000.00,318269000.00,323048000.00,299383000.00,307594000.00,321923000.00,297355000.00,317916000.00,304186000.00,319276000.00,301219000.00,300382000.00,287349000.00,280133000.00,270537000.00,260085000.00,261167000.00,257429000.00,265671000.00,259473000.00,271208000.00,262939000.00,214563000.00,215021000.00,213409000.00,209077000.00,207165000.00,197002000.00,196540000.00,186787000.00,181196000.00,181533000.00,176100000.00,168739000.00,158598000.00,161775000.00,151609000.00,151500000.00,128100000.00,127800000.00,126900000.00,125500000.00,128100000.00,131900000.00,131700000.00,122100000.00,129600000.00,132900000.00,130300000.00,122100000.00,122800000.00,123400000.00,121400000.00,120600000.00,,,,110100000.00,,,,81000000.00,,,,73900000.00,,,,70500000.00
totalStockholderEquity,1860100000.00,1782800000.00,1736500000.00,1717200000.00,1680200000.00,1669600000.00,1655200000.00,1609200000.00,1580300000.00,1599800000.00,1569100000.00,1500300000.00,1451300000.00,1395200000.00,1559700000.00,1542000000.00,1503700000.00,1481400000.00,1461100000.00,1454600000.00,1456400000.00,1436600000.00,1416800000.00,1375700000.00,968600000.00,937600000.00,907400000.00,974000000.00,997900000.00,992200000.00,995700000.00,1007500000.00,986600000.00,1000200000.00,983600000.00,968800000.00,953700000.00,940800000.00,927955000.00,917507000.00,894240000.00,874733000.00,859463000.00,850398000.00,825492000.00,817842000.00,805159000.00,795886000.00,784138000.00,760257000.00,748889000.00,739025000.00,716890000.00,701634000.00,696116000.00,687050000.00,674617000.00,663719000.00,653411000.00,644051000.00,637443000.00,620421000.00,606472000.00,605758000.00,593659000.00,581803000.00,551510000.00,541247000.00,491718000.00,473961000.00,475926000.00,475926000.00,472687000.00,464194000.00,457514000.00,442161000.00,454727000.00,453017000.00,449071000.00,444036000.00,399027000.00,390468000.00,382013000.00,386670000.00,381619000.00,368723000.00,370112000.00,361177000.00,358890000.00,343101000.00,334051000.00,322709000.00,307002000.00,293972000.00,284419000.00,283351000.00,273828000.00,262274000.00,252820000.00,243934000.00,230253000.00,219595000.00,210347000.00,204213000.00,194906000.00,187322000.00,181483000.00,170693000.00,163554000.00,157133000.00,151936000.00,148186000.00,142285000.00,137615000.00,133849000.00,130731000.00,126063000.00,122096000.00,119098000.00,116600000.00,108800000.00,105600000.00,103100000.00,100800000.00,97200000.00,94300000.00,91400000.00,89600000.00,86000000.00,83300000.00,81100000.00,79600000.00,76600000.00,74200000.00,72200000.00,69400000.00,,,,61900000.00,,,,71200000.00,,,,68200000.00,,,,64100000.00
deferredLongTermLiab,,88800000.00,95800000.00,,64900000.00,65600000.00,32000000.00,,,,3700000.00,,25900000.00,32400000.00,46400000.00,47700000.00,31600000.00,32600000.00,29200000.00,37800000.00,43500000.00,39900000.00,32800000.00,57300000.00,3200000.00,3300000.00,3400000.00,3500000.00,0.00,0.00,0.00,19100000.00,17200000.00,27200000.00,19900000.00,16400000.00,16400000.00,15400000.00,15007000.00,13074000.00,0.00,0.00,0.00,0.00,0.00,0.00,0.00,0.00,0.00,0.00,0.00,0.00,0.00,,,,,,,,,,,,,,,,,,,,,,,,,,,,,,,,,,,,,,,,,,,,,,,,,,,,,,,,,,,,,,,,,,,,,,,,,,,,,,,,,,,,,,,,,,,,,,,,,,,
otherCurrentLiab,759300000.00,781800000.00,694900000.00,736200000.00,762200000.00,805900000.00,-100000.00,922400000.00,100000.00,100000.00,100000.00,551100000.00,-100000.00,568400000.00,520200000.00,516800000.00,576200000.00,571300000.00,-100000.00,495800000.00,518000000.00,473300000.00,489100000.00,452800000.00,487600000.00,549000000.00,554000000.00,19200000.00,410500000.00,390000000.00,388700000.00,389100000.00,388400000.00,363600000.00,342600000.00,350500000.00,359000000.00,349900000.00,328677000.00,350718000.00,354614000.00,344034000.00,328040000.00,343500000.00,335612000.00,324861000.00,319507000.00,312732000.00,313233000.00,275162000.00,286133000.00,254923000.00,255897000.00,254721000.00,255982000.00,257993000.00,292003000.00,287738000.00,290526000.00,291055000.00,307201000.00,309225000.00,313477000.00,219963000.00,216687000.00,207789000.00,215245000.00,252949000.00,220456000.00,214707000.00,227469000.00,225120000.00,209947000.00,212587000.00,224561000.00,209193000.00,204390000.00,202453000.00,204092000.00,218548000.00,200837000.00,204229000.00,194044000.00,175505000.00,181448000.00,6259000.00,11336000.00,6816000.00,6564000.00,4706000.00,11633000.00,8083000.00,7351000.00,5718000.00,14172000.00,7318000.00,8402000.00,7551000.00,12540000.00,5527000.00,5388000.00,2681000.00,7606000.00,4265000.00,2225000.00,1993000.00,5921000.00,1864000.00,1835000.00,2034000.00,5463000.00,2270000.00,2077000.00,841000.00,4288000.00,1961000.00,1401000.00,1129000.00,3774000.00,67500000.00,63200000.00,62400000.00,66000000.00,62600000.00,62400000.00,61400000.00,64600000.00,62700000.00,50000000.00,51700000.00,48900000.00,52200000.00,48000000.00,51700000.00,52900000.00,63600000.00,,,,65800000.00,,,,68000000.00,,,,56900000.00,,,,50800000.00
commonStock,700000.00,700000.00,700000.00,700000.00,700000.00,700000.00,700000.00,700000.00,700000.00,700000.00,700000.00,700000.00,700000.00,700000.00,700000.00,700000.00,700000.00,700000.00,700000.00,700000.00,700000.00,700000.00,700000.00,700000.00,600000.00,600000.00,600000.00,600000.00,600000.00,600000.00,600000.00,600000.00,600000.00,600000.00,600000.00,600000.00,600000.00,600000.00,558000.00,555000.00,551000.00,547000.00,546000.00,544000.00,542000.00,540000.00,537000.00,533000.00,532000.00,531000.00,530000.00,526000.00,522000.00,520000.00,519000.00,517000.00,515000.00,513000.00,582000.00,581000.00,578000.00,575000.00,572000.00,571000.00,570000.00,568000.00,560000.00,557000.00,554000.00,551000.00,547000.00,547000.00,544000.00,540000.00,536000.00,527000.00,525000.00,523000.00,521000.00,518000.00,515000.00,512000.00,508000.00,504000.00,501000.00,498000.00,246000.00,244000.00,242000.00,239000.00,234000.00,230000.00,227000.00,225000.00,223000.00,224000.00,223000.00,221000.00,218000.00,216000.00,256000.00,254000.00,207000.00,205000.00,203000.00,201000.00,200000.00,195000.00,97000.00,96000.00,94000.00,94000.00,93000.00,92000.00,91000.00,90000.00,90000.00,89000.00,88000.00,,,,,,,,,,,,,,,,,,,,,,,,,,,,,,,,,
capitalStock,700000.00,700000.00,700000.00,700000.00,700000.00,700000.00,700000.00,700000.00,700000.00,700000.00,,,,,,,,,,,,,,,,,,,,,,,,,,,,,,,,,,,,,,,,,,,,,,,,,,,,,,,,,,,,,,,,,,,,,,,,,,,,,,,,,,,,,,,,,,,,,,,,,,,,,,,,,,,,,,,,,,,,,,,,,,,,,,,,,,,,,,,,,,,,,,
retainedEarnings,1201000000.00,1117500000.00,1080300000.00,1057200000.00,1021400000.00,977700000.00,942100000.00,880200000.00,859000000.00,885600000.00,867500000.00,806400000.00,765900000.00,722300000.00,871600000.00,856300000.00,820500000.00,795900000.00,778600000.00,771200000.00,773200000.00,751200000.00,736200000.00,720100000.00,734900000.00,711500000.00,689900000.00,756400000.00,757900000.00,736200000.00,741100000.00,736500000.00,706900000.00,714600000.00,705500000.00,696900000.00,677800000.00,667300000.00,660957000.00,656775000.00,641039000.00,633320000.00,622227000.00,617372000.00,597722000.00,593112000.00,589366000.00,586625000.00,576139000.00,555821000.00,549177000.00,547944000.00,533364000.00,519569000.00,518134000.00,512476000.00,504175000.00,498722000.00,492626000.00,485136000.00,479640000.00,469677000.00,465037000.00,465463000.00,456507000.00,450609000.00,439850000.00,437083000.00,380880000.00,369007000.00,365455000.00,365455000.00,366994000.00,336295000.00,330999000.00,328258000.00,344006000.00,335481000.00,333577000.00,331275000.00,271417000.00,264372000.00,259150000.00,259452000.00,251784000.00,243556000.00,234030000.00,230454000.00,235384000.00,226258000.00,218264000.00,213830000.00,203024000.00,194225000.00,187966000.00,184026000.00,174158000.00,166272000.00,161197000.00,157414000.00,148570000.00,141740000.00,137310000.00,134192000.00,127303000.00,121973000.00,118264000.00,115550000.00,110446000.00,106230000.00,103337000.00,101065000.00,96718000.00,93229000.00,90797000.00,88907000.00,85333000.00,82482000.00,80450000.00,78900000.00,78400000.00,76100000.00,74500000.00,73300000.00,70500000.00,68300000.00,66500000.00,65400000.00,62700000.00,60600000.00,59000000.00,58100000.00,55900000.00,54000000.00,52800000.00,50700000.00,,,,45500000.00,,,,53800000.00,,,,52700000.00,,,,50400000.00
otherLiab,,,,,537900000.00,543400000.00,493000000.00,571800000.00,468400000.00,472700000.00,496300000.00,537000000.00,513700000.00,469800000.00,463700000.00,485000000.00,478500000.00,483900000.00,475500000.00,478400000.00,515800000.00,518800000.00,474500000.00,460500000.00,426300000.00,435300000.00,453800000.00,436200000.00,429200000.00,415200000.00,407600000.00,397000000.00,399900000.00,359700000.00,358800000.00,361500000.00,364600000.00,367800000.00,365872000.00,365261000.00,359529000.00,341200000.00,346531000.00,329943000.00,349420000.00,338622000.00,338978000.00,340516000.00,335388000.00,358375000.00,356370000.00,335294000.00,325698000.00,323543000.00,320579000.00,318909000.00,311133000.00,323811000.00,315912000.00,314773000.00,312476000.00,310846000.00,319697000.00,225171000.00,164925000.00,157688000.00,159446000.00,155742000.00,156212000.00,156925000.00,154813000.00,152710000.00,151726000.00,152174000.00,147958000.00,145935000.00,101036000.00,98728000.00,97076000.00,95256000.00,94758000.00,92626000.00,92691000.00,91179000.00,88036000.00,86111000.00,86459000.00,84982000.00,70452000.00,70702000.00,69321000.00,69845000.00,72741000.00,70172000.00,69206000.00,,,,,,,,,,,,,,,,,,,,,,,,,,,,,,,,,,,,,,,,,,,,,,,,,,,,,,,,,
goodWill,2495600000.00,2494300000.00,2491800000.00,2485600000.00,2295000000.00,2292200000.00,2237100000.00,2228900000.00,1675500000.00,1675500000.00,1674600000.00,1671400000.00,1672100000.00,1669400000.00,1836100000.00,1835400000.00,1832000000.00,1836000000.00,1836400000.00,1834800000.00,1864300000.00,1867500000.00,1871200000.00,1864200000.00,926900000.00,924800000.00,924700000.00,912800000.00,910600000.00,912500000.00,910700000.00,867500000.00,916600000.00,908800000.00,904600000.00,904600000.00,879100000.00,879200000.00,872439000.00,872396000.00,867779000.00,863246000.00,869766000.00,751610000.00,750944000.00,749234000.00,750868000.00,750872000.00,746832000.00,742179000.00,726518000.00,593983000.00,563404000.00,547880000.00,547830000.00,547237000.00,548978000.00,538376000.00,537119000.00,535772000.00,545261000.00,553886000.00,551304000.00,252179000.00,253819000.00,253794000.00,251079000.00,247888000.00,247869000.00,246874000.00,245379000.00,243559000.00,242343000.00,233378000.00,234995000.00,227447000.00,221754000.00,220787000.00,202154000.00,3907000.00,182814000.00,185540000.00,181216000.00,167916000.00,165875000.00,124465000.00,117796000.00,113199000.00,,,,,,,,,,,,,,,,,,,,,,,,,,,,,,,,,,,,,,,,,,,,,,,,,,,,,,,,,,,,,,,,
otherAssets,200000.00,100000.00,153300000.00,100000.00,136900000.00,100000.00,-100000.00,-100000.00,100000.00,-100000.00,128700000.00,-100000.00,128200000.00,121600000.00,100000.00,200000.00,120200000.00,129100000.00,122700000.00,200000.00,-100000.00,100000.00,-100000.00,-100000.00,-200000.00,1236500000.00,1264900000.00,-100000.00,1216600000.00,1207700000.00,1229000000.00,1128600000.00,1184200000.00,1174600000.00,1174100000.00,1182300000.00,1159000000.00,1162400000.00,1171068000.00,1177363000.00,1185404000.00,1184418000.00,1193438000.00,1041915000.00,1064028000.00,1067568000.00,1077647000.00,1085832000.00,1099724000.00,1138680000.00,1152911000.00,881826000.00,851181000.00,828267000.00,835322000.00,843264000.00,856587000.00,849606000.00,855146000.00,853777000.00,858984000.00,878452000.00,893465000.00,438838000.00,365805000.00,364702000.00,355287000.00,352348000.00,352702000.00,353796000.00,354175000.00,347987000.00,342114000.00,337398000.00,337902000.00,325082000.00,311162000.00,307506000.00,267540000.00,265212000.00,249473000.00,253526000.00,248891000.00,230888000.00,226669000.00,184439000.00,178984000.00,174623000.00,173777000.00,169614000.00,162971000.00,164432000.00,167035000.00,165994000.00,163840000.00,,,,,,,,,,,,,,,,,,,,,,,,,,,,,,,,,,,,,,,,,,,,,,,,,,,,,,,,,
cash,97700000.00,71200000.00,87900000.00,73000000.00,63900000.00,48900000.00,46600000.00,62800000.00,505400000.00,435700000.00,378300000.00,394200000.00,229400000.00,555900000.00,69800000.00,58500000.00,60500000.00,53700000.00,30600000.00,39100000.00,46000000.00,69700000.00,68600000.00,62800000.00,47700000.00,55700000.00,42600000.00,56000000.00,51600000.00,45700000.00,55900000.00,55500000.00,51200000.00,30400000.00,38800000.00,36700000.00,24600000.00,37700000.00,34214000.00,32639000.00,38688000.00,37906000.00,36426000.00,43459000.00,21650000.00,25411000.00,17650000.00,26467000.00,39614000.00,23290000.00,31365000.00,39446000.00,32902000.00,20943000.00,21177000.00,34153000.00,23573000.00,,11962000.00,710000.00,5293000.00,17405000.00,3233000.00,136192000.00,107325000.00,98685000.00,90665000.00,134001000.00,51540000.00,25006000.00,56793000.00,56793000.00,43202000.00,52513000.00,62975000.00,63369000.00,49501000.00,60175000.00,90705000.00,110947000.00,26864000.00,10515000.00,11152000.00,19427000.00,2756000.00,2725000.00,7618000.00,3052000.00,2386000.00,1911000.00,1988000.00,2000000.00,2177000.00,2081000.00,2198000.00,2139000.00,2048000.00,1878000.00,6359000.00,1844000.00,1815000.00,1750000.00,1756000.00,1783000.00,1650000.00,1498000.00,6361000.00,1567000.00,1761000.00,1769000.00,1778000.00,1840000.00,1042000.00,2019000.00,3002000.00,7368000.00,459000.00,1682000.00,1051000.00,1700000.00,5900000.00,7000000.00,5800000.00,2400000.00,1400000.00,1900000.00,2000000.00,2500000.00,4700000.00,4600000.00,2000000.00,1600000.00,1900000.00,3500000.00,2800000.00,2500000.00,,,,3500000.00,,,,600000.00,,,,2200000.00,,,,3600000.00
cashAndEquivalents,97700000.00,71200000.00,87900000.00,73000000.00,63900000.00,48900000.00,46600000.00,62800000.00,505400000.00,,,,,,,,,,,,,,,,,,,,,,,,,,,,,,,,,,,,,,,,,,,,,,,,,,,,,,,,,,,,,,,,,,,,,,,,,,,,,,,,,,,,,,,,,,,,,,,,,,,,,,,,,,,,,,,,,,,,,,,,,,,,,,,,,,,,,,,,,,,,,,,
totalCurrentLiabilities,1176500000.00,1109500000.00,1276300000.00,1353200000.00,1273700000.00,1280700000.00,1267800000.00,1285800000.00,1105500000.00,1064400000.00,1017800000.00,986900000.00,877400000.00,941200000.00,871100000.00,902400000.00,877400000.00,851100000.00,798000000.00,792500000.00,769800000.00,704200000.00,699600000.00,757800000.00,690100000.00,740100000.00,741300000.00,599200000.00,588000000.00,568200000.00,565200000.00,568200000.00,555400000.00,511500000.00,506100000.00,526400000.00,521800000.00,504300000.00,489349000.00,508524000.00,501153000.00,476457000.00,459154000.00,473910000.00,459983000.00,453480000.00,449663000.00,443196000.00,442309000.00,402359000.00,420580000.00,333851000.00,336210000.00,311732000.00,335506000.00,342694000.00,379514000.00,351649000.00,375314000.00,361089000.00,376572000.00,389347000.00,386163000.00,289744000.00,285927000.00,266688000.00,282135000.00,319285000.00,272844000.00,268364000.00,275074000.00,275074000.00,252941000.00,255562000.00,269432000.00,254428000.00,244851000.00,244684000.00,243178000.00,256691000.00,246195000.00,246796000.00,242769000.00,227090000.00,220012000.00,213272000.00,220193000.00,235999000.00,219560000.00,199871000.00,199054000.00,212620000.00,186680000.00,187395000.00,188495000.00,183310000.00,176311000.00,177027000.00,167920000.00,157824000.00,158075000.00,156357000.00,162097000.00,156660000.00,120200000.00,125485000.00,121622000.00,113798000.00,118427000.00,110904000.00,115155000.00,114240000.00,102115000.00,107401000.00,101126000.00,99277000.00,92178000.00,97093000.00,87851000.00,90300000.00,77100000.00,77400000.00,79800000.00,78500000.00,79600000.00,81700000.00,82300000.00,80100000.00,74100000.00,77500000.00,74900000.00,66400000.00,65900000.00,66800000.00,65400000.00,63600000.00,,,,66000000.00,,,,68200000.00,,,,58800000.00,,,,58600000.00
currentDeferredRevenue,49600000.00,,89700000.00,89700000.00,,,943900000.00,10800000.00,816800000.00,691100000.00,649400000.00,10800000.00,531800000.00,,,47700000.00,,,546900000.00,37800000.00,,,,57300000.00,,,,37400000.00,,,,53200000.00,,,,46600000.00,,,,47051000.00,,,,43671000.00,,,,,,,,,,,,,,,,,,,,,,,,,,,,,,,,,,,,,,,,,,167583000.00,161806000.00,167635000.00,148076000.00,145624000.00,141751000.00,142408000.00,131155000.00,126395000.00,126913000.00,124531000.00,119304000.00,118449000.00,115521000.00,113965000.00,105023000.00,102814000.00,108590000.00,103472000.00,85904000.00,88350000.00,82187000.00,79006000.00,87912000.00,82321000.00,81054000.00,80477000.00,76317000.00,73152000.00,73630000.00,70446000.00,64993000.00,64810000.00,66216000.00,,,,,,,,,,,,,,,,,,,,,,,,,,,,,,,,,
netDebt,1351900000.00,1443400000.00,1429100000.00,1329600000.00,1263500000.00,1255200000.00,1102200000.00,969800000.00,301600000.00,360200000.00,471600000.00,491900000.00,699700000.00,818000000.00,974800000.00,742900000.00,864000000.00,898900000.00,957300000.00,899900000.00,979400000.00,1037600000.00,1111800000.00,1115400000.00,217000000.00,222200000.00,263400000.00,212300000.00,172700000.00,163200000.00,230800000.00,102500000.00,253900000.00,276600000.00,323700000.00,283100000.00,287100000.00,289500000.00,332814000.00,282231000.00,309793000.00,346094000.00,386574000.00,171541000.00,230350000.00,240589000.00,275350000.00,273533000.00,325386000.00,372710000.00,398635000.00,101054000.00,117098000.00,124057000.00,171536000.00,138347000.00,172427000.00,182000000.00,215038000.00,229290000.00,279707000.00,284095000.00,312767000.00,-136192000.00,-107325000.00,-98685000.00,-90665000.00,-134001000.00,-51540000.00,-25006000.00,-56793000.00,-56793000.00,-43202000.00,-52513000.00,-62975000.00,-63369000.00,-49501000.00,-60175000.00,-90705000.00,-110947000.00,-26864000.00,-10515000.00,-11152000.00,-19427000.00,12244000.00,-1038000.00,2310000.00,8767000.00,12052000.00,43004000.00,37559000.00,51628000.00,42018000.00,60182000.00,32658000.00,32629000.00,36024000.00,29194000.00,20203000.00,35216000.00,52303000.00,53127000.00,51217000.00,50987000.00,30584000.00,31171000.00,28361000.00,37934000.00,37206000.00,35587000.00,34389000.00,26775000.00,30860000.00,35695000.00,26924000.00,18569000.00,28126000.00,34093000.00,24556000.00,24100000.00,9500000.00,9700000.00,10900000.00,14400000.00,15400000.00,16900000.00,15900000.00,8400000.00,27500000.00,29300000.00,29000000.00,20900000.00,23800000.00,21700000.00,20100000.00,17500000.00,,,,10700000.00,,,,8800000.00,,,,11400000.00,,,,12500000.00
shortTermDebt,63200000.00,64100000.00,211800000.00,211800000.00,211700000.00,211500000.00,62500000.00,63200000.00,63800000.00,150300000.00,150800000.00,151700000.00,123800000.00,123400000.00,108300000.00,57200000.00,52200000.00,47100000.00,42100000.00,37000000.00,27000000.00,17000000.00,7000000.00,16900000.00,264700000.00,277900000.00,,368300000.00,,,,-53200000.00,,,,-46600000.00,,,,-47051000.00,,,,-43671000.00,,,,,,,,,,,,,,,,,,,,,,,,,,,,,,,,,,,,,,,,,,1687000.00,8986000.00,10877000.00,13495000.00,3972000.00,3736000.00,16817000.00,2398000.00,19448000.00,5208000.00,5865000.00,13143000.00,16123000.00,867000.00,3340000.00,16408000.00,21152000.00,12515000.00,14368000.00,5172000.00,9593000.00,6959000.00,5837000.00,2653000.00,2806000.00,5606000.00,6040000.00,679000.00,10479000.00,679000.00,683000.00,5647000.00,12837000.00,2669000.00,4900000.00,,1300000.00,1300000.00,1400000.00,1300000.00,1300000.00,1400000.00,1400000.00,11700000.00,13400000.00,11000000.00,2500000.00,5700000.00,5100000.00,2800000.00,,,,,200000.00,,,,200000.00,,,,1900000.00,,,,7800000.00
shortLongTermDebt,31500000.00,31500000.00,181500000.00,181500000.00,181500000.00,181500000.00,31400000.00,31400000.00,31400000.00,117000000.00,116900000.00,116700000.00,86600000.00,87400000.00,72300000.00,57200000.00,52200000.00,47100000.00,42100000.00,37000000.00,27000000.00,17000000.00,7000000.00,16900000.00,264700000.00,277900000.00,,268300000.00,,,,100000.00,,,,320000000.00,,,,,,,,,,,,,,,,,,,,,,,,,,,,,,,,,,,,,,,,,,,,,,,,,,,,,,,,,,,,,,,,,,,,,,,,,,,,,,,,,,,,,,,,,,,,,,,,,,,,,,,,,,,,,,,,,,,,
shortLongTermDebtTotal,1449600000.00,1514600000.00,1517000000.00,1402600000.00,1327400000.00,1304100000.00,1148800000.00,1032600000.00,807000000.00,795900000.00,849900000.00,886100000.00,929100000.00,1373900000.00,1044600000.00,801400000.00,924500000.00,952600000.00,987900000.00,939000000.00,1025400000.00,1107300000.00,1180400000.00,1178200000.00,264700000.00,277900000.00,306000000.00,268300000.00,224300000.00,208900000.00,286700000.00,158000000.00,305100000.00,307000000.00,362500000.00,319800000.00,311700000.00,327200000.00,367028000.00,314870000.00,348481000.00,384000000.00,423000000.00,215000000.00,252000000.00,266000000.00,293000000.00,300000000.00,365000000.00,396000000.00,430000000.00,140500000.00,150000000.00,145000000.00,192713000.00,172500000.00,196000000.00,182000000.00,227000000.00,230000000.00,285000000.00,301500000.00,316000000.00,,,,,,,,,,,,,,,,,,,,,,15000000.00,1687000.00,9928000.00,11819000.00,14438000.00,44915000.00,39547000.00,53628000.00,44195000.00,62263000.00,34856000.00,34768000.00,38072000.00,31072000.00,26562000.00,37060000.00,54118000.00,54877000.00,52973000.00,52770000.00,32234000.00,32669000.00,34722000.00,39501000.00,38967000.00,37356000.00,36167000.00,28615000.00,31902000.00,37714000.00,29926000.00,25937000.00,28585000.00,35775000.00,25607000.00,25800000.00,15400000.00,16700000.00,16700000.00,16800000.00,16800000.00,18800000.00,17900000.00,10900000.00,32200000.00,33900000.00,31000000.00,22500000.00,25700000.00,25200000.00,22900000.00,20000000.00,,,,14200000.00,,,,9400000.00,,,,13600000.00,,,,16100000.00
otherStockholderEquity,660600000.00,679200000.00,670600000.00,675500000.00,691400000.00,716400000.00,737000000.00,750900000.00,743600000.00,737100000.00,726900000.00,724100000.00,714900000.00,707100000.00,711800000.00,708900000.00,706900000.00,700600000.00,694100000.00,691800000.00,688300000.00,683100000.00,677100000.00,675200000.00,253600000.00,249200000.00,243600000.00,248600000.00,262000000.00,264700000.00,267500000.00,275500000.00,283400000.00,289500000.00,283200000.00,274100000.00,276800000.00,274900000.00,268313000.00,261828000.00,254663000.00,243301000.00,238870000.00,234636000.00,229134000.00,225190000.00,216558000.00,211389000.00,208600000.00,204613000.00,200079000.00,192418000.00,185129000.00,183377000.00,179813000.00,176480000.00,172003000.00,168038000.00,163798000.00,161756000.00,158179000.00,150897000.00,141619000.00,138844000.00,136120000.00,130398000.00,111266000.00,103458000.00,110039000.00,104158000.00,109992000.00,,105309000.00,127604000.00,126152000.00,113484000.00,110502000.00,117393000.00,115242000.00,112511000.00,127605000.00,126304000.00,123144000.00,127503000.00,130095000.00,125429000.00,136598000.00,131242000.00,123951000.00,117291000.00,109806000.00,102902000.00,97954000.00,93725000.00,90400000.00,93336000.00,154125000.00,147921000.00,140977000.00,133656000.00,126827000.00,120498000.00,114712000.00,109350000.00,105085000.00,101004000.00,98064000.00,88579000.00,85536000.00,83723000.00,81148000.00,79628000.00,77658000.00,75687000.00,73659000.00,72417000.00,70556000.00,68308000.00,66863000.00,65100000.00,63300000.00,61900000.00,61600000.00,59800000.00,59300000.00,58200000.00,56700000.00,55100000.00,56200000.00,55100000.00,54300000.00,53000000.00,51500000.00,50700000.00,49500000.00,48300000.00,,,,42800000.00,,,,43700000.00,,,,36500000.00,,,,32900000.00
propertyPlantEquipment,233300000.00,126100000.00,127800000.00,240600000.00,115200000.00,106900000.00,110900000.00,238400000.00,241300000.00,124300000.00,127300000.00,276800000.00,293700000.00,140900000.00,146700000.00,150300000.00,147100000.00,143600000.00,140000000.00,140100000.00,142800000.00,140700000.00,141600000.00,143100000.00,100900000.00,96400000.00,87500000.00,81800000.00,76800000.00,73400000.00,73200000.00,74000000.00,80400000.00,79200000.00,79300000.00,83400000.00,82600000.00,81300000.00,79671000.00,77241000.00,72704000.00,70396000.00,74232000.00,59909000.00,62753000.00,61367000.00,64282000.00,60009000.00,62055000.00,62346000.00,66176000.00,58088000.00,59860000.00,56397000.00,57562000.00,56892000.00,59438000.00,59632000.00,61654000.00,61067000.00,59429000.00,57542000.00,54359000.00,38945000.00,36236000.00,30186000.00,31455000.00,32185000.00,33430000.00,34703000.00,34618000.00,34270000.00,35021000.00,33034000.00,32434000.00,31354000.00,30847000.00,31230000.00,29019000.00,30123000.00,33534000.00,35344000.00,36495000.00,36266000.00,38569000.00,39555000.00,41268000.00,42936000.00,42776000.00,41275000.00,40527000.00,40734000.00,38467000.00,36656000.00,35731000.00,,,,,,,,,,,,,,,,,,,,,,,,,,,,,,,,,,,,,,,,,,,,,,,,,,,,,,,,,
totalCurrentAssets,1729200000.00,1693000000.00,1656300000.00,1561200000.00,1539700000.00,1508200000.00,1477500000.00,1401200000.00,1600300000.00,1499000000.00,1474600000.00,1441900000.00,1312200000.00,1715000000.00,1284900000.00,1275400000.00,1319200000.00,1280900000.00,1231100000.00,1171000000.00,1240600000.00,1215700000.00,1218100000.00,1235500000.00,1049000000.00,1061300000.00,1059500000.00,993700000.00,946000000.00,903400000.00,953000000.00,947200000.00,999600000.00,951800000.00,977500000.00,927200000.00,926600000.00,911800000.00,914472000.00,864632000.00,845295000.00,821576000.00,820478000.00,767427000.00,760114000.00,747009000.00,744871000.00,733757000.00,765056000.00,715965000.00,736752000.00,608756000.00,617757000.00,597245000.00,631317000.00,620997000.00,645239000.00,611941000.00,654837000.00,635069000.00,693078000.00,686120000.00,680508000.00,642890000.00,642470000.00,611291000.00,606349000.00,631741000.00,534642000.00,510751000.00,521453000.00,521453000.00,500219000.00,501498000.00,504568000.00,486088000.00,458605000.00,457693000.00,492766000.00,500648000.00,456973000.00,441020000.00,432087000.00,437785000.00,439429000.00,444112000.00,457454000.00,465541000.00,439692000.00,450128000.00,434739000.00,436819000.00,402719000.00,391704000.00,372197000.00,367589000.00,353194000.00,336144000.00,335886000.00,324308000.00,318846000.00,303128000.00,307995000.00,294417000.00,253757000.00,248582000.00,244949000.00,233755000.00,225407000.00,219911000.00,214906000.00,209867000.00,198988000.00,200142000.00,192987000.00,189442000.00,175889000.00,175546000.00,168408000.00,166900000.00,158900000.00,157000000.00,154400000.00,153700000.00,151200000.00,152600000.00,150300000.00,141600000.00,140600000.00,140900000.00,140100000.00,132400000.00,131300000.00,130600000.00,126300000.00,122000000.00,,,,111300000.00,,,,99200000.00,,,,92100000.00,,,,87100000.00
longTermInvestments,27900000.00,14400000.00,15600000.00,14500000.00,14800000.00,15800000.00,15300000.00,11800000.00,11100000.00,12400000.00,11800000.00,11100000.00,10900000.00,10600000.00,9900000.00,14000000.00,15100000.00,14500000.00,15500000.00,16300000.00,17400000.00,19400000.00,18800000.00,17600000.00,16300000.00,19000000.00,18400000.00,17400000.00,29600000.00,29500000.00,30500000.00,35700000.00,33900000.00,31900000.00,31400000.00,32900000.00,97800000.00,93000000.00,93962000.00,93587000.00,92142000.00,87177000.00,92537000.00,92939000.00,91880000.00,97737000.00,98493000.00,95650000.00,95889000.00,,,,,,,,,,,,,,,,,,,,,,,,,,,,,,,,,,,,,,,,,,,,,,,,,,,,,,,,,,,,,,,,,,,,,,,,,,,,,,,,,,,,,,,,,,,,,,,,,,,,,,,
netTangibleAssets,,1442000000.00,1376400000.00,1338700000.00,1298800000.00,1270100000.00,1247900000.00,-1044500000.00,-302900000.00,-75700000.00,-105500000.00,-410800000.00,-472000000.00,-537100000.00,-561000000.00,-590600000.00,-638800000.00,-680400000.00,-716000000.00,-735900000.00,-777400000.00,-818000000.00,-858700000.00,-918600000.00,-54200000.00,-88700000.00,-121700000.00,-42600000.00,-24200000.00,-44600000.00,-45300000.00,28600000.00,-49000000.00,-27300000.00,-43300000.00,-64600000.00,-52600000.00,-72500000.00,-82077000.00,-99290000.00,-122850000.00,-145001000.00,-171221000.00,-10350000.00,-40114000.00,-49226000.00,-69016000.00,-83980000.00,-97813000.00,-122846000.00,-140027000.00,79268000.00,90737000.00,,,,,,,,,,,,,,,,,,,,,,,,,,,,,,,,,,,,,,,,,,,,,,,,,,,,,,,,,,,,,,,,,,,,,,,,,,,,,,,,,,,,,,,,,,,,,,,,,,,
shortTermInvestments,,14400000.00,15600000.00,14500000.00,14800000.00,15800000.00,15300000.00,11800000.00,11000000.00,,11000000.00,11000000.00,,,,,,,,0.00,0.00,0.00,0.00,0.00,0.00,0.00,0.00,0.00,0.00,0.00,0.00,0.00,0.00,0.00,0.00,0.00,0.00,0.00,0.00,0.00,0.00,0.00,0.00,0.00,0.00,0.00,0.00,0.00,0.00,0.00,0.00,0.00,0.00,,,,,,,,,,,,,,,,,,,,,,,,,,,,,,,,,,,,,,,,,,,,,,,,,,,,,,,,,,,,,,,,,,,,,,,,,,,,,,,,,,,,,,,,,,,,,,,,,,,
netReceivables,1479000000.00,1447900000.00,1406500000.00,1354500000.00,1318500000.00,1297000000.00,1279100000.00,1189600000.00,953200000.00,916100000.00,955800000.00,906400000.00,918000000.00,1019900000.00,1080300000.00,1085800000.00,1129700000.00,1101800000.00,1079400000.00,1014100000.00,1046000000.00,1005700000.00,1020000000.00,1038100000.00,875300000.00,851800000.00,855900000.00,795600000.00,774100000.00,736700000.00,777700000.00,742900000.00,783200000.00,764600000.00,781200000.00,748200000.00,777900000.00,752200000.00,760144000.00,720216000.00,708062000.00,686283000.00,688086000.00,632841000.00,644943000.00,626646000.00,636082000.00,615705000.00,631430000.00,594764000.00,606195000.00,476053000.00,481551000.00,465762000.00,499394000.00,471632000.00,475362000.00,467636000.00,500094000.00,478280000.00,487452000.00,504608000.00,510212000.00,374913000.00,400426000.00,376160000.00,384001000.00,383977000.00,368903000.00,365149000.00,345104000.00,345104000.00,350938000.00,326151000.00,331707000.00,321449000.00,307900000.00,291686000.00,297329000.00,287906000.00,302932000.00,326167000.00,319225000.00,318376000.00,334131000.00,344364000.00,351665000.00,367201000.00,348987000.00,371932000.00,355824000.00,360180000.00,326328000.00,316679000.00,295766000.00,297596000.00,283718000.00,267827000.00,265570000.00,260549000.00,255723000.00,240168000.00,248071000.00,234464000.00,197562000.00,191300000.00,185352000.00,183716000.00,173696000.00,165443000.00,162067000.00,158075000.00,149955000.00,151577000.00,146060000.00,140788000.00,136283000.00,134716000.00,130404000.00,127900000.00,117400000.00,115700000.00,117000000.00,120900000.00,120600000.00,121200000.00,117900000.00,110500000.00,109300000.00,110300000.00,116600000.00,108700000.00,109300000.00,106700000.00,104400000.00,103700000.00,,,,92500000.00,,,,83500000.00,,,,73200000.00,,,,67500000.00
longTermDebt,1292700000.00,1352500000.00,1203400000.00,1086300000.00,1009200000.00,986600000.00,971900000.00,852800000.00,623800000.00,524200000.00,573800000.00,603000000.00,664200000.00,1105700000.00,786300000.00,744200000.00,872200000.00,905500000.00,945800000.00,902000000.00,998400000.00,1090300000.00,1173400000.00,1161300000.00,264700000.00,277900000.00,306000000.00,268300000.00,224300000.00,208900000.00,286700000.00,158000000.00,305100000.00,307000000.00,362500000.00,319800000.00,311700000.00,327200000.00,367028000.00,314870000.00,348481000.00,384000000.00,423000000.00,215000000.00,252000000.00,266000000.00,293000000.00,300000000.00,365000000.00,396000000.00,430000000.00,140500000.00,150000000.00,145000000.00,172000000.00,172500000.00,196000000.00,182000000.00,227000000.00,230000000.00,285000000.00,301500000.00,316000000.00,,,,,,,,,,,,,,,,,,,,,,15000000.00,,942000.00,942000.00,943000.00,40943000.00,35811000.00,36811000.00,41797000.00,42815000.00,29648000.00,,,,,,,,,,,,,,,,,,,,,,,,,,,,,,,,,,,,,,,,,,,,,,,,,,,,,,,,,
inventory,87200000.00,110800000.00,104600000.00,82100000.00,90700000.00,98200000.00,88000000.00,88700000.00,87800000.00,88800000.00,85100000.00,85400000.00,95800000.00,75000000.00,75300000.00,75700000.00,75500000.00,74500000.00,77400000.00,80800000.00,110400000.00,107000000.00,97400000.00,101800000.00,94700000.00,123200000.00,131700000.00,112100000.00,92700000.00,95900000.00,82200000.00,121800000.00,135600000.00,126700000.00,126700000.00,112100000.00,0.00,0.00,0.00,0.00,0.00,0.00,0.00,399000.00,0.00,0.00,0.00,0.00,0.00,0.00,95487000.00,88997000.00,97750000.00,104531000.00,102266000.00,104425000.00,129524000.00,,125777000.00,644000.00,934000.00,19117000.00,20676000.00,20350000.00,22466000.00,23303000.00,23356000.00,22783000.00,21617000.00,21421000.00,21280000.00,21280000.00,20559000.00,20383000.00,22434000.00,22260000.00,21792000.00,23331000.00,20815000.00,21419000.00,22919000.00,29437000.00,29465000.00,30055000.00,27497000.00,29502000.00,27577000.00,25974000.00,24353000.00,24312000.00,26562000.00,25513000.00,24570000.00,24814000.00,25224000.00,23296000.00,22383000.00,22709000.00,22144000.00,22965000.00,22320000.00,22285000.00,21572000.00,21197000.00,19772000.00,20134000.00,19207000.00,16492000.00,16676000.00,19034000.00,19487000.00,19389000.00,19579000.00,19113000.00,18470000.00,17420000.00,15605000.00,15926000.00,15991000.00,16300000.00,16500000.00,15700000.00,14600000.00,13800000.00,13600000.00,13600000.00,13800000.00,13300000.00,14200000.00,14300000.00,13100000.00,12600000.00,13200000.00,13000000.00,12500000.00,10500000.00,,,,10200000.00,,,,10600000.00,,,,11400000.00,,,,10900000.00
accountsPayable,304400000.00,263600000.00,279900000.00,315500000.00,299800000.00,263300000.00,261500000.00,289400000.00,224800000.00,222900000.00,217500000.00,273300000.00,221900000.00,249400000.00,242600000.00,280700000.00,249000000.00,232700000.00,209100000.00,221900000.00,224800000.00,213900000.00,203500000.00,230800000.00,202500000.00,191100000.00,187300000.00,174300000.00,177500000.00,178200000.00,176500000.00,179100000.00,167000000.00,147900000.00,163500000.00,175900000.00,162800000.00,154400000.00,160672000.00,157806000.00,146539000.00,132423000.00,131114000.00,130410000.00,124371000.00,128619000.00,130156000.00,130464000.00,129076000.00,127197000.00,134447000.00,78928000.00,80313000.00,57011000.00,79524000.00,84701000.00,87511000.00,63911000.00,84788000.00,70034000.00,69371000.00,80122000.00,72686000.00,69781000.00,69240000.00,58899000.00,66890000.00,66336000.00,52388000.00,53657000.00,47605000.00,47605000.00,42994000.00,42975000.00,44871000.00,45235000.00,40461000.00,42231000.00,39086000.00,38143000.00,45358000.00,42567000.00,48725000.00,51585000.00,38564000.00,37743000.00,38065000.00,50671000.00,51425000.00,45569000.00,41934000.00,45312000.00,45776000.00,35834000.00,42202000.00,45596000.00,35462000.00,34904000.00,38992000.00,34992000.00,31256000.00,29710000.00,33386000.00,34555000.00,26899000.00,25549000.00,26555000.00,27091000.00,26027000.00,23743000.00,23032000.00,25453000.00,23042000.00,22929000.00,22529000.00,26187000.00,20137000.00,18317000.00,15192000.00,17900000.00,13900000.00,13700000.00,12500000.00,14500000.00,15900000.00,19000000.00,16300000.00,16000000.00,12400000.00,12400000.00,15000000.00,11700000.00,12200000.00,10000000.00,9700000.00,,,,,,,,,,,,,,,,,
totalPermanentEquity,,,,,,,,,,,,,,,,,,,,0.00,0.00,0.00,0.00,0.00,0.00,0.00,0.00,0.00,0.00,0.00,0.00,0.00,0.00,0.00,0.00,0.00,0.00,0.00,0.00,0.00,0.00,0.00,0.00,0.00,0.00,0.00,0.00,0.00,0.00,0.00,0.00,0.00,0.00,,,,,,,,,,,,,,,,,,,,,,,,,,,,,,,,,,,,,,,,,,,,,,,,,,,,,,,,,,,,,,,,,,,,,,,,,,,,,,,,,,,,,,,,,,,,,,,,,,,
noncontrollingInterestInConsolidatedEntity,,,,,,,,,,,,,,,,,,,,0.00,0.00,0.00,0.00,0.00,0.00,0.00,0.00,0.00,0.00,0.00,0.00,0.00,0.00,0.00,0.00,0.00,0.00,0.00,0.00,0.00,0.00,0.00,0.00,0.00,0.00,0.00,0.00,0.00,0.00,0.00,0.00,0.00,0.00,,,,,,,,,,,,,,,,,,,,,,,,,,,,,,,,,,,,,,,,,,,,,,,,,,,,,,,,,,,,,,,,,,,,,,,,,,,,,,,,,,,,,,,,,,,,,,,,,,,
temporaryEquityRedeemableNoncontrollingInterests,,,,,,,,,,,,,,,,,,,,0.00,0.00,0.00,0.00,0.00,0.00,0.00,0.00,0.00,0.00,0.00,0.00,0.00,0.00,0.00,0.00,0.00,0.00,0.00,0.00,0.00,0.00,0.00,0.00,0.00,0.00,0.00,0.00,0.00,0.00,0.00,0.00,0.00,0.00,,,,,,,,,,,,,,,,,,,,,,,,,,,,,,,,,,,,,,,,,,,,,,,,,,,,,,,,,,,,,,,,,,,,,,,,,,,,,,,,,,,,,,,,,,,,,,,,,,,
accumulatedOtherComprehensiveIncome,-2200000.00,-14600000.00,-15100000.00,-16200000.00,-33300000.00,-25200000.00,-24600000.00,-22500000.00,-22900000.00,-23600000.00,-25900000.00,-30800000.00,-30100000.00,-34900000.00,-24300000.00,-23900000.00,-24400000.00,-15700000.00,-12200000.00,-9000000.00,-5700000.00,1600000.00,2700000.00,-20300000.00,-20400000.00,-23700000.00,-26700000.00,-31600000.00,-22600000.00,-9300000.00,-13500000.00,-5100000.00,-4300000.00,-4500000.00,-5700000.00,-2800000.00,-1500000.00,-2000000.00,-1873000.00,-1651000.00,-2013000.00,-2435000.00,-2180000.00,-2154000.00,-1906000.00,-1000000.00,-1302000.00,-2661000.00,-1133000.00,-708000.00,-897000.00,-1863000.00,-2125000.00,-1832000.00,-2350000.00,-2423000.00,-2076000.00,-3554000.00,-3595000.00,-3422000.00,-954000.00,-728000.00,-756000.00,880000.00,462000.00,228000.00,-166000.00,149000.00,245000.00,245000.00,-68000.00,-80370000.00,-160000.00,-245000.00,-173000.00,-108000.00,-306000.00,-380000.00,-269000.00,-268000.00,-510000.00,-720000.00,-789000.00,-789000.00,-761000.00,-760000.00,-762000.00,-763000.00,-687000.00,-687000.00,-653000.00,-653000.00,-603000.00,-603000.00,-570000.00,-635000.00,-61078000.00,-58540000.00,-55972000.00,-53752000.00,-51800000.00,-49297000.00,-48282000.00,-45934000.00,-44085000.00,-42256000.00,-41445000.00,-40031000.00,-38925000.00,-39316000.00,-39043000.00,-39001000.00,-38584000.00,-37793000.00,-37098000.00,-37083000.00,-36316000.00,-35183000.00,-34703000.00,-33800000.00,-32900000.00,-32400000.00,-33000000.00,-32300000.00,-32600000.00,-32200000.00,-31800000.00,-30900000.00,-32900000.00,-32400000.00,-32200000.00,-31500000.00,-30800000.00,-30500000.00,-30100000.00,-29600000.00,,,,-26400000.00,,,,-26300000.00,,,,-21000000.00,,,,-19200000.00
additionalPaidInCapital,,,,,,,,,,,,,,,,,,,,0.00,0.00,0.00,0.00,0.00,0.00,0.00,0.00,0.00,0.00,0.00,0.00,0.00,0.00,0.00,0.00,0.00,0.00,0.00,0.00,0.00,0.00,0.00,0.00,0.00,0.00,0.00,0.00,0.00,0.00,0.00,0.00,0.00,0.00,,,,,,,,,,,,,,,,,,,,,,,,,,,,,,,,,,,,,,,,,,,,,,,,,,,,,,,,,,,,,,,,,,,,,,,,,,,,,,,,,,,,,,,,,,,,,,,,,,,
commonStockTotalEquity,,700000.00,700000.00,700000.00,700000.00,700000.00,700000.00,700000.00,700000.00,700000.00,700000.00,700000.00,700000.00,700000.00,700000.00,700000.00,700000.00,700000.00,700000.00,700000.00,700000.00,700000.00,700000.00,700000.00,600000.00,600000.00,600000.00,600000.00,600000.00,600000.00,600000.00,600000.00,600000.00,600000.00,600000.00,600000.00,600000.00,600000.00,558000.00,555000.00,551000.00,547000.00,546000.00,544000.00,542000.00,540000.00,537000.00,533000.00,532000.00,531000.00,530000.00,526000.00,522000.00,520000.00,519000.00,517000.00,515000.00,513000.00,582000.00,581000.00,578000.00,575000.00,572000.00,571000.00,570000.00,568000.00,560000.00,557000.00,554000.00,551000.00,547000.00,547000.00,544000.00,540000.00,536000.00,527000.00,525000.00,523000.00,521000.00,518000.00,515000.00,512000.00,508000.00,504000.00,501000.00,498000.00,246000.00,244000.00,242000.00,239000.00,234000.00,230000.00,227000.00,225000.00,223000.00,224000.00,223000.00,221000.00,218000.00,216000.00,256000.00,254000.00,207000.00,205000.00,203000.00,201000.00,200000.00,195000.00,97000.00,96000.00,94000.00,94000.00,93000.00,92000.00,91000.00,90000.00,90000.00,89000.00,88000.00,,,,,,,,,,,,,,,,,,,,,,,,,,,,,,,,,
preferredStockTotalEquity,,,,,,,,,,,,,,,,,,,,0.00,0.00,0.00,0.00,0.00,0.00,0.00,0.00,0.00,0.00,0.00,0.00,0.00,0.00,0.00,0.00,0.00,0.00,0.00,0.00,0.00,0.00,0.00,0.00,0.00,0.00,0.00,0.00,0.00,0.00,0.00,0.00,0.00,0.00,,,,,,,,,,,,,,,,,,,,,,,,,,,,,,,,,,,,6400000.00,6400000.00,6400000.00,6400000.00,6400000.00,6400000.00,6400000.00,,,,,,,,,,,,,,,,,,,,,,,,,,,,,,,,,,,,,,,,,,,,,,,,,,,,,,,,,
retainedEarningsTotalEquity,,1117500000.00,1080300000.00,1057200000.00,1021400000.00,977700000.00,942100000.00,880200000.00,859000000.00,885600000.00,867500000.00,,765900000.00,722300000.00,871600000.00,856300000.00,820500000.00,795900000.00,778600000.00,771200000.00,773200000.00,751200000.00,736200000.00,720100000.00,734900000.00,711500000.00,689900000.00,756400000.00,757900000.00,736200000.00,741100000.00,736500000.00,706900000.00,714600000.00,705500000.00,696900000.00,677800000.00,667300000.00,660957000.00,656775000.00,641039000.00,633320000.00,622227000.00,617372000.00,597722000.00,593112000.00,589366000.00,586625000.00,576139000.00,555821000.00,549177000.00,547944000.00,533364000.00,,,,,,,,,,,,,,,,,,,,,,,,,,,,,,,,,,,,,,,,,,,,,,,,,,,,,,,,,,,,,,,,,,,,,,,,,,,,,,,,,,,,,,,,,,,,,,,,,,,
treasuryStock,,,,,,,,,,,,,,,,,,,,0.00,0.00,0.00,0.00,0.00,0.00,0.00,0.00,0.00,0.00,0.00,0.00,0.00,0.00,0.00,0.00,0.00,0.00,0.00,0.00,0.00,0.00,0.00,0.00,0.00,0.00,0.00,0.00,0.00,0.00,0.00,0.00,0.00,0.00,,,,,,-122338000.00,-122338000.00,-122338000.00,-122338000.00,-122338000.00,-122338000.00,-122338000.00,-122338000.00,-122338000.00,-122338000.00,-110319000.00,-110319000.00,-96377000.00,-96377000.00,-96377000.00,-69217000.00,-65059000.00,-65059000.00,-65059000.00,-55675000.00,-55675000.00,-53986000.00,-35724000.00,-32929000.00,-32929000.00,-23632000.00,-16670000.00,-16670000.00,,,,,,,,,,,,,,,,,,,,,,,,,,,,,,,,,,,,,,,,,,,,,,,,,,,,,,,,,,,,,,,,,,
accumulatedAmortization,,,,,,,,,,,,,,,,,,,,,,,,,,,,,,,,,,,,,,,,,,,,,,,,,,,,,,,,,,,,,,,,,,,,,,,,,,,,,,,,,,,,,,,,,,,,,,,,,,,,,,,,,,,,,,,,,,,,,,,,,,,,,,,,,,,,,,,,,,,,,,,,,,,,,,,,
nonCurrrentAssetsOther,75300000.00,63700000.00,57500000.00,188500000.00,79900000.00,82600000.00,100700000.00,131200000.00,123200000.00,119200000.00,125000000.00,136100000.00,102300000.00,89200000.00,75000000.00,120300000.00,88600000.00,96500000.00,93500000.00,109600000.00,62300000.00,79500000.00,110300000.00,122100000.00,111600000.00,114300000.00,140700000.00,134300000.00,132200000.00,114900000.00,115000000.00,114000000.00,67600000.00,64200000.00,65700000.00,116000000.00,61100000.00,65900000.00,75984000.00,38513000.00,126819000.00,122163000.00,122553000.00,125248000.00,128464000.00,132490000.00,132305000.00,139127000.00,140962000.00,175424000.00,175646000.00,146385000.00,144465000.00,142539000.00,143514000.00,146613000.00,146834000.00,153265000.00,149579000.00,167122000.00,143878000.00,148999000.00,154256000.00,106708000.00,43640000.00,42421000.00,40049000.00,24362000.00,20474000.00,20720000.00,33539000.00,33539000.00,18422000.00,18900000.00,17546000.00,19184000.00,21722000.00,19688000.00,21820000.00,30884000.00,18705000.00,18745000.00,18421000.00,14478000.00,26781000.00,25213000.00,25742000.00,26024000.00,22615000.00,22524000.00,21690000.00,21798000.00,24562000.00,24481000.00,24534000.00,24743000.00,23048000.00,21392000.00,18848000.00,19463000.00,19878000.00,20382000.00,19998000.00,20412000.00,23359000.00,24443000.00,24349000.00,25033000.00,25279000.00,21335000.00,22170000.00,14435000.00,16727000.00,16280000.00,15201000.00,13854000.00,13216000.00,13358000.00,13492000.00,26400000.00,24800000.00,25200000.00,25400000.00,25000000.00,26900000.00,25900000.00,25100000.00,23700000.00,24900000.00,24600000.00,22500000.00,20900000.00,20900000.00,20300000.00,19800000.00,23300000.00,,,,19100000.00,,,,7800000.00,,,,10500000.00,,,,10200000.00
deferredLongTermAssetCharges,,,,,,,,,,,,,,,,,,,,,,,,,52500000.00,76900000.00,76700000.00,37400000.00,32700000.00,26500000.00,42500000.00,,,,,,,,,,7342000.00,10035000.00,2324000.00,17610000.00,33254000.00,30117000.00,32476000.00,30948000.00,42479000.00,45209000.00,51578000.00,51068000.00,55994000.00,,,,,,,,,,,,,,,,,,,,,,,,,,,,,,,,,,,,,,,,,,,,,,,,,,,,,,,,,,,,,,,,,,,,,,,,,,,,,,,,,,,,,,,,,,,,,,,,,,,
nonCurrentAssetsTotal,3240600000.00,3239800000.00,3261700000.00,3307700000.00,3067900000.00,3078000000.00,3027500000.00,3035100000.00,2297000000.00,2293100000.00,2307600000.00,2335100000.00,2356100000.00,2364200000.00,2562100000.00,2417200000.00,2424800000.00,2449000000.00,2455300000.00,2456500000.00,2499900000.00,2534100000.00,2579000000.00,2577100000.00,1304100000.00,1332900000.00,1352400000.00,1287500000.00,1293400000.00,1281100000.00,1302200000.00,1202600000.00,1264600000.00,1253800000.00,1253400000.00,1265700000.00,1241600000.00,1243700000.00,1250739000.00,1254604000.00,1258108000.00,1254814000.00,1267670000.00,1101824000.00,1126781000.00,1128935000.00,1141929000.00,1145841000.00,1161779000.00,1201026000.00,1219087000.00,939914000.00,911041000.00,884664000.00,892884000.00,900156000.00,916025000.00,909238000.00,916800000.00,914844000.00,918413000.00,935994000.00,947824000.00,477783000.00,402041000.00,394888000.00,386742000.00,384533000.00,386132000.00,388499000.00,382257000.00,,377135000.00,370432000.00,370336000.00,356436000.00,342009000.00,338736000.00,296559000.00,295335000.00,283007000.00,288870000.00,285386000.00,267154000.00,265238000.00,223994000.00,220252000.00,217559000.00,216553000.00,210889000.00,203498000.00,205166000.00,205502000.00,202650000.00,199571000.00,195895000.00,191171000.00,186215000.00,178101000.00,177055000.00,177078000.00,175940000.00,173560000.00,172735000.00,155712000.00,153761000.00,149943000.00,146015000.00,145312000.00,134224000.00,133570000.00,125106000.00,124493000.00,119006000.00,116962000.00,110028000.00,108772000.00,108325000.00,102299000.00,101200000.00,78000000.00,76400000.00,75600000.00,72600000.00,74100000.00,73600000.00,72800000.00,70100000.00,75000000.00,75300000.00,71300000.00,69300000.00,68100000.00,67000000.00,67300000.00,68000000.00,,,,60700000.00,,,,53000000.00,,,,50000000.00,,,,47500000.00
capitalLeaseObligations,125400000.00,130600000.00,132100000.00,134800000.00,136700000.00,136000000.00,145500000.00,148400000.00,151800000.00,154700000.00,159200000.00,166400000.00,178300000.00,180800000.00,186000000.00,,,,,,,,,,,,,,,,,,,,,,,,,,,,,,,,,,,,,,,,,,,,,,,,,,,,,,,,,,,,,,,,,,,,,,,,,,,,,,,,,,,,,,,,,,,,,,,,,,,,,,,,,,,,,,,,,,,,,,,,,,,,,,,,,,,,,,,,,
longTermDebtTotal,1292700000.00,1352500000.00,1203400000.00,1086300000.00,1009200000.00,986600000.00,971900000.00,852800000.00,623800000.00,524200000.00,573800000.00,605800000.00,666000000.00,1105700000.00,786300000.00,744200000.00,872200000.00,905500000.00,945800000.00,902000000.00,998400000.00,1090300000.00,1173400000.00,1161300000.00,264700000.00,277900000.00,306000000.00,,224300000.00,208900000.00,286700000.00,158000000.00,305100000.00,307000000.00,362500000.00,319800000.00,311700000.00,327200000.00,367028000.00,314870000.00,348481000.00,384000000.00,423000000.00,215000000.00,252000000.00,266000000.00,293000000.00,300000000.00,365000000.00,396000000.00,430000000.00,140500000.00,150000000.00,,,,,,,,,,,,,,,,,,,,,,,,,,,,,,,,,,,,,,,,,,,,,,,,,,,,,,,,,,,,,,,,,,,,,,,,,,,,,,,,,,,,,,,,,,,,,,,,,,,
nonCurrentLiabilitiesOther,55300000.00,94300000.00,606000000.00,126100000.00,579700000.00,583800000.00,577900000.00,136000000.00,111600000.00,603600000.00,617900000.00,168100000.00,118200000.00,604700000.00,583500000.00,456200000.00,459200000.00,459200000.00,452400000.00,440600000.00,472200000.00,478800000.00,474500000.00,460500000.00,426300000.00,435300000.00,453800000.00,,429200000.00,415200000.00,407600000.00,397000000.00,399900000.00,359700000.00,358800000.00,361500000.00,364600000.00,367800000.00,365872000.00,365261000.00,359529000.00,341200000.00,346531000.00,329943000.00,349420000.00,338622000.00,338978000.00,340516000.00,335388000.00,358375000.00,356370000.00,335294000.00,325698000.00,,,,,,,,,,,,,,,,,,,,,,,,,,,,,,,,,,,,,,,,,,,,,,,,,,,,,,,,,,,,,,,,,,,,,,,,,,,,,,,,,,,,,,,,,,,,,,,,,,,
nonCurrentLiabilitiesTotal,1933400000.00,2040600000.00,1905200000.00,1798500000.00,1653700000.00,1636000000.00,1581900000.00,1541200000.00,1211600000.00,1127800000.00,1195300000.00,1289700000.00,1339600000.00,1742800000.00,1416300000.00,1248200000.00,1362900000.00,1397400000.00,1427300000.00,1380400000.00,1514200000.00,1609100000.00,1680600000.00,1679100000.00,694200000.00,716500000.00,763200000.00,708000000.00,653500000.00,624100000.00,694300000.00,574100000.00,722200000.00,693900000.00,741200000.00,697700000.00,692700000.00,710400000.00,747907000.00,693205000.00,708010000.00,725200000.00,769531000.00,544943000.00,601420000.00,604622000.00,631978000.00,640516000.00,700388000.00,754375000.00,786370000.00,475794000.00,475698000.00,468543000.00,492579000.00,491409000.00,507133000.00,505811000.00,542912000.00,544773000.00,597476000.00,612346000.00,635697000.00,225171000.00,164925000.00,157688000.00,159446000.00,155742000.00,156212000.00,156925000.00,152710000.00,,151726000.00,152174000.00,147958000.00,145935000.00,101036000.00,98728000.00,97076000.00,95256000.00,94758000.00,92626000.00,92691000.00,91179000.00,103036000.00,86111000.00,87401000.00,85924000.00,77795000.00,118045000.00,105132000.00,106656000.00,114539000.00,112987000.00,98854000.00,96823000.00,94226000.00,83058000.00,93247000.00,99605000.00,107596000.00,103116000.00,109111000.00,106279000.00,94363000.00,89536000.00,91787000.00,95279000.00,88738000.00,86098000.00,81385000.00,72547000.00,79081000.00,74132000.00,74974000.00,69462000.00,66420000.00,64682000.00,63758000.00,61200000.00,51000000.00,50400000.00,47100000.00,47000000.00,48500000.00,50200000.00,49400000.00,42000000.00,55500000.00,55400000.00,55400000.00,55700000.00,56900000.00,56600000.00,56000000.00,57000000.00,,,,44100000.00,,,,12800000.00,,,,15100000.00,,,,11900000.00
negativeGoodwill,,,,,,,,,,,,,,,,,,,,,,,,,,,,,,,,,,,,,,,,,,,,,,,,,,,,,,,,,,,,,,,,,,,,,,,,,,,,,,,,,,,,,,,,,,,,,,,,,,,,,,,,,,,,,,,,,,,,,,,,,,,,,,,,,,,,,,,,,,,,,,,,,,,,,,,,
warrants,,,,,,,,,,,,,,,,,,,,,,,,,,,,,,,,,,,,,,,,,,,,,,,,,,,,,,,,,,,,,,,,,,,,,,,,,,,,,,,,,,,,,,,,,,,,,,,,,,,,,,,,,,,,,,,,,,,,,,,,,,,,,,,,,,,,,,,,,,,,,,,,,,,,,,,,
preferredStockRedeemable,,,,,,,,,,,,,,,,,,,,,,,,,,,,,,,,,,,,,,,,,,,,,,,,,,,,,,,,,,,,,,,,,,,,,,,,,,,,,,,,,,,,,,,,,,,,,,,,,,,,,,,,,,,,,,,,,,,,,,,,,,,,,,,,,,,,,,,,,,,,,,,,,,,,,,,,
capitalSurpluse,660700000.00,679200000.00,670700000.00,675500000.00,691400000.00,716400000.00,737000000.00,750900000.00,743600000.00,737100000.00,726900000.00,724100000.00,714900000.00,707100000.00,711800000.00,708900000.00,706900000.00,700600000.00,694100000.00,691800000.00,688300000.00,683100000.00,677100000.00,675200000.00,253600000.00,249200000.00,243600000.00,248600000.00,262000000.00,264700000.00,267500000.00,275500000.00,283400000.00,289500000.00,283200000.00,274100000.00,276800000.00,274900000.00,268313000.00,261828000.00,254663000.00,243301000.00,238870000.00,234636000.00,229134000.00,225190000.00,216558000.00,211389000.00,208600000.00,204613000.00,200079000.00,192418000.00,185129000.00,,,,,,,,,,,,,,,,,,,,,,,,,,,,,,,,,,,,,,,,,,,,,,,,,,,,,,,,,,,,,,,,,,,,,,,,,,,,,,,,,,,,,,,,,,,,,,,,,,,
liabilitiesAndStockholdersEquity,4970000000.00,4932900000.00,4918000000.00,4868900000.00,4607600000.00,4586300000.00,4504900000.00,4436200000.00,3897400000.00,3792000000.00,3782200000.00,3776900000.00,3668300000.00,4079200000.00,3847100000.00,3692600000.00,3744000000.00,3729900000.00,3686400000.00,3627500000.00,3740400000.00,3749900000.00,3797000000.00,3812600000.00,2352900000.00,2394200000.00,2411900000.00,2281200000.00,2239400000.00,2184500000.00,2255200000.00,2149800000.00,2264200000.00,2205600000.00,2230900000.00,2192900000.00,2168200000.00,2155500000.00,2165211000.00,2119236000.00,2103403000.00,2076390000.00,2088148000.00,1869251000.00,1886895000.00,1875944000.00,1886800000.00,1879598000.00,1926835000.00,1916991000.00,1955839000.00,1548670000.00,1528798000.00,1481909000.00,1524201000.00,1521153000.00,1561264000.00,1521179000.00,1571637000.00,1549913000.00,1611491000.00,1622114000.00,1628332000.00,1120673000.00,1044511000.00,1006179000.00,993091000.00,1016274000.00,920774000.00,899250000.00,903710000.00,903710000.00,877354000.00,871930000.00,874904000.00,842524000.00,800614000.00,796429000.00,789325000.00,795983000.00,739980000.00,729890000.00,717473000.00,704939000.00,704667000.00,668106000.00,677706000.00,683100000.00,656245000.00,661017000.00,638237000.00,641985000.00,608221000.00,594354000.00,571768000.00,563484000.00,544365000.00,522359000.00,513987000.00,501363000.00,495924000.00,479068000.00,481555000.00,467152000.00,409469000.00,402343000.00,394892000.00,379770000.00,370719000.00,354135000.00,348476000.00,334973000.00,323481000.00,319148000.00,309949000.00,299470000.00,284661000.00,283871000.00,270707000.00,268100000.00,236900000.00,233400000.00,230000000.00,226300000.00,225300000.00,226200000.00,223100000.00,211700000.00,215600000.00,216200000.00,211400000.00,201700000.00,199400000.00,197600000.00,193600000.00,190000000.00,,,,172000000.00,,,,152200000.00,,,,142100000.00,,,,134600000.00
cashAndShortTermInvestments,97700000.00,71200000.00,87900000.00,73000000.00,63900000.00,48900000.00,46600000.00,62800000.00,505400000.00,435700000.00,378300000.00,394200000.00,229400000.00,555900000.00,69800000.00,58500000.00,60500000.00,53700000.00,30600000.00,39100000.00,46000000.00,69700000.00,68600000.00,62800000.00,47700000.00,55700000.00,42600000.00,56000000.00,51600000.00,45700000.00,55900000.00,55500000.00,51200000.00,30400000.00,38800000.00,36700000.00,24600000.00,37700000.00,34214000.00,32639000.00,38688000.00,37906000.00,36426000.00,43459000.00,21650000.00,25411000.00,17650000.00,26467000.00,39614000.00,23290000.00,31365000.00,39446000.00,32902000.00,20943000.00,21177000.00,34153000.00,23573000.00,,11962000.00,710000.00,5293000.00,17405000.00,3233000.00,136192000.00,107325000.00,98685000.00,90665000.00,134001000.00,51540000.00,25006000.00,56793000.00,,43202000.00,52513000.00,62975000.00,63369000.00,49501000.00,60175000.00,90705000.00,110947000.00,26864000.00,10515000.00,11152000.00,19427000.00,2756000.00,2725000.00,7618000.00,3052000.00,2386000.00,1911000.00,1988000.00,2000000.00,2177000.00,2081000.00,2198000.00,2139000.00,2048000.00,1878000.00,6359000.00,1844000.00,1815000.00,1750000.00,1756000.00,1783000.00,1650000.00,1498000.00,6361000.00,1567000.00,1761000.00,1769000.00,1778000.00,1840000.00,1042000.00,2019000.00,3002000.00,7368000.00,459000.00,1682000.00,1051000.00,1700000.00,5900000.00,7000000.00,5800000.00,2400000.00,1400000.00,1900000.00,2000000.00,2500000.00,4700000.00,4600000.00,2000000.00,1600000.00,1900000.00,3500000.00,2800000.00,2500000.00,,,,3500000.00,,,,600000.00,,,,2200000.00,,,,3600000.00
propertyPlantAndEquipmentGross,,,,,,106900000.00,110900000.00,,241300000.00,256200000.00,263500000.00,276800000.00,293700000.00,299700000.00,310100000.00,150200000.00,147100000.00,143600000.00,140000000.00,140000000.00,142800000.00,140700000.00,141600000.00,143100000.00,100900000.00,96400000.00,87500000.00,81800000.00,76800000.00,73400000.00,73200000.00,74000000.00,80400000.00,79200000.00,79300000.00,83400000.00,82600000.00,81300000.00,79671000.00,77241000.00,72704000.00,70396000.00,74232000.00,59909000.00,62753000.00,61367000.00,64282000.00,60009000.00,62055000.00,62346000.00,66176000.00,58088000.00,59860000.00,56397000.00,57562000.00,56892000.00,59438000.00,59632000.00,61654000.00,61067000.00,59429000.00,57542000.00,54359000.00,38945000.00,36236000.00,30186000.00,31455000.00,32185000.00,33430000.00,34703000.00,34270000.00,34270000.00,35021000.00,33034000.00,32434000.00,31354000.00,30847000.00,31230000.00,29019000.00,30123000.00,33534000.00,35344000.00,36495000.00,36266000.00,38569000.00,39555000.00,41268000.00,42936000.00,42776000.00,41275000.00,40527000.00,40734000.00,38467000.00,36656000.00,35731000.00,35181000.00,32736000.00,30505000.00,28442000.00,27307000.00,26668000.00,26554000.00,26373000.00,26584000.00,24714000.00,23404000.00,22627000.00,22570000.00,22936000.00,23756000.00,22939000.00,22647000.00,21870000.00,20966000.00,20519000.00,19819000.00,19725000.00,19304000.00,18087000.00,17000000.00,15800000.00,15800000.00,15400000.00,15000000.00,14900000.00,15100000.00,15400000.00,15600000.00,17000000.00,17300000.00,16500000.00,16200000.00,16600000.00,16200000.00,16800000.00,15600000.00,,,,16600000.00,,,,22300000.00,,,,20900000.00,,,,20000000.00
propertyPlantAndEquipmentNet,233300000.00,237800000.00,240900000.00,240600000.00,231800000.00,222300000.00,235100000.00,238400000.00,241300000.00,256200000.00,263500000.00,276800000.00,293700000.00,299700000.00,310100000.00,150300000.00,147100000.00,143600000.00,140000000.00,140100000.00,142800000.00,140700000.00,141600000.00,143100000.00,100900000.00,96400000.00,87500000.00,81800000.00,76800000.00,73400000.00,73200000.00,74000000.00,80400000.00,79200000.00,79300000.00,83400000.00,82600000.00,81300000.00,79671000.00,77241000.00,72704000.00,70396000.00,74232000.00,59909000.00,62753000.00,61367000.00,64282000.00,60009000.00,62055000.00,62346000.00,66176000.00,58088000.00,59860000.00,56397000.00,57562000.00,56892000.00,59438000.00,59632000.00,61654000.00,61067000.00,59429000.00,57542000.00,54359000.00,38945000.00,36236000.00,30186000.00,31455000.00,32185000.00,33430000.00,34703000.00,34270000.00,,35021000.00,33034000.00,32434000.00,31354000.00,30847000.00,31230000.00,29019000.00,30123000.00,33534000.00,35344000.00,36495000.00,36266000.00,38569000.00,39555000.00,41268000.00,42936000.00,42776000.00,41275000.00,40527000.00,40734000.00,38467000.00,36656000.00,35731000.00,35181000.00,32736000.00,30505000.00,28442000.00,27307000.00,26668000.00,26554000.00,26373000.00,26584000.00,24714000.00,23404000.00,22627000.00,22570000.00,22936000.00,23756000.00,22939000.00,22647000.00,21870000.00,20966000.00,20519000.00,19819000.00,19725000.00,19304000.00,18087000.00,17000000.00,15800000.00,15800000.00,15400000.00,15000000.00,14900000.00,15100000.00,15400000.00,15600000.00,17000000.00,17300000.00,16500000.00,16200000.00,16600000.00,16200000.00,16800000.00,15600000.00,,,,16600000.00,,,,22300000.00,,,,20900000.00,,,,20000000.00
accumulatedDepreciation,,,,,,,,,,,,,,,,,,,,,,,,,,,,,,,,,,,,,,,,,,,,,,,,,,,,,,,,,,,,,,,,,,,,,,,,,,,,,,,,,,,,,,,,,,,,,,,,,,,,,,,,,,,,,,,,,,,,,,,,,,,,,,,,,,,,,,,,,,,,,,,,,,,,,,,,
netWorkingCapital,552700000.00,583500000.00,380000000.00,208000000.00,266000000.00,227500000.00,209700000.00,115400000.00,494800000.00,434600000.00,456800000.00,455000000.00,434800000.00,773800000.00,413800000.00,,,,,,,,,,,,,,,,,,,,,,,,,,,,,,,,,,,,,,,,,,,,,,,,,,,,,,,,,,,,,,,,,,,,,,,,,,,,,,,,,,,,,,,,,,,,,,,,,,,,,,,,,,,,,,,,,,,,,,,,,,,,,,,,,,,,,,,,,
netInvestedCapital,1324200000.00,1384000000.00,3121500000.00,1267800000.00,2870900000.00,2837700000.00,2658500000.00,2493500000.00,655200000.00,2241000000.00,2259900000.00,2220100000.00,2202200000.00,2588300000.00,2418400000.00,,,,,,,,,,,,,,,,,,,,,,,,,,,,,,,,,,,,,,,,,,,,,,,,,,,,,,,,,,,,,,,,,,,,,,,,,,,,,,,,,,,,,,,,,,,,,,,,,,,,,,,,,,,,,,,,,,,,,,,,,,,,,,,,,,,,,,,,,
commonStockSharesOutstanding,66600000.00,66700000.00,66800000.00,66900000.00,67200000.00,67500000.00,68300000.00,68500000.00,67500000.00,67800000.00,67600000.00,67600000.00,67200000.00,66900000.00,67200000.00,67200000.00,67000000.00,66800000.00,66700000.00,66600000.00,66300000.00,66200000.00,66300000.00,62800000.00,56600000.00,56500000.00,56600000.00,56900000.00,56800000.00,56900000.00,57100000.00,57500000.00,57500000.00,57600000.00,57200000.00,57200000.00,57000000.00,57000000.00,57100000.00,56686000.00,56281000.00,55804000.00,55497000.00,55200000.00,55000000.00,54728000.00,54493000.00,54493000.00,54201000.00,54159000.00,53893000.00,53893000.00,52996000.00,52719000.00,52548000.00,52548000.00,51937000.00,51553000.00,51470000.00,51470000.00,51650000.00,51299000.00,50911000.00,50911000.00,51134000.00,50754000.00,49736000.00,49736000.00,49306000.00,49812000.00,50087000.00,49185000.00,50462000.00,50702000.00,50402000.00,50402000.00,50226000.00,50145000.00,49785000.00,49785000.00,50244000.00,49877000.00,49972000.00,49972000.00,51179000.00,51494000.00,50678000.00,50678000.00,50676000.00,49826000.00,48916000.00,48916000.00,47664000.00,47320000.00,46418000.00,46418000.00,47732000.00,47402000.00,47464000.00,47464000.00,46474000.00,41992000.00,45766000.00,45766000.00,43716000.00,43196000.00,42832000.00,42832000.00,40956000.00,20116000.00,19796000.00,19796000.00,19254000.00,19040000.00,18806000.00,18806000.00,17884000.00,17744000.00,17606000.00,17606000.00,34000000.00,33750000.00,34285714.00,34285714.00,33000000.00,32941176.00,32307692.00,32307692.00,32631579.00,31250000.00,30000000.00,30000000.00,31111111.00,31428571.00,31624000.00,31624000.00,31048000.00,30824000.00,30616000.00,30616000.00,29848000.00,30960000.00,30520000.00,30520000.00,30416000.00,29936000.00,29936000.00,29936000.00,29656000.00,29272000.00,29272000.00,29272000.00
investments,-22800000.00,-9600000.00,-12500000.00,-148200000.00,-17800000.00,-63100000.00,-3000000.00,-718800000.00,-7800000.00,-8200000.00,-5200000.00,-9400000.00,-8800000.00,-7000000.00,5000000.00,-14200000.00,-17000000.00,-15700000.00,-11400000.00,200000.00,2900000.00,2900000.00,-600000.00,-400000.00,-400000.00,-400000.00,-400000.00,5000000.00,,5000000.00,,-100000.00,-100000.00,,,-100000.00,,-500000.00,,-82000.00,-98000.00,4997000.00,,,,,,740000.00,-162000.00,4837000.00,-630000.00,,,,,,,,,,,,,,,,,,,,,,,,,,,,,,,,,,,,,,,,,,,,,,,,,,,,,,,,,,,,,,,,,,,,,,,,,,,,,,,,,,,,,,,,,,,,,,,,,,,,,
changeToLiabilities,,,,,-14700000.00,-121500000.00,-41800000.00,72600000.00,137800000.00,58300000.00,-3000000.00,72100000.00,-51000000.00,14300000.00,-88900000.00,0.00,13900000.00,55300000.00,-32500000.00,-10500000.00,46200000.00,-4000000.00,-33200000.00,74400000.00,15600000.00,1100000.00,18100000.00,15400000.00,9700000.00,-8600000.00,,44300000.00,22400000.00,,,3700000.00,6700000.00,,,21003000.00,13621000.00,,,21442000.00,16704000.00,4221000.00,1980000.00,13993000.00,3078000.00,27000.00,16027000.00,,,,,,,,17502000.00,,5685000.00,12679000.00,10578000.00,21945000.00,11639000.00,,1543000.00,,,,5270000.00,37382000.00,8354000.00,12602000.00,12908000.00,52419000.00,21423000.00,20259000.00,12727000.00,,15450000.00,14588000.00,12535000.00,,,,,26368000.00,15199000.00,5659000.00,,12446000.00,7347000.00,,,,,,,,,,,,,,,,,,,,,,,,,,,,,,,,,,,,,,,,,,,,,,,,,,,,,,,,,,,
totalCashflowsFromInvestingActivities,-45000000.00,-9700000.00,-12500000.00,-148200000.00,-17800000.00,-63100000.00,-12400000.00,-718800000.00,-7800000.00,-8200000.00,-5200000.00,-9400000.00,-8800000.00,-7000000.00,-2300000.00,-14200000.00,-17000000.00,-15700000.00,-11400000.00,-11800000.00,-11900000.00,-9100000.00,-15300000.00,-847900000.00,22100000.00,-16900000.00,-29100000.00,-28900000.00,-11500000.00,-6800000.00,-87600000.00,126300000.00,-22000000.00,-10300000.00,-3600000.00,-42800000.00,-8400000.00,-21322000.00,-9478000.00,-19271000.00,-9711000.00,-5082000.00,-191824000.00,-2618000.00,-12138000.00,-3838000.00,-11244000.00,-4847000.00,-4840000.00,262000.00,-297987000.00,0.00,0.00,,,,,,,,,,,,,,,,,,,,,,,,,,,66054000.00,,,,,,,,,,,,,,,,,,,,,,,,,,,,,,,,,,,,,,,,,,,,,,,,,,,,,,,,,,,,,,,,,,,,,,,,
netBorrowings,,-18900000.00,124100000.00,77000000.00,38900000.00,153400000.00,127400000.00,230000000.00,7800000.00,-48000000.00,-38000000.00,-22800000.00,-432200000.00,345600000.00,63900000.00,-124500000.00,-20800000.00,-46600000.00,56100000.00,-95800000.00,-73800000.00,-78300000.00,-800000.00,896500000.00,100000.00,-16000000.00,45300000.00,27400000.00,16800000.00,-70800000.00,136300000.00,-150200000.00,-1900000.00,-62100000.00,41800000.00,4300000.00,-12000000.00,-44619000.00,57219000.00,-32097000.00,-34516000.00,-43158000.00,212609000.00,-36962000.00,-13993000.00,-29955000.00,-4059000.00,-76176000.00,-24840000.00,-34781000.00,290276000.00,,,,,,,,,,,,,,,,,,,,,,,,,,,,,,,,,,,,,,,,,,,,,,,,,,,,,,,,,,,,,,,,,,,,,,,,,,,,,,,,,,,,,,,,,,,,,,,,,,,,,
totalCashFromFinancingActivities,-101200000.00,-33400000.00,96200000.00,41200000.00,-7000000.00,110900000.00,90300000.00,221100000.00,-10200000.00,-60700000.00,-57800000.00,-26000000.00,-444900000.00,328400000.00,48400000.00,-138400000.00,-31400000.00,-57000000.00,42000000.00,-108100000.00,-85000000.00,-88400000.00,-14300000.00,882700000.00,-8200000.00,-27500000.00,27000000.00,23500000.00,500000.00,-90800000.00,119400000.00,-165900000.00,-19600000.00,-69500000.00,38100000.00,-8800000.00,-24000000.00,-51734000.00,49934000.00,-37790000.00,-35982000.00,-42751000.00,196278000.00,-42405000.00,-19881000.00,-31932000.00,-9564000.00,-83453000.00,-30496000.00,-40217000.00,288609000.00,-23102000.00,12185000.00,-48655000.00,2861000.00,-48652000.00,12458000.00,-50620000.00,-9178000.00,-61351000.00,-17633000.00,-14547000.00,311264000.00,-4459000.00,-1601000.00,10330000.00,-1580000.00,-12606000.00,-24000.00,-16753000.00,-1397000.00,-1397000.00,-28697000.00,-4243000.00,3412000.00,-2348000.00,-12405000.00,-3374000.00,-2388000.00,-19797000.00,-3935000.00,-1555000.00,-9378000.00,-26391000.00,17105000.00,-23621000.00,-2319000.00,-5790000.00,-27922000.00,8799000.00,-12810000.00,10697000.00,-17484000.00,27113000.00,-8016000.00,-6594000.00,7425000.00,5598000.00,-10045000.00,-14941000.00,373000.00,2699000.00,602000.00,20780000.00,-337000.00,-2063000.00,-7734000.00,736000.00,1996000.00,1686000.00,7255000.00,-3265000.00,-6152000.00,7611000.00,3720000.00,-2858000.00,-7369000.00,9848000.00,-560000.00,6400000.00,-1500000.00,-200000.00,-100000.00,-3600000.00,-5000000.00,3500000.00,7500000.00,-18600000.00,-2100000.00,2600000.00,8100000.00,-4600000.00,300000.00,2100000.00,2600000.00,,,,,,,,,,,,,,,,,
changeToOperatingActivities,,,,,-8000000.00,-5800000.00,-86200000.00,-800000.00,-11600000.00,3800000.00,-31600000.00,46600000.00,22800000.00,22100000.00,-14000000.00,-14000000.00,2600000.00,-4500000.00,8800000.00,4800000.00,6000000.00,5400000.00,7700000.00,25500000.00,2000000.00,800000.00,-9900000.00,9300000.00,-28900000.00,10500000.00,,37500000.00,,,,500000.00,,,,,,,,,,,,,,,,,,,,,,,,,,,,,,,,,,,,,,,,,,,,,,,,,,,,,,,,,,,,,,,,,,,,,,,,,,,,,,,,,,,,,,,,,,,,,,,,,,,,,,,,,,,,,,,,,,,,
changeInCash,26500000.00,-16600000.00,14900000.00,9100000.00,15000000.00,2300000.00,-16200000.00,-442600000.00,69700000.00,57400000.00,-15900000.00,164800000.00,-326500000.00,486100000.00,11300000.00,-2000000.00,6800000.00,23100000.00,-8500000.00,-6900000.00,-23700000.00,1100000.00,5800000.00,15100000.00,-8000000.00,13100000.00,-13400000.00,4400000.00,5900000.00,-10200000.00,400000.00,4300000.00,20800000.00,-8400000.00,2100000.00,12100000.00,-13100000.00,3486000.00,1575000.00,-6049000.00,782000.00,1480000.00,-7033000.00,21809000.00,-3761000.00,7761000.00,-8817000.00,-13147000.00,16324000.00,-8075000.00,-8081000.00,6544000.00,11959000.00,-234000.00,-12976000.00,10580000.00,-2458000.00,-11962000.00,11252000.00,-4583000.00,-12112000.00,14172000.00,-132959000.00,28867000.00,8640000.00,8020000.00,-43336000.00,82461000.00,26534000.00,-7089000.00,13591000.00,13591000.00,-9311000.00,-10462000.00,-394000.00,13868000.00,-10674000.00,-30530000.00,-20242000.00,84083000.00,16349000.00,-637000.00,-8275000.00,16671000.00,31000.00,-4893000.00,4566000.00,666000.00,475000.00,-77000.00,-12000.00,-177000.00,96000.00,-117000.00,59000.00,91000.00,170000.00,-4481000.00,4515000.00,29000.00,65000.00,-6000.00,-27000.00,118000.00,167000.00,-4863000.00,4794000.00,-194000.00,-8000.00,-9000.00,-62000.00,798000.00,-977000.00,-983000.00,-4366000.00,6909000.00,-1223000.00,631000.00,-637000.00,-4200000.00,-1200000.00,1200000.00,3500000.00,900000.00,-400000.00,-100000.00,-500000.00,-2200000.00,-100000.00,2700000.00,400000.00,-400000.00,-1500000.00,700000.00,300000.00,,,,,,,,,,,,,,,,,
beginPeriodCashFlow,71200000.00,99100000.00,73000000.00,63900000.00,48900000.00,46600000.00,62800000.00,505400000.00,435700000.00,378300000.00,394200000.00,229400000.00,555900000.00,69800000.00,58500000.00,60500000.00,53700000.00,30600000.00,39100000.00,46000000.00,69700000.00,68600000.00,62800000.00,47700000.00,55700000.00,42600000.00,56000000.00,51600000.00,45700000.00,55900000.00,55500000.00,51200000.00,30400000.00,38800000.00,36700000.00,24600000.00,37700000.00,34214000.00,32639000.00,38688000.00,37906000.00,36426000.00,43459000.00,21650000.00,25411000.00,17650000.00,26467000.00,39614000.00,23290000.00,31365000.00,39446000.00,32902000.00,20943000.00,21177000.00,34153000.00,23573000.00,26031000.00,11962000.00,710000.00,5293000.00,17405000.00,3233000.00,136192000.00,107325000.00,98685000.00,90665000.00,134001000.00,51540000.00,25006000.00,32095000.00,43202000.00,43202000.00,52513000.00,62975000.00,63369000.00,49501000.00,60175000.00,90705000.00,110947000.00,26864000.00,10515000.00,11152000.00,19427000.00,2756000.00,2725000.00,7618000.00,3052000.00,2386000.00,1911000.00,1988000.00,2000000.00,2177000.00,2081000.00,2198000.00,2139000.00,2048000.00,1878000.00,6359000.00,1844000.00,1815000.00,1750000.00,1756000.00,1783000.00,1665000.00,1498000.00,6361000.00,1567000.00,1761000.00,1769000.00,1778000.00,1840000.00,1042000.00,2019000.00,3002000.00,7368000.00,459000.00,1682000.00,1051000.00,1688000.00,,1200000.00,5900000.00,2400000.00,,,2000000.00,2500000.00,,2700000.00,2000000.00,1600000.00,,700000.00,2800000.00,2500000.00,,,,,,,,,,,,,,,,,
endPeriodCashFlow,97700000.00,82500000.00,87900000.00,73000000.00,63900000.00,48900000.00,46600000.00,62800000.00,505400000.00,435700000.00,378300000.00,394200000.00,229400000.00,555900000.00,69800000.00,58500000.00,60500000.00,53700000.00,30600000.00,39100000.00,46000000.00,69700000.00,68600000.00,62800000.00,47700000.00,55700000.00,42600000.00,56000000.00,51600000.00,45700000.00,55900000.00,55500000.00,51200000.00,30400000.00,38800000.00,36700000.00,24600000.00,37700000.00,34214000.00,32639000.00,38688000.00,37906000.00,36426000.00,43459000.00,21650000.00,25411000.00,17650000.00,26467000.00,39614000.00,23290000.00,31365000.00,39446000.00,32902000.00,20943000.00,21177000.00,34153000.00,23573000.00,26031000.00,11962000.00,710000.00,5293000.00,17405000.00,3233000.00,136192000.00,107325000.00,98685000.00,90665000.00,134001000.00,51540000.00,25006000.00,56793000.00,56793000.00,43202000.00,52513000.00,62975000.00,63369000.00,49501000.00,60175000.00,90705000.00,110947000.00,26864000.00,10515000.00,11152000.00,19427000.00,2756000.00,2725000.00,7618000.00,3052000.00,2386000.00,1911000.00,1988000.00,2000000.00,2177000.00,2081000.00,2198000.00,2139000.00,2048000.00,1878000.00,6359000.00,1844000.00,1815000.00,1750000.00,1756000.00,1783000.00,1665000.00,1498000.00,6361000.00,1567000.00,1761000.00,1769000.00,1778000.00,1840000.00,1042000.00,2019000.00,3002000.00,7368000.00,459000.00,1682000.00,1051000.00,-4200000.00,-1200000.00,1200000.00,5900000.00,900000.00,-400000.00,-100000.00,2000000.00,-2200000.00,-100000.00,2700000.00,2000000.00,-400000.00,-1500000.00,700000.00,2800000.00,,,,,,,,,,,,,,,,,
totalCashFromOperatingActivities,149100000.00,26000000.00,-70900000.00,117100000.00,40800000.00,-43900000.00,-93600000.00,55600000.00,87600000.00,125900000.00,45300000.00,198700000.00,130800000.00,162200000.00,-34300000.00,148700000.00,57700000.00,95700000.00,-39300000.00,113500000.00,74100000.00,99600000.00,33700000.00,-19800000.00,-22800000.00,59300000.00,-11100000.00,8400000.00,16900000.00,87400000.00,-31400000.00,43900000.00,62400000.00,71400000.00,-32400000.00,63700000.00,19300000.00,76581000.00,-38881000.00,51012000.00,46475000.00,49313000.00,-11487000.00,66832000.00,28258000.00,43531000.00,11991000.00,75153000.00,51660000.00,31880000.00,1297000.00,69574000.00,35967000.00,53236000.00,-8913000.00,64406000.00,9263000.00,41123000.00,26079000.00,31771000.00,15579000.00,45898000.00,-24941000.00,63859000.00,19401000.00,7044000.00,-36009000.00,97811000.00,30104000.00,14368000.00,22589000.00,22589000.00,1089000.00,-1090000.00,14863000.00,21267000.00,6597000.00,22296000.00,-16470000.00,11084000.00,25815000.00,5429000.00,17814000.00,47769000.00,22839000.00,27850000.00,12461000.00,12075000.00,28684000.00,7661000.00,17376000.00,-4827000.00,26745000.00,-18589000.00,15596000.00,14185000.00,566000.00,2318000.00,18236000.00,20823000.00,5951000.00,1872000.00,3415000.00,2128000.00,6786000.00,3747000.00,15086000.00,2448000.00,10180000.00,2645000.00,1456000.00,7709000.00,12001000.00,-5603000.00,-268000.00,12170000.00,8506000.00,-2367000.00,3547000.00,2200000.00,2800000.00,3900000.00,8300000.00,6400000.00,6000000.00,-1800000.00,-5700000.00,4300000.00,2800000.00,4000000.00,-5100000.00,4900000.00,800000.00,-500000.00,-2200000.00,,,,,,,,,,,,,,,,,
issuanceOfCapitalStock,,,,,,,,,,,,,,,,,,,,,,,,,,,,,,,,,,,,,,,,,,,,,,,,,,,,,,,,,,,,,,,,,,,,,,,,,,,,,,,,,,,,,,,,,,,,,,,,,,,,,,,,,,,,,,,,,,,,,,,,,,,,,,,,,,,,,,,,,,,,,,,,,,,,,,,,
depreciation,30200000.00,30600000.00,30500000.00,30000000.00,27300000.00,27400000.00,27700000.00,23700000.00,21900000.00,22000000.00,22300000.00,23200000.00,24100000.00,24700000.00,24400000.00,26000000.00,27500000.00,27200000.00,26700000.00,26400000.00,28600000.00,28500000.00,29000000.00,26700000.00,14900000.00,14500000.00,14000000.00,14400000.00,13900000.00,14900000.00,14300000.00,13900000.00,14800000.00,14300000.00,14000000.00,14900000.00,14000000.00,14063000.00,14337000.00,13632000.00,15108000.00,15761000.00,15889000.00,12338000.00,12756000.00,12829000.00,12974000.00,13648000.00,13104000.00,13232000.00,12674000.00,10243000.00,9028000.00,8551000.00,8493000.00,9454000.00,8634000.00,7931000.00,7306000.00,9975000.00,5261000.00,6503000.00,6336000.00,4468000.00,4386000.00,5007000.00,4891000.00,4973000.00,5284000.00,5361000.00,4921000.00,4921000.00,4907000.00,4957000.00,4806000.00,3869000.00,4576000.00,5747000.00,3475000.00,3744000.00,3645000.00,3820000.00,3620000.00,3729000.00,3811000.00,3808000.00,3834000.00,7033000.00,6347000.00,6520000.00,6428000.00,6255000.00,6095000.00,5636000.00,5538000.00,5377000.00,5272000.00,5063000.00,4986000.00,5198000.00,4868000.00,4734000.00,4793000.00,4633000.00,3871000.00,3831000.00,3783000.00,3896000.00,3147000.00,3516000.00,3092000.00,3196000.00,2844000.00,2838000.00,2649000.00,2787000.00,2175000.00,2258000.00,2080000.00,2100000.00,1700000.00,1800000.00,1600000.00,1600000.00,1600000.00,1600000.00,1800000.00,2000000.00,1700000.00,1600000.00,1700000.00,1900000.00,1600000.00,1800000.00,1700000.00,,,,,,,,,,,,,,,,,
otherCashflowsFromInvestingActivities,2000000.00,300000.00,1300000.00,-135100000.00,200000.00,-53000000.00,-2800000.00,2400000.00,600000.00,100000.00,1400000.00,1400000.00,1000000.00,600000.00,4200000.00,1000000.00,-100000.00,200000.00,200000.00,1600000.00,400000.00,2400000.00,-4000000.00,-832400000.00,36500000.00,-100000.00,-18100000.00,-12300000.00,200000.00,-2900000.00,-80800000.00,131700000.00,-14700000.00,-2800000.00,2800000.00,-34400000.00,800000.00,-11284000.00,284000.00,-8023000.00,1422000.00,-3777000.00,-187734000.00,1669000.00,-5248000.00,1111000.00,682000.00,-10000.00,1771000.00,310000.00,-292144000.00,1512000.00,2494000.00,1087000.00,1043000.00,2165000.00,2730000.00,2312000.00,415000.00,35424000.00,2745000.00,1289000.00,58000.00,2563000.00,2297000.00,2088000.00,669000.00,2253000.00,1594000.00,1394000.00,269000.00,34025000.00,33504000.00,1173000.00,812000.00,796000.00,509000.00,242000.00,51000.00,114756000.00,512000.00,400000.00,211000.00,1702000.00,1033000.00,603000.00,346000.00,13253000.00,13737000.00,1418000.00,,1164000.00,920000.00,563000.00,,,,,,,,,,,,,,,,,,,,,,,,,,,,,,,,,,,,,,,,,,,,,,,,,,,,,,,,,,
dividendsPaid,-14500000.00,-14600000.00,-14400000.00,-12900000.00,12800000.00,13100000.00,13100000.00,12800000.00,12800000.00,12700000.00,12700000.00,12300000.00,12400000.00,12300000.00,12300000.00,11900000.00,12000000.00,11900000.00,11900000.00,11500000.00,11500000.00,11500000.00,11500000.00,11100000.00,9500000.00,9500000.00,9400000.00,9200000.00,9200000.00,9300000.00,9200000.00,9000000.00,9100000.00,9000000.00,8900000.00,8700000.00,8600000.00,8683000.00,8617000.00,8623000.00,8196000.00,16054000.00,16054000.00,7884000.00,7846000.00,7833000.00,7746000.00,7466000.00,7444000.00,7436000.00,7398000.00,7101000.00,7037000.00,7022000.00,6992000.00,6720000.00,6693000.00,6673000.00,6641000.00,6370000.00,6330000.00,6311000.00,6260000.00,6002000.00,5985000.00,5963000.00,5855000.00,5368000.00,5379000.00,5421000.00,5147000.00,5147000.00,5199000.00,5215000.00,5183000.00,4872000.00,4869000.00,4880000.00,4855000.00,4632000.00,4693000.00,4670000.00,4640000.00,4447000.00,4405000.00,4463000.00,4415000.00,4065000.00,4107000.00,4059000.00,3971000.00,3684000.00,3647000.00,3622000.00,3586000.00,3335000.00,3247000.00,3287000.00,3186000.00,2720000.00,2696000.00,2675000.00,2617000.00,2175000.00,2156000.00,2140000.00,2126000.00,1833000.00,1820000.00,1806000.00,1776000.00,1533000.00,1520000.00,1511000.00,1497000.00,1304000.00,1295000.00,1286000.00,1233000.00,1200000.00,1000000.00,1100000.00,1100000.00,1000000.00,1100000.00,1000000.00,1000000.00,,,1000000.00,900000.00,900000.00,900000.00,,,,,,,,,,,,,,,,,,,
changeToInventory,,,,,,,-64000000.00,47600000.00,,,5500000.00,-82500000.00,,,-5400000.00,-32500000.00,12900000.00,-11100000.00,10800000.00,9300000.00,-4600000.00,-6800000.00,12800000.00,-7200000.00,-27700000.00,18500000.00,-14100000.00,16100000.00,-33400000.00,-3300000.00,-3200000.00,4000000.00,-12200000.00,6900000.00,-13900000.00,16800000.00,-8800000.00,9825000.00,-1625000.00,-1980000.00,3077000.00,1212000.00,3946000.00,-17134000.00,0.00,0.00,0.00,0.00,0.00,0.00,-7387000.00,0.00,0.00,,16505000.00,-1188000.00,95000.00,4000.00,30000.00,290000.00,-1334000.00,1559000.00,-326000.00,2099000.00,837000.00,53000.00,-573000.00,-1166000.00,-196000.00,-560000.00,-721000.00,-721000.00,-176000.00,345000.00,-174000.00,-468000.00,1539000.00,-1904000.00,604000.00,1515000.00,933000.00,43000.00,590000.00,-2558000.00,2005000.00,-1925000.00,-1603000.00,-1621000.00,-41000.00,-512000.00,-1049000.00,-943000.00,244000.00,410000.00,-1928000.00,-913000.00,326000.00,-565000.00,821000.00,-645000.00,-35000.00,-713000.00,-375000.00,-1125000.00,362000.00,-927000.00,-2379000.00,184000.00,-23000.00,453000.00,-98000.00,190000.00,-466000.00,-643000.00,-1050000.00,-1815000.00,321000.00,65000.00,297000.00,200000.00,-800000.00,-1100000.00,-800000.00,-200000.00,,100000.00,-400000.00,100000.00,100000.00,-1200000.00,-500000.00,2600000.00,-200000.00,-600000.00,-1900000.00,,,,,,,,,,,,,,,,,
changeToAccountReceivables,,,-51000000.00,-143800000.00,-129400000.00,-93700000.00,-90300000.00,-124500000.00,-45000000.00,41400000.00,-52300000.00,138400000.00,93100000.00,52200000.00,3000000.00,42300000.00,-30600000.00,-21800000.00,-68200000.00,28600000.00,-41300000.00,13000000.00,15700000.00,-46200000.00,-22200000.00,18100000.00,-65400000.00,-54200000.00,-39100000.00,33300000.00,-20900000.00,-24300000.00,-13000000.00,16000000.00,-34600000.00,9300000.00,-24000000.00,15435000.00,-44135000.00,-8902000.00,-19868000.00,3385000.00,-25378000.00,15683000.00,-13637000.00,8768000.00,-22173000.00,12377000.00,-10544000.00,16844000.00,-37109000.00,8002000.00,-6988000.00,33238000.00,-32276000.00,24636000.00,-4323000.00,27871000.00,-28253000.00,,,,,,,,,,,,,,,,,-37728000.00,,,,2225000.00,,,,38299000.00,26652000.00,22098000.00,14985000.00,,,,3490000.00,,,,1148000.00,,,,,,,,,,,,,,,,,,,,,,,,,,,,,,,,,,,,,,,,,,,,,,,,,,,,,,,,,
salePurchaseOfStock,-27100000.00,-12000000.00,-12700000.00,-23000000.00,-31200000.00,-30000000.00,-13300000.00,-8100000.00,-7800000.00,-5600000.00,-6500000.00,100000.00,-5700000.00,-5100000.00,-2400000.00,-1300000.00,700000.00,-700000.00,-2300000.00,0.00,0.00,0.00,0.00,-2000000.00,1200000.00,800000.00,-7900000.00,-15400000.00,-9700000.00,-10200000.00,-11300000.00,-11400000.00,-12100000.00,-7900000.00,4900000.00,-10000000.00,-10000000.00,2481000.00,2319000.00,229737000.00,7730000.00,1302000.00,745000.00,-12496000.00,1958000.00,5856000.00,2241000.00,189000.00,1788000.00,2000000.00,5731000.00,0.00,0.00,,,,,,,,,,,,,,,-12019000.00,,,,,-27160000.00,,,,-9384000.00,,-1689000.00,-18262000.00,-2795000.00,,-9297000.00,-6962000.00,,,,,,,,,,,-8390000.00,,,,,,,,,,,,,,,,,,,,,,,,,,,,,,,,,,,,,,,,,,,,,,,,,,,,,,,,,
otherCashflowsFromFinancingActivities,700000.00,311800000.00,259000000.00,490200000.00,275300000.00,250100000.00,-7500000.00,330600000.00,24900000.00,16300000.00,-11800000.00,25700000.00,13700000.00,-100000.00,430100000.00,533600000.00,564500000.00,300000000.00,364300000.00,288700000.00,428200000.00,162000000.00,301000000.00,1177000000.00,243800000.00,244500000.00,2600000.00,5900000.00,4200000.00,6000000.00,4900000.00,5200000.00,500000.00,900000.00,231600000.00,100000.00,4100000.00,241749000.00,295551000.00,-590000.00,180733000.00,166249000.00,429332000.00,171479000.00,201965000.00,194901000.00,217182000.00,134013000.00,186948000.00,132219000.00,437007000.00,150934000.00,76397000.00,90692000.00,141353000.00,112664000.00,187151000.00,171053000.00,173463000.00,-54981000.00,-16500000.00,-14500000.00,316000000.00,-30533000.00,-9160000.00,-9354000.00,-5747000.00,46360000.00,-3546000.00,-13942000.00,-7601000.00,-7601000.00,18297000.00,-4158000.00,-18669000.00,-5051000.00,-4866000.00,-49452000.00,2388000.00,92796000.00,-5520000.00,-4511000.00,-16711000.00,-19281000.00,17594000.00,-24911000.00,-1891000.00,-9018000.00,-30478000.00,5368000.00,-14081000.00,9431000.00,-18069000.00,27408000.00,88000.00,-8751000.00,7004000.00,4508000.00,-10500000.00,-17058000.00,-759000.00,1904000.00,203000.00,20537000.00,-435000.00,-2053000.00,-7584000.00,534000.00,58829000.00,-56030000.00,7553000.00,-3287000.00,-5812000.00,7788000.00,3989000.00,-2648000.00,-7190000.00,10168000.00,-243000.00,6600000.00,-1400000.00,-2500000.00,-4700000.00,-3500000.00,-4600000.00,3400000.00,7800000.00,-19500000.00,-2700000.00,2900000.00,8400000.00,-4300000.00,600000.00,1400000.00,1900000.00,,,,,,,,,,,,,,,,,
changeToNetincome,,-26000000.00,-109400000.00,68300000.00,-16000000.00,-92700000.00,-169600000.00,-2400000.00,87600000.00,94800000.00,-29300000.00,8900000.00,74800000.00,299000000.00,-62100000.00,100500000.00,21200000.00,65800000.00,-52400000.00,104600000.00,40400000.00,74200000.00,5700000.00,-17300000.00,-55600000.00,27600000.00,-27200000.00,1600000.00,-16000000.00,80600000.00,-45000000.00,27300000.00,60900000.00,53100000.00,-50100000.00,35800000.00,-100000.00,61350000.00,-51950000.00,26844000.00,30399000.00,30039000.00,-24869000.00,39033000.00,15726000.00,31784000.00,1351000.00,56971000.00,23749000.00,17695000.00,-7123000.00,22629000.00,16113000.00,7748000.00,4286000.00,12623000.00,,,2306000.00,,2998000.00,2239000.00,388000.00,,,,,,,,,,,,2941000.00,5935000.00,4135000.00,2103000.00,6354000.00,,1842000.00,1700000.00,2751000.00,590000.00,,,4520000.00,,,,3550000.00,765000.00,33000.00,,6854000.00,,,,,,,,,,,,,,,,,,,,,,,,,,,,,,,,,,,,,,,,,,,,,,,,,,,,,,,,,
capitalExpenditures,10900000,9900000,13800000,13000000,18100000,10000000,9600000,11000000,8400000,8300000,6600000,9100000,9800000,7600000,11500000,15200000,16900000,15900000,11600000,13600000,15200000,11500000,10600000,15000000,14400000,16800000,11000000,16600000,11700000,8900000,6800000,5400000,7200000,7500000,6400000,8900000,9200000,9538000,9762000,11166000,11035000,6302000,4090000,4287000,6890000,4949000,11926000,5577000,6449000,4885000,5213000,4725000,6979000,4859000,7379000,3422000,5480000,4239000,5441000,6785000,9468000,8203000,9607000,5799000,9144000,3662000,3441000,2926000,2785000,4555000,2851000,2851000,5519000,4543000,4825000,2235000,3115000,4060000,2087000,3881000,2168000,2902000,2670000,3812000,52247000,1699000,2181000,3221000,4987000,5236000,3478000,5731000,5428000,4012000,3546000,5267000,5146000,4779000,4259000,3480000,1864000,3931000,2440000,4573000,3597000,3126000,1976000,2293000,2322000,2920000,3216000,2971000,2681000,2199000,2374000,1667000,1785000,2420000,2667000,1700000,1200000,1700000,1600000,1400000,900000,900000,2000000,700000,1100000,2200000,1600000,500000,1500000,1300000,3800000,,,,,,,,,,,,,,,,,
changeReceivables,,,,,,,,,,,,,,,,,,,,,,,,,,,,,,,,,,,,,,,,,,,,,,,,,,,,,,,,,,,,,,,,,,,,,,,,,,,,,,,,,,,,,,,,,,,,,,,,,,,,,,,,,,,,,,,,,,,,,,,,,,,,,,,,,,,,,,,,,,,,,,,,,,,,,,,,
cashFlowsOtherOperating,,,,230400000.00,,,,34300000.00,-13700000.00,31100000.00,74600000.00,,56000000.00,-136800000.00,27900000.00,,36500000.00,29900000.00,13000000.00,8800000.00,33800000.00,25300000.00,28000000.00,-2500000.00,32900000.00,31600000.00,16100000.00,9000000.00,32900000.00,28600000.00,-8200000.00,54100000.00,,,,75600000.00,,,,24168000.00,16076000.00,19274000.00,13382000.00,40331000.00,,11747000.00,10640000.00,18182000.00,27911000.00,22605000.00,,,,,,,,,,,,,,,,,,,,,,,,,,,,,,,,,,,,,,,,,,,,,,,,,,,,,,,,,,,,,,,,,,,,,,,,,,,,,,,,,,,,,,,,,,,,,,,,,,,,,,
exchangeRateChanges,,,,,,,,,,,,,,,,,,,300000.00,-500000.00,-1000000.00,-900000.00,1700000.00,,900000.00,100000.00,500000.00,-3300000.00,,,,,,,,,,,,,,,,,,,,,,,,,,,,,,,,,,,,,,,,,,,,,,,,,,,,,,,,,,,,,,,,,,,,,,,,,,,,,,,,,,,,,,,,,,,,,,,,,,,,,,,,,,,,,,,,,,,,,,,,,,,,
cashAndCashEquivalentsChanges,,-17200000.00,12800000.00,10200000.00,16000000.00,3900000.00,-15700000.00,-442200000.00,69600000.00,57000000.00,-17700000.00,,-322900000.00,483700000.00,11800000.00,-3900000.00,9300000.00,22700000.00,-8500000.00,-6900000.00,-23700000.00,1100000.00,5800000.00,15100000.00,-8000000.00,14900000.00,-12700000.00,1900000.00,5900000.00,-10200000.00,400000.00,4300000.00,20800000.00,-8400000.00,2100000.00,12100000.00,-13100000.00,3525000.00,1575000.00,-6049000.00,782000.00,1480000.00,-7033000.00,21809000.00,-3761000.00,7761000.00,-8817000.00,-13147000.00,16324000.00,-8075000.00,-8081000.00,,,,,,,,,,,,,,,,,,,,,,,,,,,,,,,,,,,,,,,,,,,,,,,,,,,,,,,,,,,,,,,,,,,,,,,,,,,,,,,,,,,,,,,,,,,,,,,,,,,,,
changeInWorkingCapital,56300000.00,-52200000.00,-154300000.00,10700000.00,-51600000.00,-152500000.00,-213600000.00,-10500000.00,91700000.00,82500000.00,-54400000.00,113500000.00,45700000.00,106100000.00,-92300000.00,54800000.00,-13900000.00,29400000.00,-78800000.00,28600000.00,3300000.00,6100000.00,1100000.00,6400000.00,-18500000.00,26900000.00,-53100000.00,-31300000.00,-26900000.00,36800000.00,-34300000.00,-2400000.00,51300000.00,31500000.00,-69800000.00,14400000.00,-17100000.00,41377000.00,-70877000.00,-3500000.00,15964000.00,8994000.00,-44963000.00,13065000.00,-48000.00,19050000.00,-17714000.00,28746000.00,-993000.00,-2637000.00,-25580000.00,25976000.00,2253000.00,29110000.00,-41119000.00,44638000.00,-21683000.00,-4940000.00,-15010000.00,-16580000.00,-22171000.00,16069000.00,-37897000.00,40632000.00,-149000.00,-15557000.00,-52696000.00,28044000.00,4100000.00,-3004000.00,27603000.00,-899000.00,-29240000.00,-15174000.00,2237000.00,22107000.00,-13183000.00,10253000.00,4727000.00,-7399000.00,8031000.00,-8486000.00,9126000.00,28469000.00,2012000.00,8262000.00,-70000.00,14603000.00,7199000.00,-9802000.00,1405000.00,-24157000.00,8838000.00,-34643000.00,3831000.00,-4278000.00,-14278000.00,-10515000.00,8451000.00,6706000.00,-9342000.00,-9928000.00,-6996000.00,-13757000.00,-6893000.00,-4606000.00,6879000.00,-8030000.00,784000.00,-4556000.00,-5009000.00,-1368000.00,5571000.00,-11897000.00,-6068000.00,5233000.00,2640000.00,-7606000.00,-2301000.00,-2600000.00,-2100000.00,300000.00,4000000.00,-1400000.00,1000000.00,-6500000.00,-6800000.00,9100000.00,-500000.00,2100000.00,-8800000.00,9000000.00,-2200000.00,-3200000.00,-4500000.00,,,,,,,,,,,,,,,,,
stockBasedCompensation,7600000.00,7700000.00,6900000.00,6100000.00,7600000.00,8300000.00,8500000.00,7500000.00,8400000.00,9100000.00,8500000.00,9200000.00,6900000.00,-700000.00,4900000.00,3900000.00,4800000.00,4300000.00,4500000.00,3900000.00,4800000.00,4500000.00,3800000.00,3000000.00,3000000.00,3700000.00,3600000.00,2300000.00,4300000.00,3400000.00,4000000.00,3600000.00,2400000.00,4400000.00,3800000.00,4300000.00,4200000.00,3901000.00,3899000.00,3520000.00,3476000.00,3154000.00,3132000.00,2933000.00,1867000.00,2647000.00,2789000.00,2502000.00,2089000.00,2426000.00,2174000.00,1958000.00,-1497000.00,1650000.00,1960000.00,1854000.00,2145000.00,1919000.00,1493000.00,3360000.00,10155000.00,-170000.00,-39000.00,-185000.00,-66000.00,-44000.00,-381000.00,-125000.00,,,,,,,,,,,,,,,,,,,,,,,,,,,,,,,,,,,,,,,,,,,,,,,,,,,,,,,,,,,-2400000.00,,,,,,,,,,,,,,,,,,,,,,,,,
otherNonCashItems,-37800000.00,-5700000.00,-2100000.00,-6500000.00,-328100000.00,-5600000.00,-1500000.00,-1400000.00,6300000.00,-3200000.00,1700000.00,16900000.00,4800000.00,180600000.00,1800000.00,2400000.00,2200000.00,600000.00,4000000.00,50000000.00,-200000.00,28200000.00,2100000.00,-38400000.00,-54300000.00,-17200000.00,-1600000.00,19800000.00,-1400000.00,9400000.00,-20900000.00,4300000.00,-1800000.00,-3400000.00,2200000.00,700000.00,-300000.00,620000.00,480000.00,-713000.00,-971000.00,519000.00,935000.00,598000.00,225000.00,1451000.00,362000.00,1808000.00,1594000.00,746000.00,1532000.00,2174000.00,794000.00,4717000.00,4049000.00,-3225000.00,4241000.00,10259000.00,14174000.00,4803000.00,-1561000.00,8665000.00,2008000.00,1302000.00,1668000.00,2418000.00,3822000.00,-289000.00,898000.00,462000.00,-22055000.00,,-487000.00,1063000.00,437000.00,1441000.00,944000.00,871000.00,-29348000.00,-49610000.00,5162000.00,1782000.00,1506000.00,4056000.00,5652000.00,1483000.00,483000.00,1761000.00,1945000.00,846000.00,823000.00,666000.00,818000.00,630000.00,592000.00,385000.00,653000.00,474000.00,585000.00,597000.00,622000.00,671000.00,729000.00,4004000.00,560000.00,380000.00,487000.00,681000.00,378000.00,382000.00,284000.00,391000.00,265000.00,397000.00,356000.00,538000.00,508000.00,324000.00,404000.00,1100000.00,200000.00,300000.00,500000.00,2400000.00,200000.00,100000.00,-200000.00,-7700000.00,-100000.00,100000.00,,1500000.00,-100000.00,100000.00,-2700000.00,,,,,,,,,,,,,,,,,
freeCashFlow,138200000.00,16100000.00,-84700000.00,104100000.00,22700000.00,-53900000.00,-103200000.00,44600000.00,79200000.00,117600000.00,38700000.00,189600000.00,121000000.00,154600000.00,-45800000.00,133500000.00,40800000.00,79800000.00,-50900000.00,99900000.00,58900000.00,88100000.00,23100000.00,-34800000.00,-37200000.00,42500000.00,-22100000.00,-8200000.00,5200000.00,78500000.00,-38200000.00,38500000.00,55200000.00,63900000.00,-38800000.00,54800000.00,10100000.00,67043000.00,-48643000.00,39846000.00,35440000.00,43011000.00,-15577000.00,62545000.00,21368000.00,38582000.00,65000.00,69576000.00,45211000.00,26995000.00,-3916000.00,64849000.00,28988000.00,48377000.00,-16292000.00,60984000.00,3783000.00,36884000.00,20638000.00,24986000.00,6111000.00,37695000.00,-34548000.00,58060000.00,10257000.00,3382000.00,-39450000.00,94885000.00,27319000.00,9813000.00,19738000.00,19738000.00,-4430000.00,-5633000.00,10038000.00,19032000.00,3482000.00,18236000.00,-18557000.00,7203000.00,23647000.00,2527000.00,15144000.00,43957000.00,-29408000.00,26151000.00,10280000.00,8854000.00,23697000.00,2425000.00,13898000.00,-10558000.00,21317000.00,-22601000.00,12050000.00,8918000.00,-4580000.00,-2461000.00,13977000.00,17343000.00,4087000.00,-2059000.00,975000.00,-2445000.00,3189000.00,621000.00,13110000.00,155000.00,7858000.00,-275000.00,-1760000.00,4738000.00,9320000.00,-7802000.00,-2642000.00,10503000.00,6721000.00,-4787000.00,880000.00,500000.00,1600000.00,2200000.00,6700000.00,5000000.00,5100000.00,-2700000.00,-7700000.00,3600000.00,1700000.00,1800000.00,-6700000.00,5400000.00,-700000.00,-1800000.00,-6000000.00,,,,,,,,,,,,,,,,,
researchDevelopment,,,,,,,,,,,,,,,,,,,0.00,0.00,0.00,0.00,0.00,0.00,0.00,0.00,0.00,0.00,0.00,0.00,0.00,0.00,0.00,0.00,0.00,0.00,0.00,0.00,0.00,0.00,0.00,0.00,0.00,0.00,0.00,0.00,0.00,0.00,0.00,0.00,0.00,0.00,0.00,0.00,0.00,0.00,0.00,0.00,0.00,0.00,0.00,0.00,0.00,0.00,0.00,0.00,0.00,0.00,0.00,0.00,0.00,0.00,0.00,0.00,0.00,0.00,0.00,0.00,0.00,0.00,0.00,0.00,0.00,0.00,0.00,0.00,0.00,0.00,0.00,0.00,0.00,0.00,0.00,0.00,0.00,,,,,,,,,,,,,,,,,,,,,,,,,,,,,,,,,,,,,,,,,,,,,,,,,,,,,,,,,
effectOfAccountingCharges,,,,,,,,,,,,,,,,,,,,0.00,0.00,0.00,0.00,0.00,0.00,0.00,0.00,0.00,0.00,0.00,0.00,0.00,0.00,0.00,0.00,0.00,0.00,0.00,0.00,0.00,0.00,0.00,0.00,0.00,0.00,0.00,0.00,0.00,0.00,0.00,0.00,0.00,0.00,0.00,0.00,0.00,0.00,0.00,0.00,0.00,0.00,0.00,0.00,0.00,0.00,0.00,0.00,0.00,0.00,0.00,0.00,0.00,0.00,0.00,0.00,0.00,0.00,0.00,0.00,0.00,0.00,0.00,0.00,0.00,0.00,0.00,0.00,0.00,0.00,0.00,0.00,0.00,0.00,0.00,0.00,,,,,,,,,,,,,,,,,,,,,,,,,,,,,,,,,,,,,,,,,,,,,,,,,,,,,,,,,
incomeBeforeTax,119300000.00,72300000.00,52700000.00,63700000.00,78300000.00,67800000.00,100300000.00,50300000.00,-15200000.00,42800000.00,101900000.00,63000000.00,80000000.00,-126200000.00,36500000.00,54900000.00,45000000.00,42500000.00,17800000.00,13400000.00,36100000.00,32500000.00,5800000.00,-5000000.00,21000000.00,48900000.00,22000000.00,10300000.00,18000000.00,10300000.00,13300000.00,37300000.00,-7100000.00,30500000.00,18000000.00,42700000.00,32600000.00,26400000.00,22718000.00,36585000.00,26959000.00,31717000.00,17191000.00,35432000.00,21513000.00,35704000.00,18094000.00,31222000.00,37785000.00,23014000.00,13657000.00,34660000.00,34177000.00,14245000.00,20991000.00,21569000.00,17460000.00,21305000.00,24326000.00,22562000.00,26607000.00,19874000.00,10601000.00,24274000.00,16658000.00,25497000.00,13358000.00,108334000.00,26934000.00,16642000.00,6305000.00,6305000.00,33114000.00,11974000.00,12764000.00,3851000.00,20831000.00,10499000.00,11181000.00,19288000.00,15468000.00,15578000.00,6512000.00,18150000.00,15726000.00,22564000.00,12888000.00,-1395000.00,20802000.00,19760000.00,13778000.00,22940000.00,20742000.00,16254000.00,12757000.00,22377000.00,18863000.00,14180000.00,11812000.00,19276000.00,16283000.00,12146000.00,9803000.00,15628000.00,12906000.00,10085000.00,8345000.00,12169000.00,10589000.00,8245000.00,7102000.00,10136000.00,8638000.00,6798000.00,5840000.00,7865000.00,6599000.00,5721000.00,4874000.00,5700000.00,5800000.00,4600000.00,4100000.00,6500000.00,5700000.00,4600000.00,3600000.00,5800000.00,5300000.00,4300000.00,3100000.00,-2500000.00,4900000.00,3900000.00,4200000.00,,,,,,,,,,,,,,,,,
minorityInterest,,,,,,,,,,,,,,,,,,,,0.00,0.00,0.00,0.00,0.00,0.00,0.00,0.00,0.00,0.00,0.00,0.00,0.00,0.00,0.00,0.00,0.00,0.00,0.00,0.00,0.00,0.00,0.00,0.00,0.00,0.00,0.00,0.00,0.00,0.00,0.00,0.00,0.00,0.00,0.00,0.00,0.00,0.00,0.00,0.00,0.00,0.00,0.00,0.00,0.00,0.00,0.00,0.00,0.00,0.00,0.00,0.00,0.00,0.00,0.00,0.00,0.00,0.00,0.00,0.00,0.00,0.00,0.00,0.00,0.00,0.00,0.00,0.00,0.00,0.00,0.00,0.00,0.00,0.00,0.00,0.00,,,,,,,,,,,,,,,,,,,,,,,,,,,,,,,,,,,,,,,,,,,,,,,,,,,,,,,,,
sellingGeneralAdministrative,104300000.00,156600000.00,150600000.00,159700000.00,158600000.00,156800000.00,153100000.00,180900000.00,253800000.00,161900000.00,122600000.00,155300000.00,113700000.00,119400000.00,117600000.00,112000000.00,119800000.00,108400000.00,112700000.00,111200000.00,110000000.00,107800000.00,109000000.00,137400000.00,101300000.00,100700000.00,97300000.00,95000000.00,102800000.00,97500000.00,94800000.00,94300000.00,98800000.00,94100000.00,102800000.00,92000000.00,91200000.00,93300000.00,87419000.00,90714000.00,85329000.00,84482000.00,87749000.00,79571000.00,79100000.00,85164000.00,84020000.00,82356000.00,76356000.00,78324000.00,79200000.00,58783000.00,54697000.00,65244000.00,62802000.00,63245000.00,64736000.00,64265000.00,71387000.00,79956000.00,72317000.00,74441000.00,72000000.00,54422000.00,52214000.00,51601000.00,58613000.00,56265000.00,48428000.00,49530000.00,64676000.00,64676000.00,44417000.00,50331000.00,47062000.00,44428000.00,46045000.00,43936000.00,42557000.00,44108000.00,41689000.00,47460000.00,47606000.00,47193000.00,49227000.00,38791000.00,39616000.00,44274000.00,41356000.00,43880000.00,42647000.00,40055000.00,38438000.00,39568000.00,39485000.00,36399000.00,37214000.00,35582000.00,37789000.00,36262000.00,35198000.00,35344000.00,35627000.00,37084000.00,29853000.00,30173000.00,29645000.00,26986000.00,25717000.00,26197000.00,25992000.00,24830000.00,23817000.00,25316000.00,25558000.00,24857000.00,22660000.00,24770000.00,23772000.00,25900000.00,22100000.00,21600000.00,22800000.00,26200000.00,22600000.00,22500000.00,23000000.00,25200000.00,22200000.00,22100000.00,22100000.00,23400000.00,20900000.00,21600000.00,21100000.00,,,,,,,,,,,,,,,,,
sellingAndMarketingExpenses,,,,,,,,,,,,,,,,100000.00,,,,,,,,,,,,100000.00,,,,11400000.00,,,,,,,,,,,,,,84020000.00,,,,,,,,,,,,,,,,,,,,,,,,,,,,,,,,,,,,,,,,,,,,,,,,,,,,,,,,,,,,,,,,,,,,,,,,,,,,,,,,,,,,,,,,,,,,,,,,,,,,,,,,,,
grossProfit,262400000.00,268800000.00,241500000.00,258000000.00,265000000.00,249500000.00,276600000.00,476100000.00,255000000.00,222900000.00,16400000.00,50900000.00,235200000.00,189900000.00,179200000.00,194700000.00,193800000.00,180500000.00,161900000.00,183200000.00,177600000.00,175000000.00,159000000.00,160900000.00,133900000.00,145900000.00,131600000.00,144100000.00,130400000.00,124700000.00,122000000.00,148900000.00,97800000.00,130900000.00,128200000.00,142000000.00,131400000.00,127900000.00,118051000.00,135202000.00,121002000.00,125404000.00,114244000.00,121585000.00,107607000.00,216693000.00,107365000.00,121751000.00,123403000.00,110489000.00,101409000.00,97654000.00,92805000.00,83487000.00,87783000.00,89171000.00,88186000.00,89563000.00,100204000.00,110075000.00,104780000.00,105217000.00,89714000.00,80275000.00,70412000.00,78538000.00,73444000.00,166064000.00,76841000.00,67786000.00,72561000.00,72561000.00,79181000.00,62829000.00,61434000.00,48930000.00,68425000.00,57221000.00,53988000.00,63651000.00,57373000.00,63216000.00,54243000.00,65669000.00,65182000.00,57287000.00,52769000.00,43251000.00,62679000.00,64436000.00,57338000.00,63856000.00,60136000.00,56684000.00,52883000.00,59208000.00,56584000.00,50228000.00,50155000.00,56353000.00,52292000.00,48506000.00,46253000.00,52738000.00,43733000.00,41054000.00,38887000.00,40085000.00,37310000.00,35290000.00,33943000.00,35761000.00,33325000.00,33407000.00,32139000.00,33418000.00,30562000.00,31234000.00,29363000.00,34400000.00,30100000.00,28600000.00,28900000.00,34800000.00,30400000.00,29500000.00,28800000.00,33500000.00,29800000.00,28900000.00,27700000.00,24800000.00,28000000.00,27900000.00,26200000.00,165900000.00,164000000.00,156400000.00,152100000.00,153600000.00,147900000.00,142000000.00,138200000.00,138200000.00,136900000.00,129500000.00,123800000.00,125600000.00,123600000.00,117900000.00,117200000.00,115300000.00
reconciledDepreciation,19200000.00,19500000.00,30500000.00,19200000.00,27300000.00,27400000.00,27700000.00,23700000.00,10600000.00,22000000.00,22300000.00,23200000.00,24100000.00,24700000.00,24400000.00,26000000.00,27500000.00,27200000.00,26700000.00,26400000.00,28600000.00,28500000.00,29000000.00,26700000.00,14900000.00,14500000.00,14000000.00,14400000.00,13900000.00,14900000.00,14300000.00,13900000.00,14800000.00,14300000.00,14000000.00,14900000.00,14000000.00,14063000.00,14337000.00,13632000.00,15108000.00,15761000.00,15889000.00,12338000.00,12756000.00,12829000.00,12974000.00,13648000.00,13104000.00,13232000.00,12674000.00,10243000.00,9028000.00,8551000.00,8493000.00,9454000.00,8634000.00,7931000.00,7306000.00,9975000.00,5261000.00,6503000.00,6336000.00,4468000.00,4386000.00,5007000.00,4891000.00,4973000.00,5284000.00,5361000.00,4921000.00,4921000.00,4907000.00,4957000.00,4806000.00,3869000.00,4576000.00,5747000.00,3475000.00,3744000.00,3645000.00,3820000.00,3620000.00,3729000.00,3811000.00,3808000.00,7033000.00,7033000.00,6347000.00,6520000.00,6428000.00,6255000.00,6095000.00,5636000.00,5538000.00,5377000.00,5272000.00,5063000.00,4986000.00,5198000.00,4868000.00,4734000.00,4793000.00,4633000.00,3871000.00,3831000.00,3783000.00,3896000.00,3147000.00,3516000.00,3092000.00,3196000.00,2844000.00,2838000.00,2649000.00,2787000.00,2175000.00,2258000.00,2080000.00,2100000.00,1700000.00,1800000.00,1600000.00,1600000.00,1600000.00,1600000.00,1800000.00,2000000.00,1700000.00,1600000.00,1700000.00,1900000.00,1600000.00,1800000.00,1700000.00,,,,,,,,,,,,,,,,,
ebit,140200000.00,92700000.00,71400000.00,79100000.00,88700000.00,75000000.00,106500000.00,56300000.00,-8900000.00,50600000.00,110400000.00,75900000.00,93800000.00,58900000.00,49800000.00,69500000.00,59900000.00,58000000.00,35100000.00,56100000.00,51900000.00,51600000.00,34400000.00,10000000.00,27900000.00,40300000.00,30200000.00,45200000.00,23900000.00,21500000.00,23200000.00,39900000.00,-4700000.00,33000000.00,20700000.00,45300000.00,35300000.00,29100000.00,25425000.00,39799000.00,30294000.00,34750000.00,20501000.00,37749000.00,23920000.00,41292000.00,20928000.00,34550000.00,41899000.00,26499000.00,17703000.00,35758000.00,35326000.00,15549000.00,22206000.00,22997000.00,20498000.00,22618000.00,25994000.00,25827000.00,29945000.00,28232000.00,15333000.00,24394000.00,16763000.00,25606000.00,13491000.00,108463000.00,27056000.00,16763000.00,6476000.00,6476000.00,33334000.00,9825000.00,13016000.00,4121000.00,21086000.00,10740000.00,11431000.00,19543000.00,15684000.00,15756000.00,6637000.00,18476000.00,10230000.00,14196000.00,13153000.00,-1023000.00,21323000.00,20556000.00,14691000.00,23801000.00,21698000.00,17116000.00,13398000.00,22809000.00,19370000.00,14646000.00,12366000.00,20091000.00,17094000.00,13162000.00,10626000.00,15654000.00,13880000.00,10881000.00,9242000.00,13099000.00,11593000.00,9093000.00,7951000.00,10931000.00,9508000.00,8091000.00,6581000.00,8561000.00,7902000.00,6464000.00,5591000.00,6400000.00,6300000.00,5300000.00,4500000.00,7000000.00,6200000.00,5400000.00,4000000.00,6300000.00,5900000.00,5200000.00,3900000.00,-500000.00,5500000.00,4500000.00,2000000.00,,,,,,,,,,,,,,,,,
ebitda,159400000.00,112900000.00,92000000.00,98900000.00,116700000.00,93200000.00,134200000.00,69200000.00,1700000.00,72600000.00,121200000.00,87400000.00,105600000.00,71400000.00,62400000.00,83100000.00,87400000.00,72800000.00,50300000.00,72600000.00,68500000.00,68300000.00,50600000.00,24200000.00,34000000.00,46100000.00,35700000.00,51400000.00,29700000.00,36400000.00,37500000.00,45900000.00,10100000.00,39000000.00,26900000.00,52200000.00,41800000.00,43163000.00,39762000.00,46883000.00,37269000.00,42055000.00,27690000.00,43029000.00,36676000.00,52142000.00,33902000.00,48198000.00,55003000.00,32165000.00,30377000.00,46001000.00,38108000.00,18243000.00,24981000.00,32451000.00,29132000.00,30549000.00,28817000.00,35802000.00,35206000.00,34735000.00,21669000.00,28862000.00,21149000.00,30613000.00,18382000.00,113436000.00,32340000.00,22124000.00,11397000.00,11397000.00,38241000.00,14782000.00,17822000.00,7990000.00,25662000.00,16487000.00,14906000.00,23287000.00,19329000.00,19576000.00,10257000.00,22205000.00,14041000.00,18004000.00,16987000.00,6010000.00,27670000.00,27076000.00,21119000.00,30056000.00,27793000.00,22752000.00,18936000.00,28186000.00,24642000.00,19709000.00,17352000.00,25289000.00,21962000.00,17896000.00,15419000.00,20287000.00,17751000.00,14712000.00,13025000.00,16995000.00,14740000.00,12609000.00,11043000.00,14127000.00,12352000.00,10929000.00,9230000.00,11348000.00,10077000.00,8722000.00,7671000.00,8500000.00,8000000.00,7100000.00,6100000.00,8600000.00,7800000.00,7000000.00,5800000.00,8300000.00,7600000.00,6800000.00,5600000.00,1400000.00,7100000.00,6300000.00,3700000.00,-455700000.00,164000000.00,156400000.00,152100000.00,-414100000.00,147900000.00,142000000.00,138200000.00,-379500000.00,136900000.00,129500000.00,123800000.00,-346500000.00,123600000.00,117900000.00,117200000.00,-298000000.00
depreciationAndAmortization,19200000.00,20200000.00,20600000.00,19800000.00,28000000.00,18200000.00,27700000.00,12900000.00,10600000.00,22000000.00,10800000.00,11500000.00,11800000.00,12500000.00,12600000.00,13600000.00,27500000.00,14800000.00,15200000.00,16500000.00,16600000.00,16700000.00,16200000.00,14200000.00,6100000.00,5800000.00,5500000.00,6200000.00,5800000.00,14900000.00,14300000.00,6000000.00,14800000.00,6000000.00,6200000.00,6900000.00,6500000.00,14063000.00,14337000.00,7084000.00,6975000.00,7305000.00,7189000.00,5280000.00,12756000.00,10850000.00,12974000.00,13648000.00,13104000.00,5666000.00,12674000.00,10243000.00,2782000.00,2694000.00,2775000.00,9454000.00,8634000.00,7931000.00,2823000.00,9975000.00,5261000.00,6503000.00,6336000.00,4468000.00,4386000.00,5007000.00,4891000.00,4973000.00,5284000.00,5361000.00,4921000.00,4921000.00,4907000.00,4957000.00,4806000.00,3869000.00,4576000.00,5747000.00,3475000.00,3744000.00,3645000.00,3820000.00,3620000.00,3729000.00,3811000.00,3808000.00,3834000.00,7033000.00,6347000.00,6520000.00,6428000.00,6255000.00,6095000.00,5636000.00,5538000.00,5377000.00,5272000.00,5063000.00,4986000.00,5198000.00,4868000.00,4734000.00,4793000.00,4633000.00,3871000.00,3831000.00,3783000.00,3896000.00,3147000.00,3516000.00,3092000.00,3196000.00,2844000.00,2838000.00,2649000.00,2787000.00,2175000.00,2258000.00,2080000.00,2100000.00,1700000.00,1800000.00,1600000.00,1600000.00,1600000.00,1600000.00,1800000.00,2000000.00,1700000.00,1600000.00,1700000.00,1900000.00,1600000.00,1800000.00,1700000.00,,,,,,,,,,,,,,,,,
nonOperatingIncomeNetOther,,600000.00,1100000.00,500000.00,800000.00,600000.00,500000.00,800000.00,500000.00,200000.00,600000.00,,200000.00,900000.00,900000.00,600000.00,700000.00,800000.00,900000.00,700000.00,1000000.00,1000000.00,500000.00,700000.00,1200000.00,900000.00,1400000.00,2200000.00,2100000.00,900000.00,2400000.00,2700000.00,2600000.00,2200000.00,1500000.00,2207000.00,1600000.00,1200000.00,1493000.00,2395000.00,1596000.00,1133000.00,1195000.00,1015000.00,747000.00,1501000.00,3132000.00,1130000.00,1166000.00,832000.00,787000.00,,,,,,,,,,,,,,,,,,,,,,,,,,,,,,,,,,,,,,,,,,,,,,,,,,,,,,,,,,,,,,,,,,,,,,,,,,,,,,,,,,,,,,,,,,,,,,,,,,,,,
operatingIncome,138900000.00,92700000.00,71400000.00,79100000.00,88700000.00,75000000.00,106000000.00,55700000.00,-9400000.00,50300000.00,109700000.00,73000000.00,93600000.00,-116700000.00,45800000.00,66200000.00,57300000.00,54500000.00,30300000.00,25700000.00,48100000.00,45300000.00,19500000.00,4400000.00,22600000.00,51000000.00,23800000.00,10800000.00,18500000.00,11800000.00,13600000.00,37200000.00,-7300000.00,30800000.00,19200000.00,43100000.00,33700000.00,27900000.00,23932000.00,37404000.00,28698000.00,33617000.00,19306000.00,36734000.00,23173000.00,36659000.00,17796000.00,33420000.00,40733000.00,26499000.00,16916000.00,35758000.00,35326000.00,15549000.00,22206000.00,22997000.00,20498000.00,22618000.00,25994000.00,25827000.00,29945000.00,23732000.00,15333000.00,24394000.00,16763000.00,25606000.00,13491000.00,108463000.00,27056000.00,16763000.00,6476000.00,6476000.00,33334000.00,11020000.00,13016000.00,4121000.00,21086000.00,10740000.00,11431000.00,19543000.00,15684000.00,15756000.00,6637000.00,18476000.00,15955000.00,18496000.00,13153000.00,-1023000.00,21323000.00,20556000.00,14691000.00,23801000.00,21698000.00,17116000.00,13398000.00,22809000.00,19370000.00,14646000.00,12366000.00,20091000.00,17094000.00,13162000.00,10626000.00,15654000.00,13880000.00,10881000.00,9242000.00,13099000.00,11593000.00,9093000.00,7951000.00,10931000.00,9508000.00,8091000.00,6581000.00,8561000.00,7902000.00,6464000.00,5591000.00,6400000.00,6300000.00,5300000.00,4500000.00,7000000.00,6100000.00,5300000.00,4000000.00,6300000.00,5900000.00,5100000.00,3900000.00,-500000.00,5400000.00,4500000.00,3400000.00,-455700000.00,164000000.00,156400000.00,152100000.00,-414100000.00,147900000.00,142000000.00,138200000.00,-379500000.00,136900000.00,129500000.00,123800000.00,-346500000.00,123600000.00,117900000.00,117200000.00,-298000000.00
otherOperatingExpenses,1889300000.00,1891300000.00,1919900000.00,1932000000.00,1872700000.00,1822700000.00,1830200000.00,1640000000.00,1552500000.00,1447100000.00,1382800000.00,1408800000.00,1300400000.00,1438000000.00,1563900000.00,1579000000.00,1588800000.00,1537400000.00,1573900000.00,1593300000.00,1573300000.00,1530300000.00,1554500000.00,1488600000.00,1291900000.00,1271100000.00,1297900000.00,1279300000.00,1275100000.00,1236500000.00,1247600000.00,1239800000.00,1356100000.00,1239300000.00,1270200000.00,1255800000.00,1242400000.00,1203400000.00,1202539000.00,1199369000.00,1188070000.00,1140000000.00,1162817000.00,1053267000.00,1056062000.00,2094370000.00,1055989000.00,1047923000.00,1035514000.00,1033584000.00,1012253000.00,865615000.00,833703000.00,839912000.00,847678000.00,845008000.00,850137000.00,833093000.00,861478000.00,861053000.00,900690000.00,914802000.00,907303000.00,699468000.00,700786000.00,672245000.00,690058000.00,668221000.00,662219000.00,643345000.00,652230000.00,652230000.00,616806000.00,628535000.00,634347000.00,627161000.00,602687000.00,579605000.00,559392000.00,558859000.00,553409000.00,574073000.00,573989000.00,566302000.00,533522000.00,458365000.00,462823000.00,497694000.00,471131000.00,469938000.00,455728000.00,453297000.00,440192000.00,422872000.00,415183000.00,404096000.00,393319000.00,383645000.00,379465000.00,372919000.00,363942000.00,355872000.00,348121000.00,342418000.00,294591000.00,283428000.00,282396000.00,275445000.00,270318000.00,252976000.00,246450000.00,242200000.00,236284000.00,226305000.00,225481000.00,224396000.00,217063000.00,209408000.00,205248000.00,198800000.00,185900000.00,183400000.00,182700000.00,183300000.00,187300000.00,186100000.00,181000000.00,192700000.00,182300000.00,175700000.00,173800000.00,177000000.00,168300000.00,160000000.00,161000000.00,621600000.00,,,,567700000.00,,,,517700000.00,,,,472100000.00,,,,413300000.00
interestExpense,20900000.00,21100000.00,19800000.00,16000000.00,11100000.00,7800000.00,6200000.00,6000000.00,6300000.00,7800000.00,8500000.00,10100000.00,13800000.00,10500000.00,10200000.00,11900000.00,12900000.00,12800000.00,13500000.00,13000000.00,12900000.00,13800000.00,14300000.00,10100000.00,2800000.00,3000000.00,3200000.00,2700000.00,2600000.00,2400000.00,2700000.00,2600000.00,2400000.00,2500000.00,2700000.00,2600000.00,2700000.00,2700000.00,2707000.00,3214000.00,3335000.00,3033000.00,3310000.00,2317000.00,2407000.00,5275000.00,2834000.00,3328000.00,4114000.00,4317000.00,4046000.00,1098000.00,1149000.00,1177000.00,1215000.00,1428000.00,1472000.00,1313000.00,1668000.00,6497000.00,3270000.00,8358000.00,4732000.00,120000.00,105000.00,109000.00,133000.00,129000.00,122000.00,121000.00,238000.00,171000.00,13986000.00,2536000.00,252000.00,270000.00,255000.00,241000.00,250000.00,51391000.00,966000.00,178000.00,125000.00,326000.00,5496000.00,8368000.00,265000.00,372000.00,521000.00,796000.00,913000.00,861000.00,956000.00,862000.00,641000.00,432000.00,507000.00,466000.00,554000.00,815000.00,811000.00,1016000.00,823000.00,26000.00,974000.00,796000.00,897000.00,930000.00,1004000.00,848000.00,849000.00,795000.00,870000.00,1293000.00,741000.00,696000.00,1303000.00,743000.00,717000.00,700000.00,500000.00,700000.00,400000.00,500000.00,500000.00,800000.00,400000.00,500000.00,600000.00,900000.00,800000.00,2000000.00,600000.00,600000.00,2200000.00,,,,,,,,,,,,,,,,,
taxProvision,21200000.00,20400000.00,14200000.00,14900000.00,21500000.00,19000000.00,24300000.00,16100000.00,-1500000.00,11700000.00,27200000.00,9900000.00,24000000.00,10600000.00,8600000.00,6900000.00,8500000.00,12600000.00,4700000.00,,,,,,,,,,,,,,,,,,,,,,,,,,,,,,,,,,,,,,,,,,,,,,,,,,,,,,,,,,,,,,,,,,,,,,,,,,,,,,,,,,,,,,,,,,,,,,,,,,,,,,,,,,,,,,,,,,,,,,,,,,,,,,,,,,,,,
interestIncome,19700000.00,20500000.00,18700000.00,15400000.00,10300000.00,7200000.00,5700000.00,5300000.00,5800000.00,7600000.00,7900000.00,9900000.00,13600000.00,9600000.00,9300000.00,11300000.00,12200000.00,12000000.00,,,,,,,,,,,,,,,,,,,,,,,,,,,,,,,,,,,,,,,,,,,,,,,,,,,,,,,,,,,,,,,,,,,,,,,,,,,,,,,,,,,,,,,,,,,,,,,,,,,,,,,,,,,,,,,,,,,,,,,,,,,,,,,,,,,,,,
netInterestIncome,-20900000.00,-21100000.00,-19800000.00,-16000000.00,-11100000.00,-7800000.00,-6200000.00,-6000000.00,-6300000.00,-7800000.00,-8500000.00,-10100000.00,-13800000.00,-10500000.00,-10200000.00,-11900000.00,-12900000.00,-12800000.00,,,,,,,,,,,,,,,,,,,,,,,,,,,,,,,,,,,,,,,,,,,,,,,,,,,,,,,,,,,,,,,,,,,,,,,,,,,,,,,,,,,,,,,,,,,,,,,,,,,,,,,,,,,,,,,,,,,,,,,,,,,,,,,,,,,,,,
extraordinaryItems,,,,0.00,,,,0.00,0.00,,,,,,-100000.00,,200000.00,-200000.00,-100000.00,4400000.00,0.00,0.00,0.00,0.00,0.00,0.00,0.00,0.00,0.00,0.00,0.00,0.00,0.00,0.00,0.00,0.00,0.00,0.00,0.00,0.00,0.00,0.00,0.00,0.00,0.00,0.00,0.00,0.00,0.00,0.00,0.00,0.00,0.00,0.00,0.00,0.00,0.00,0.00,0.00,0.00,0.00,0.00,0.00,0.00,0.00,0.00,0.00,0.00,0.00,0.00,0.00,0.00,0.00,0.00,0.00,0.00,0.00,0.00,0.00,0.00,0.00,0.00,0.00,0.00,0.00,0.00,0.00,0.00,0.00,0.00,0.00,0.00,0.00,0.00,0.00,,,,,,,,,,,,,,,,,,,,,,,,,,,,,,,,,,,,,,,,,,,,,,,,,,,,,,,,,
nonRecurring,,,,,,,,,,,,,,174600000.00,3100000.00,2700000.00,2000000.00,2700000.00,3800000.00,3200000.00,2900000.00,5300000.00,14300000.00,4900000.00,5200000.00,5800000.00,5000000.00,32200000.00,3300000.00,8800000.00,7200000.00,12700000.00,0.00,0.00,0.00,12700000.00,0.00,0.00,0.00,0.00,0.00,0.00,0.00,0.00,0.00,0.00,0.00,0.00,0.00,0.00,0.00,0.00,0.00,0.00,0.00,0.00,0.00,0.00,0.00,0.00,0.00,0.00,0.00,0.00,0.00,0.00,0.00,0.00,0.00,0.00,0.00,0.00,0.00,0.00,0.00,0.00,0.00,0.00,0.00,0.00,0.00,0.00,0.00,0.00,0.00,0.00,0.00,0.00,0.00,0.00,0.00,0.00,0.00,0.00,0.00,,,,,,,,,,,,,,,,,,,,,,,,,,,,,,,,,,,,,,,,,,,,,,,,,,,,,,,,,
otherItems,,,,,,,,,,,,,,,,,,,,0.00,0.00,0.00,0.00,0.00,0.00,0.00,0.00,0.00,0.00,0.00,0.00,0.00,0.00,0.00,0.00,0.00,0.00,0.00,0.00,0.00,0.00,0.00,0.00,0.00,0.00,0.00,0.00,0.00,0.00,0.00,0.00,0.00,0.00,0.00,0.00,0.00,0.00,0.00,0.00,0.00,0.00,0.00,0.00,0.00,0.00,0.00,0.00,0.00,0.00,0.00,0.00,0.00,0.00,0.00,0.00,0.00,0.00,0.00,0.00,0.00,0.00,0.00,0.00,0.00,0.00,0.00,0.00,0.00,0.00,0.00,0.00,0.00,0.00,0.00,0.00,,,,,,,,,,,,,,,,,,,,,,,,,,,,,,,,,,,,,,,,,,,,,,,,,,,,,,,,,
incomeTaxExpense,21200000.00,20400000.00,14200000.00,14900000.00,21500000.00,19000000.00,24300000.00,16100000.00,-1500000.00,11700000.00,27200000.00,9900000.00,24000000.00,10600000.00,8600000.00,6800000.00,8500000.00,12600000.00,4700000.00,4500000.00,2400000.00,7100000.00,-22200000.00,-2500000.00,-11900000.00,17300000.00,5900000.00,1300000.00,-14900000.00,3500000.00,-300000.00,14700000.00,-8600000.00,12200000.00,300000.00,14800000.00,13200000.00,11200000.00,9649000.00,12417000.00,10883000.00,12443000.00,3809000.00,7727000.00,8887000.00,13317000.00,7454000.00,13040000.00,9874000.00,8814000.00,5252000.00,13222000.00,13204000.00,5622000.00,8155000.00,6283000.00,5060000.00,8256000.00,9571000.00,7746000.00,10263000.00,8802000.00,4237000.00,9259000.00,4659000.00,8775000.00,4654000.00,46763000.00,9682000.00,6250000.00,2630000.00,2630000.00,11422000.00,1850000.00,4840000.00,712000.00,7437000.00,3715000.00,4025000.00,6444000.00,4912000.00,5686000.00,2174000.00,6036000.00,3092000.00,8575000.00,4897000.00,-530000.00,7569000.00,7706000.00,5374000.00,8449000.00,8297000.00,6374000.00,5230000.00,9174000.00,7734000.00,5814000.00,4843000.00,7712000.00,6757000.00,5041000.00,4068000.00,6564000.00,5420000.00,4236000.00,3505000.00,5233000.00,4553000.00,3545000.00,3054000.00,4257000.00,3628000.00,2855000.00,2453000.00,2987000.00,2453000.00,2403000.00,2047000.00,1500000.00,2400000.00,1900000.00,1700000.00,2700000.00,2400000.00,1800000.00,1500000.00,2100000.00,2200000.00,1800000.00,1300000.00,-4300000.00,2100000.00,1700000.00,1200000.00,,,,,,,,,,,,,,,,,
totalRevenue,2028200000.00,1984000000.00,1991300000.00,2011100000.00,1961400000.00,1897800000.00,1936200000.00,1695700000.00,1543100000.00,1497400000.00,1492400000.00,1484600000.00,1394100000.00,1496000000.00,1612900000.00,1648000000.00,1647900000.00,1594700000.00,1607900000.00,1648800000.00,1624300000.00,1580800000.00,1588300000.00,1497900000.00,1318400000.00,1310500000.00,1326700000.00,1322300000.00,1296900000.00,1257100000.00,1268400000.00,1277000000.00,1348800000.00,1270100000.00,1289400000.00,1298900000.00,1276100000.00,1231300000.00,1226471000.00,1236773000.00,1216768000.00,1173617000.00,1182123000.00,1090001000.00,1079235000.00,2131029000.00,1073785000.00,1081343000.00,1076247000.00,1060083000.00,1029169000.00,901373000.00,869029000.00,855461000.00,869884000.00,868005000.00,870635000.00,855711000.00,887472000.00,886880000.00,930635000.00,938534000.00,922636000.00,723862000.00,717549000.00,697851000.00,703549000.00,776684000.00,689275000.00,660108000.00,658706000.00,658706000.00,650140000.00,639555000.00,647363000.00,631282000.00,623773000.00,590345000.00,570823000.00,578402000.00,569093000.00,589829000.00,580626000.00,584778000.00,549477000.00,476861000.00,475976000.00,496671000.00,492454000.00,490494000.00,470419000.00,477098000.00,461890000.00,439988000.00,428581000.00,426905000.00,412689000.00,398291000.00,391831000.00,393010000.00,381036000.00,369034000.00,358747000.00,358072000.00,308471000.00,294309000.00,291638000.00,288544000.00,281911000.00,262069000.00,254401000.00,253131000.00,245792000.00,234396000.00,232062000.00,232957000.00,224965000.00,215872000.00,210839000.00,205200000.00,192200000.00,188700000.00,187200000.00,190300000.00,193400000.00,191400000.00,185000000.00,199000000.00,188200000.00,180800000.00,177700000.00,176500000.00,173700000.00,164500000.00,164400000.00,165900000.00,164000000.00,156400000.00,152100000.00,153600000.00,147900000.00,142000000.00,138200000.00,138200000.00,136900000.00,129500000.00,123800000.00,125600000.00,123600000.00,117900000.00,117200000.00,115300000.00
totalOperatingExpenses,1889300000.00,1891300000.00,1919900000.00,1932000000.00,1872700000.00,1822700000.00,1830200000.00,1640000000.00,1552500000.00,1447100000.00,1382800000.00,1408800000.00,1300400000.00,1438000000.00,1563900000.00,1579000000.00,1588800000.00,1537400000.00,1573900000.00,1593300000.00,1573300000.00,1530300000.00,1554500000.00,1488600000.00,1291900000.00,1271100000.00,1297900000.00,1279300000.00,1275100000.00,1236500000.00,1247600000.00,1239800000.00,1356100000.00,1239300000.00,1270200000.00,1255800000.00,1242400000.00,1203400000.00,1202539000.00,1199369000.00,1188070000.00,1140000000.00,1162817000.00,1053267000.00,84434000.00,180034000.00,89569000.00,88331000.00,82670000.00,83990000.00,84493000.00,61896000.00,57479000.00,67938000.00,65577000.00,66174000.00,67688000.00,66945000.00,861478000.00,84248000.00,74835000.00,81485000.00,74381000.00,55881000.00,53649000.00,52932000.00,59953000.00,57601000.00,49785000.00,51023000.00,66085000.00,66085000.00,45847000.00,51809000.00,48418000.00,44809000.00,47339000.00,46481000.00,42557000.00,44108000.00,41689000.00,47460000.00,47606000.00,47193000.00,49227000.00,38791000.00,39616000.00,44274000.00,41356000.00,43880000.00,42647000.00,40055000.00,38438000.00,39568000.00,39485000.00,36399000.00,37214000.00,35582000.00,37789000.00,36262000.00,35198000.00,35344000.00,35627000.00,37084000.00,29853000.00,30173000.00,29645000.00,26986000.00,25717000.00,26197000.00,25992000.00,24830000.00,23817000.00,25316000.00,25558000.00,24857000.00,22660000.00,24770000.00,23772000.00,28000000.00,23800000.00,23300000.00,24400000.00,27800000.00,24300000.00,24200000.00,24800000.00,27200000.00,23900000.00,23800000.00,23800000.00,25300000.00,22600000.00,23400000.00,22800000.00,-621600000.00,,,,-567700000.00,,,,-517700000.00,,,,-472100000.00,,,,-413300000.00
costOfRevenue,1765800000.00,1715200000.00,1749800000.00,1753100000.00,1696400000.00,1648300000.00,1659600000.00,1219600000.00,1288100000.00,1274500000.00,1476000000.00,1433700000.00,1158900000.00,1306100000.00,1433700000.00,1453300000.00,1454100000.00,1414200000.00,1446000000.00,1465600000.00,1446700000.00,1405800000.00,1429300000.00,1337000000.00,1184500000.00,1164600000.00,1195100000.00,1178200000.00,1166500000.00,1132400000.00,1146400000.00,1128100000.00,1251000000.00,1139200000.00,1161200000.00,1156900000.00,1144700000.00,1103400000.00,1108420000.00,1101571000.00,1095766000.00,1048213000.00,1067879000.00,968416000.00,971628000.00,1914336000.00,966420000.00,959592000.00,952844000.00,949594000.00,927760000.00,803719000.00,776224000.00,771974000.00,782101000.00,778834000.00,782449000.00,766148000.00,787268000.00,776805000.00,825855000.00,833317000.00,832922000.00,643587000.00,647137000.00,619313000.00,630105000.00,610620000.00,612434000.00,592322000.00,586145000.00,586145000.00,570959000.00,576726000.00,585929000.00,582352000.00,555348000.00,533124000.00,516835000.00,514751000.00,511720000.00,526613000.00,526383000.00,519109000.00,484295000.00,419574000.00,423207000.00,453420000.00,429775000.00,426058000.00,413081000.00,413242000.00,401754000.00,383304000.00,375698000.00,367697000.00,356105000.00,348063000.00,341676000.00,336657000.00,328744000.00,320528000.00,312494000.00,305334000.00,264738000.00,253255000.00,252751000.00,248459000.00,244601000.00,226779000.00,220458000.00,217370000.00,212467000.00,200989000.00,199923000.00,199539000.00,194403000.00,184638000.00,181476000.00,170800000.00,162100000.00,160100000.00,158300000.00,155500000.00,163000000.00,161900000.00,156200000.00,165500000.00,158400000.00,151900000.00,150000000.00,151700000.00,145700000.00,136600000.00,138200000.00,,,,,,,,,,,,,,,,,
totalOtherIncomeExpenseNet,1200000.00,-20400000.00,-18700000.00,-15400000.00,-10400000.00,-7200000.00,500000.00,700000.00,500000.00,200000.00,600000.00,-2700000.00,200000.00,-173700000.00,-2200000.00,-2100000.00,-1300000.00,-1900000.00,-2900000.00,-29000000.00,-1900000.00,-4300000.00,-13800000.00,-4200000.00,-2900000.00,12500000.00,-3600000.00,-30000000.00,-1200000.00,-7900000.00,-4800000.00,2700000.00,2600000.00,2200000.00,1500000.00,2200000.00,1600000.00,1200000.00,1493000.00,2395000.00,1596000.00,1133000.00,1195000.00,1015000.00,747000.00,4320000.00,3132000.00,1130000.00,1166000.00,832000.00,787000.00,-1098000.00,-1149000.00,-127000.00,-1215000.00,-1428000.00,-1566000.00,-1313000.00,-1668000.00,-3265000.00,-3338000.00,-4500000.00,-4732000.00,-120000.00,-105000.00,-109000.00,-133000.00,-129000.00,-122000.00,-121000.00,-171000.00,0.00,-220000.00,1195000.00,-252000.00,-270000.00,-255000.00,-241000.00,-250000.00,-255000.00,-216000.00,-178000.00,-125000.00,-326000.00,5725000.00,4300000.00,-265000.00,-372000.00,-521000.00,-796000.00,-913000.00,-861000.00,-956000.00,-862000.00,-641000.00,-432000.00,-507000.00,-466000.00,-554000.00,-815000.00,-811000.00,-1016000.00,-823000.00,-26000.00,-974000.00,-796000.00,-897000.00,-930000.00,-1004000.00,-848000.00,-849000.00,-795000.00,-870000.00,-1293000.00,-741000.00,-696000.00,-1303000.00,-743000.00,-717000.00,-700000.00,-500000.00,-700000.00,-400000.00,-500000.00,-400000.00,-700000.00,-400000.00,-500000.00,-600000.00,-800000.00,-800000.00,-2000000.00,-500000.00,-600000.00,1400000.00,,,,,,,,,,,,,,,,,
discontinuedOperations,,,,,,,,,,,,,,,100000.00,-100000.00,200000.00,-200000.00,-100000.00,800000.00,-100000.00,1200000.00,-100000.00,1018500000.00,-1529900000.00,510000000.00,-72900000.00,-17600000.00,14900000.00,-2400000.00,0.00,22200000.00,0.00,0.00,0.00,8700000.00,0.00,0.00,0.00,0.00,0.00,0.00,0.00,0.00,0.00,0.00,0.00,0.00,0.00,0.00,0.00,0.00,0.00,0.00,0.00,0.00,0.00,0.00,0.00,0.00,0.00,0.00,0.00,0.00,0.00,0.00,0.00,0.00,0.00,0.00,0.00,0.00,0.00,0.00,0.00,0.00,0.00,0.00,0.00,0.00,0.00,0.00,0.00,0.00,0.00,0.00,0.00,0.00,0.00,0.00,0.00,0.00,0.00,0.00,0.00,,,,,,,,,,,,,,,,,,,,,,,,,,,,,,,,,,,,,,,,,,,,,,,,,,,,,,,,,
netIncomeFromContinuingOps,98100000.00,51900000.00,38500000.00,48900000.00,56800000.00,48800000.00,76000000.00,34200000.00,-13700000.00,31100000.00,74700000.00,53100000.00,56000000.00,-136800000.00,27900000.00,48000000.00,36500000.00,29900000.00,13100000.00,8800000.00,33700000.00,25400000.00,28000000.00,-2500000.00,32900000.00,31600000.00,16100000.00,9000000.00,32900000.00,6800000.00,13600000.00,16600000.00,1500000.00,18300000.00,17700000.00,27931000.00,19400000.00,15200000.00,13069000.00,24168000.00,16076000.00,19274000.00,13382000.00,27705000.00,12626000.00,11747000.00,10640000.00,18182000.00,27911000.00,14200000.00,8405000.00,0.00,20973000.00,0.00,0.00,0.00,0.00,0.00,0.00,0.00,0.00,0.00,0.00,0.00,0.00,0.00,0.00,0.00,0.00,0.00,0.00,0.00,0.00,0.00,0.00,0.00,0.00,0.00,0.00,0.00,0.00,0.00,0.00,0.00,0.00,0.00,0.00,0.00,0.00,0.00,0.00,0.00,0.00,0.00,0.00,,,,,,,,,,,,,,,,,,,,,,,,,,,,,,,,,,,,,,,,,,,,,,,,,,,,,,,,,
netIncomeApplicableToCommonShares,98100000.00,51900000.00,38500000.00,48900000.00,56800000.00,48800000.00,76000000.00,34300000.00,-13700000.00,31100000.00,74600000.00,53100000.00,56000000.00,-136800000.00,28000000.00,47900000.00,36800000.00,29700000.00,13000000.00,9800000.00,33600000.00,26600000.00,27800000.00,-3600000.00,32900000.00,31300000.00,-56800000.00,7700000.00,31100000.00,4400000.00,14000000.00,38800000.00,1500000.00,18300000.00,17700000.00,27931000.00,19400000.00,15200000.00,13069000.00,24168000.00,16076000.00,19274000.00,13382000.00,27663000.00,12577000.00,11712000.00,10630000.00,18047000.00,27875000.00,14192000.00,8390000.00,21438000.00,20963000.00,8623000.00,12836000.00,15286000.00,12400000.00,13049000.00,14755000.00,14816000.00,16346000.00,15302000.00,6267000.00,14812000.00,11637000.00,15494000.00,8704000.00,61571000.00,17252000.00,10392000.00,3990000.00,8494000.00,20594000.00,8843000.00,5623000.00,3316000.00,12896000.00,7280000.00,6152000.00,12318000.00,10308000.00,9248000.00,3750000.00,11129000.00,11891000.00,13047000.00,7991000.00,19289000.00,13105000.00,11926000.00,8276000.00,14363000.00,12317000.00,9752000.00,7399000.00,,,,,,,,,,,,,,,,,,,,,,,,,,,,,,,,,,,,,,,,,,,,,,,,,,,,,,,,,
preferredStockAndOtherAdjustments,,,,,,,,,,,,,,,,,,,,,,,,,,,,,,,,,,,,,,,,,,,,,,,,,,,,,,,,,,,,,,,,,,,,,,,,,,,,,,,,,,,,,,,,,,,,,,,,,,,,,,,,,,,,,,,,,,,,,,,,,,,,,,,,,,,,,,,,,,,,,,,,,,,,,,,,
