,2023-09-30,2023-06-30,2023-03-31,2022-12-31,2022-09-30,2022-06-30,2022-03-31,2021-12-31,2021-09-30,2021-06-30,2021-03-31,2020-12-31,2020-09-30,2020-06-30,2020-03-31,2019-12-31,2019-09-30,2019-06-30,2019-03-31,2018-12-31,2018-09-30,2018-06-30,2018-03-31,2017-12-31,2017-09-30,2017-06-30,2017-03-31,2016-12-31,2016-09-30,2016-06-30,2016-03-31,2015-12-31,2015-09-30,2015-06-30,2015-03-31,2014-12-31,2014-09-30,2014-06-30,2014-03-31,2013-12-31,2013-09-30,2013-06-30,2013-03-31,2012-12-31,2012-09-30,2012-06-30,2012-03-31,2011-12-31,2011-09-30,2011-06-30,2011-03-31,2010-12-31,2010-09-30,2010-06-30,2010-03-31,2010-02-04,2009-12-31,2009-09-30,2009-06-30,2009-03-31,2008-12-31,2008-09-30,2008-06-30,2008-03-31,2007-12-31,2007-09-30,2007-06-30,2007-03-31,2006-12-31,2006-09-30,2006-06-30,2006-03-31,2005-12-31,2005-09-30,2005-06-30,2005-03-31,2004-12-31,2004-09-30,2004-06-30,2004-03-31,2003-12-31,2003-09-30,2003-06-30,2003-03-31,2002-12-31,2002-09-30,2002-06-30,2002-03-31,2001-12-31,2001-09-30,2001-06-30,2001-03-31,2000-12-31,2000-09-30,2000-06-30,2000-03-31,1999-12-31,1999-09-30,1999-06-30,1999-03-31,1998-12-31,1998-09-30,1998-06-30,1998-03-31,1997-12-31,1997-09-30,1997-06-30,1997-03-31,1996-12-31,1996-09-30,1996-06-30,1996-03-31,1995-12-31,1995-09-30,1995-06-30,1995-03-31,1994-12-31,1994-09-30,1994-06-30,1994-03-31,1993-12-31,1993-09-30,1993-06-30,1993-03-31,1992-12-31,1992-09-30,1992-06-30,1992-03-31,1991-12-31,1991-09-30,1991-06-30,1991-03-31,1990-12-31,1990-09-30,1990-06-30,1990-03-31,1989-12-31,1989-09-30,1989-06-30,1989-03-31,1988-12-31,1988-09-30,1988-06-30,1988-03-31,1987-12-31,1987-09-30,1987-06-30,1987-03-31,1986-12-31,1986-09-30,1986-06-30,1986-03-31,1985-12-31,1985-09-30
date,2023-09-30,2023-06-30,2023-03-31,2022-12-31,2022-09-30,2022-06-30,2022-03-31,2021-12-31,2021-09-30,2021-06-30,2021-03-31,2020-12-31,2020-09-30,2020-06-30,2020-03-31,2019-12-31,2019-09-30,2019-06-30,2019-03-31,2018-12-31,2018-09-30,2018-06-30,2018-03-31,2017-12-31,2017-09-30,2017-06-30,2017-03-31,2016-12-31,2016-09-30,2016-06-30,2016-03-31,2015-12-31,2015-09-30,2015-06-30,2015-03-31,2014-12-31,2014-09-30,2014-06-30,2014-03-31,2013-12-31,2013-09-30,2013-06-30,2013-03-31,2012-12-31,2012-09-30,2012-06-30,2012-03-31,2011-12-31,2011-09-30,2011-06-30,2011-03-31,2010-12-31,2010-09-30,2010-06-30,2010-03-31,2010-02-04,2009-12-31,2009-09-30,2009-06-30,2009-03-31,2008-12-31,2008-09-30,2008-06-30,2008-03-31,2007-12-31,2007-09-30,2007-06-30,2007-03-31,2006-12-31,2006-09-30,2006-06-30,2006-03-31,2005-12-31,2005-09-30,2005-06-30,2005-03-31,2004-12-31,2004-09-30,2004-06-30,2004-03-31,2003-12-31,2003-09-30,2003-06-30,2003-03-31,2002-12-31,2002-09-30,2002-06-30,2002-03-31,2001-12-31,2001-09-30,2001-06-30,2001-03-31,2000-12-31,2000-09-30,2000-06-30,2000-03-31,1999-12-31,1999-09-30,1999-06-30,1999-03-31,1998-12-31,1998-09-30,1998-06-30,1998-03-31,1997-12-31,1997-09-30,1997-06-30,1997-03-31,1996-12-31,1996-09-30,1996-06-30,1996-03-31,1995-12-31,1995-09-30,1995-06-30,1995-03-31,1994-12-31,1994-09-30,1994-06-30,1994-03-31,1993-12-31,1993-09-30,1993-06-30,1993-03-31,1992-12-31,1992-09-30,1992-06-30,1992-03-31,1991-12-31,1991-09-30,1991-06-30,1991-03-31,1990-12-31,1990-09-30,1990-06-30,1990-03-31,1989-12-31,1989-09-30,1989-06-30,1989-03-31,1988-12-31,1988-09-30,1988-06-30,1988-03-31,1987-12-31,1987-09-30,1987-06-30,1987-03-31,1986-12-31,1986-09-30,1986-06-30,1986-03-31,1985-12-31,1985-09-30
filing_date,2023-10-24,2023-07-25,2023-04-25,2023-02-14,2022-10-25,2022-07-26,2022-04-26,2022-02-17,2021-10-26,2021-07-27,2021-04-28,2021-02-18,2020-10-30,2020-07-30,2020-05-01,2020-02-18,2019-10-31,2019-08-01,2019-04-26,2019-02-19,2018-11-06,2018-07-31,2018-05-01,2018-02-16,2017-10-31,2017-08-01,2017-05-02,2017-02-17,2016-11-01,2016-08-02,2016-05-03,2016-02-19,2015-11-03,2015-08-04,2015-05-06,2015-02-20,2014-11-05,2014-08-05,2014-05-02,2014-02-26,2013-11-01,2013-08-07,2013-05-07,2013-02-28,2012-11-05,2012-08-27,2012-05-09,2012-02-06,2011-11-07,2011-08-25,2011-05-10,2011-02-09,2010-11-08,2010-08-30,2010-05-10,2010-02-08,2009-12-31,2009-11-06,2009-08-26,2009-05-11,2009-02-09,2008-11-10,2008-08-29,2008-05-09,2008-02-08,2007-11-08,2007-08-27,2007-05-09,2007-02-06,2006-11-07,2006-09-11,2006-05-09,2006-02-08,2005-11-08,2005-09-09,2005-05-06,2005-02-08,2004-11-05,2004-09-08,2004-05-14,2004-02-13,2003-11-12,2003-09-03,2003-05-13,2003-02-13,2002-11-12,2002-09-20,2002-05-13,2002-02-13,2001-11-13,2001-09-28,2001-05-09,2001-02-14,2000-11-14,2000-09-28,2000-05-12,2000-02-11,1999-11-12,1999-09-22,1999-05-14,1999-02-12,1998-09-30,1998-09-24,1998-05-15,1998-02-13,1997-10-01,1997-09-29,1997-05-15,1997-02-13,1996-09-30,1996-09-30,1996-05-15,1995-12-31,1995-11-14,1995-08-17,1995-05-12,1995-02-13,1994-11-14,1994-09-27,1994-05-10,1994-02-09,1993-09-30,1993-06-30,1993-03-31,1992-12-31,1992-09-30,1992-06-30,1992-03-31,1991-12-31,1991-09-30,1991-06-30,1991-03-31,1990-12-31,1990-09-30,1990-06-30,1990-03-31,1989-12-31,1989-09-30,1989-06-30,1989-03-31,1988-12-31,1988-09-30,1988-06-30,1988-03-31,1987-12-31,1987-09-30,1987-06-30,1987-03-31,1986-12-31,1986-09-30,1986-06-30,1986-03-31,1985-12-31,1985-09-30
currency_symbol,USD,USD,USD,USD,USD,USD,USD,USD,USD,USD,USD,USD,USD,USD,USD,USD,USD,USD,USD,USD,USD,USD,USD,USD,USD,USD,USD,USD,USD,USD,USD,USD,USD,USD,USD,USD,USD,USD,USD,USD,USD,USD,USD,USD,USD,USD,USD,USD,USD,USD,USD,USD,USD,USD,USD,USD,USD,USD,USD,USD,USD,USD,USD,USD,USD,USD,USD,USD,USD,USD,USD,USD,USD,USD,USD,USD,USD,USD,USD,USD,USD,USD,USD,USD,USD,USD,USD,USD,USD,USD,USD,USD,USD,USD,USD,USD,USD,USD,USD,USD,USD,USD,USD,USD,USD,USD,USD,USD,USD,USD,USD,USD,USD,USD,USD,USD,USD,USD,USD,USD,USD,USD,USD,USD,USD,USD,USD,USD,USD,USD,USD,USD,USD,USD,USD,USD,USD,USD,USD,USD,USD,USD,USD,USD,USD,USD,USD,USD,USD,USD,USD,USD,USD,USD
totalAssets,37105000000.00,37137000000.00,38833000000.00,37028000000.00,58304000000.00,61828000000.00,64866000000.00,35716000000.00,52298000000.00,34951000000.00,35729000000.00,33581000000.00,31099000000.00,44341000000.00,48395000000.00,43997000000.00,41804000000.00,42616000000.00,43151000000.00,40833000000.00,39664000000.00,38755000000.00,41100000000.00,39963000000.00,38969000000.00,37817000000.00,39630000000.00,39769000000.00,39853000000.00,40098000000.00,39681000000.00,40157000000.00,40877000000.00,40568000000.00,41715000000.00,44027000000.00,41821000000.00,39930000000.00,41444000000.00,43752000000.00,41448000000.00,40238000000.00,43226000000.00,45136000000.00,30712000000.00,30712000000.00,30851000000.00,29123000000.00,29788000000.00,31028000000.00,32808000000.00,42610000000.00,25870000000.00,31548000000.00,32326000000.00,33529000000.00,24426000000.00,31861000000.00,31585000000.00,31975000000.00,33901000000.00,34707000000.00,37056000000.00,36513000000.00,33490000000.00,29392000000.00,25118000000.00,25351416000.00,25045614000.00,21972020000.00,21269030000.00,20546481000.00,20098708000.00,19852793000.00,18598105000.00,18981797000.00,19375223000.00,18893383000.00,19368821000.00,21112047000.00,19938630000.00,17686389000.00,17182879000.00,17554765000.00,17869478000.00,16888579000.00,15416273000.00,15318181000.00,15194587000.00,14591696000.00,14339931000.00,14154984000.00,15097847000.00,14436706000.00,14423100000.00,14628698000.00,14911300000.00,14679900000.00,14029900000.00,13945800000.00,14253500000.00,13851400000.00,13833500000.00,13688800000.00,13688800000.00,12022900000.00,11354400000.00,11634200000.00,11634200000.00,10784900000.00,10449900000.00,10402800000.00,10640400000.00,10134200000.00,9756900000.00,9939900000.00,9625000000.00,9267700000.00,8746900000.00,8748000000.00,8661600000.00,8451900000.00,8404100000.00,8269100000.00,7931400000.00,7861100000.00,7524500000.00,6992600000.00,6963600000.00,6826000000.00,6260600000.00,6022000000.00,6073000000.00,5918300000.00,5450000000.00,5523300000.00,5261600000.00,4988100000.00,4728300000.00,,,,4397600000.00,,,,3862100000.00,,,,3315400000.00,,,
intangibleAssets,6392000000.00,6542000000.00,6583000000.00,2382000000.00,6364000000.00,6547000000.00,6750000000.00,2565000000.00,5705000000.00,5266000000.00,5249000000.00,1962000000.00,5275000000.00,5212000000.00,5194000000.00,2091000000.00,5401000000.00,5545000000.00,5459000000.00,1545000000.00,4065000000.00,3834000000.00,3970000000.00,1544000000.00,3939000000.00,3866000000.00,3780000000.00,1457000000.00,3852000000.00,3865000000.00,3889000000.00,1503000000.00,3213000000.00,3256000000.00,3124000000.00,1273000000.00,732000000.00,753000000.00,758000000.00,197000000.00,552000000.00,545000000.00,544000000.00,208000000.00,0.00,345000000.00,596000000.00,591000000.00,607000000.00,344000000.00,594000000.00,587000000.00,531000000.00,262000000.00,519000000.00,0.00,524000000.00,531000000.00,256000000.00,493000000.00,501000000.00,501000000.00,246000000.00,329000000.00,323000000.00,319000000.00,234000000.00,320322000.00,319799000.00,321649000.00,227183000.00,,323845000.00,345022000.00,325167000.00,344622000.00,343987000.00,337921000.00,337474000.00,338095000.00,342669000.00,338427000.00,344720000.00,315329000.00,301118000.00,307749000.00,153668000.00,,,,,,,,,,,,,,,,,,,,,,,,,,,,,,,,,,,,,,,,,,,,,,,,,,,,,,,,,,,,,,,,,,,
earningAssets,,,,,,,,,,,,,,,,,,,,,,,,,,,,,,,,,,,,,,,,,,,,,,,,,,,,,,,,,,,,,,,,,,,,,,,,,,,,,,,,,,,,,,,,,,,,,,,,,,,,,,,,,,,,,,,,,,,,,,,,,,,,,,,,,,,,,,,,,,,,,,,,,,,,,,,,,,
otherCurrentAssets,11036000000.00,10898000000.00,13457000000.00,11627000000.00,53000000.00,249000000.00,241000000.00,10546000000.00,151000000.00,11628000000.00,176000000.00,135000000.00,284000000.00,263000000.00,395000000.00,278000000.00,210000000.00,249000000.00,172000000.00,223000000.00,203000000.00,256000000.00,312000000.00,372000000.00,179000000.00,175000000.00,321000000.00,451000000.00,460000000.00,185000000.00,604000000.00,687000000.00,2594000000.00,1733000000.00,2599000000.00,2714000000.00,2760000000.00,2180000000.00,2714000000.00,2750000000.00,2784000000.00,2585000000.00,3426000000.00,,11710000000.00,9856000000.00,9659000000.00,8258000000.00,3995000000.00,4279000000.00,741000000.00,3919000000.00,586000000.00,624000000.00,538000000.00,538000000.00,366000000.00,313000000.00,330000000.00,430000000.00,538000000.00,587000000.00,512000000.00,387000000.00,690000000.00,540000000.00,571000000.00,535907000.00,762978000.00,428790000.00,344049000.00,331555000.00,628496000.00,304159000.00,271319000.00,423571000.00,433410000.00,362433000.00,294943000.00,224540000.00,387540000.00,296545000.00,241668000.00,423351000.00,322033000.00,323478000.00,279635000.00,309067000.00,289739000.00,289439000.00,284226000.00,335225000.00,304187000.00,261242000.00,234138000.00,214164000.00,204000000.00,257000000.00,231100000.00,431100000.00,516900000.00,566100000.00,552000000.00,602300000.00,602300000.00,604500000.00,463000000.00,361400000.00,361400000.00,1033000000.00,927800000.00,701200000.00,443600000.00,604900000.00,770500000.00,750600000.00,1009000000.00,1422400000.00,1130500000.00,1000200000.00,1066600000.00,1360700000.00,1578500000.00,1084900000.00,575600000.00,610700000.00,527200000.00,399200000.00,355800000.00,485800000.00,327500000.00,282700000.00,260500000.00,311600000.00,491300000.00,413200000.00,499500000.00,450100000.00,466200000.00,,,,62900000.00,,,,49600000.00,,,,32300000.00,,,
totalLiab,11524000000.00,11858000000.00,13636000000.00,12412000000.00,33985000000.00,37141000000.00,40849000000.00,12949000000.00,30083000000.00,13277000000.00,14868000000.00,13559000000.00,11758000000.00,24945000000.00,29348000000.00,24714000000.00,22856000000.00,23584000000.00,24192000000.00,21788000000.00,20618000000.00,19990000000.00,22304000000.00,21588000000.00,21339000000.00,20372000000.00,22475000000.00,22564000000.00,22257000000.00,22388000000.00,21768000000.00,22242000000.00,22999000000.00,22010000000.00,22958000000.00,24397000000.00,21560000000.00,19711000000.00,21382000000.00,23558000000.00,21882000000.00,21225000000.00,24250000000.00,26216000000.00,12543000000.00,12543000000.00,12300000000.00,10958000000.00,11379000000.00,12190000000.00,16128000000.00,26706000000.00,10483000000.00,16917000000.00,17557000000.00,9134000000.00,9601000000.00,17618000000.00,18086000000.00,18548000000.00,20207000000.00,21174000000.00,23566000000.00,23351000000.00,21166000000.00,17572000000.00,13865000000.00,14672067000.00,14272930000.00,11682275000.00,11462150000.00,11371083000.00,11233356000.00,11202345000.00,10164633000.00,10408691000.00,10844527000.00,10989927000.00,11670605000.00,13228473000.00,12332748000.00,10469360000.00,10113682000.00,10698025000.00,11026051000.00,10153769000.00,8661452000.00,8823940000.00,8733821000.00,8155347000.00,8008248000.00,7928489000.00,8707933000.00,8290693000.00,8312857000.00,8562292000.00,8732200000.00,8440100000.00,7789300000.00,7694900000.00,7720900000.00,7429200000.00,7328600000.00,7174000000.00,7174000000.00,5890300000.00,5304300000.00,5609600000.00,5609600000.00,4709700000.00,4305100000.00,4334000000.00,4658100000.00,4145000000.00,3902700000.00,4132000000.00,4136000000.00,3933800000.00,3701500000.00,3887900000.00,3943500000.00,3693000000.00,3520800000.00,3476100000.00,3258100000.00,3232400000.00,3032100000.00,2621500000.00,2681700000.00,2720900000.00,2338300000.00,2172600000.00,2203200000.00,2166900000.00,1876800000.00,2073400000.00,1919100000.00,1832300000.00,1694800000.00,,,,1767100000.00,,,,1494400000.00,,,,1239500000.00,,,
totalStockholderEquity,25265000000.00,24975000000.00,25197000000.00,24317000000.00,23997000000.00,24393000000.00,23722000000.00,22528000000.00,21969000000.00,21603000000.00,20779000000.00,19948000000.00,19256000000.00,19293000000.00,18905000000.00,19167000000.00,18873000000.00,18955000000.00,18861000000.00,18947000000.00,18987000000.00,18710000000.00,18732000000.00,18269000000.00,17570000000.00,17411000000.00,17121000000.00,17157000000.00,17538000000.00,17655000000.00,17899000000.00,17915000000.00,17863000000.00,18544000000.00,18757000000.00,19630000000.00,20261000000.00,20184000000.00,20062000000.00,20154000000.00,19538000000.00,19013000000.00,18976000000.00,,18169000000.00,18169000000.00,18551000000.00,18165000000.00,18409000000.00,18838000000.00,16680000000.00,15886000000.00,15387000000.00,14609000000.00,14744000000.00,14744000000.00,14795000000.00,14207000000.00,13499000000.00,13427000000.00,13694000000.00,13533000000.00,13490000000.00,13162000000.00,12324000000.00,11820000000.00,11253000000.00,10679349000.00,10772684000.00,10289745000.00,9806880000.00,9175398000.00,8865352000.00,8650448000.00,8433472000.00,8573106000.00,8530696000.00,7903456000.00,7698216000.00,7883574000.00,7605882000.00,7217029000.00,7069197000.00,6856740000.00,6843427000.00,6734810000.00,6754821000.00,6494241000.00,6460766000.00,6436349000.00,6331683000.00,6226495000.00,6389914000.00,6146013000.00,6110243000.00,6066406000.00,6179100000.00,6239800000.00,6240600000.00,6250900000.00,6532600000.00,6422200000.00,6504900000.00,6514800000.00,6514800000.00,6132600000.00,6050100000.00,6024600000.00,6024600000.00,6075200000.00,6144800000.00,6068800000.00,5982300000.00,5989200000.00,5854200000.00,5807900000.00,5489000000.00,5333900000.00,5045400000.00,4860100000.00,4718100000.00,4758900000.00,4883300000.00,4793000000.00,4673300000.00,4628700000.00,4492400000.00,4371100000.00,4281900000.00,4105100000.00,3922300000.00,3849400000.00,3869800000.00,3751400000.00,3573200000.00,3449900000.00,3342500000.00,3155800000.00,3033500000.00,,,,2630500000.00,,,,2367700000.00,,,,2075900000.00,,,
deferredLongTermLiab,,1351000000.00,1362000000.00,1402000000.00,1639000000.00,1579000000.00,1604000000.00,1412000000.00,1351000000.00,1371000000.00,1385000000.00,1302000000.00,1344000000.00,1347000000.00,1347000000.00,1194000000.00,1302000000.00,1305000000.00,1250000000.00,1067000000.00,965000000.00,1002000000.00,1037000000.00,1053000000.00,1754000000.00,1606000000.00,1682000000.00,1669000000.00,1642000000.00,1685000000.00,1621000000.00,1563000000.00,1678000000.00,1618000000.00,1614000000.00,1662000000.00,1522000000.00,1489000000.00,1480000000.00,1448000000.00,1282000000.00,0.00,0.00,,0.00,0.00,873000000.00,897000000.00,836000000.00,859000000.00,517000000.00,546000000.00,395000000.00,439000000.00,425000000.00,425000000.00,553000000.00,316000000.00,,,,,,,,,,,,,,,,,,,,,,,,,,,,,,,,,,,,,,,,,,,,,,,,,,,,,,,,,,,,,,,,,,,,,,,,,,,,,,,,,,,,,,,,,,,,,,,,
otherCurrentLiab,-13963000000.00,-14077000000.00,-16174000000.00,-18353000000.00,4263000000.00,4674000000.00,5789000000.00,-15934000000.00,3747000000.00,-11617000000.00,3893000000.00,4317000000.00,3685000000.00,3006000000.00,3479000000.00,2938000000.00,2422000000.00,2761000000.00,2521000000.00,2412000000.00,2819000000.00,3083000000.00,2841000000.00,2044000000.00,1978000000.00,2099000000.00,2827000000.00,2917000000.00,2978000000.00,3174000000.00,2897000000.00,2961000000.00,4305000000.00,3521000000.00,4379000000.00,5270000000.00,4677000000.00,3358000000.00,4399000000.00,4790000000.00,2762000000.00,2435000000.00,2376000000.00,,9942000000.00,8367000000.00,7885000000.00,8257000000.00,4289000000.00,3615000000.00,3252000000.00,4085000000.00,3141000000.00,2317000000.00,2319000000.00,,2301000000.00,2431000000.00,2695000000.00,2663000000.00,3727000000.00,4161000000.00,4722000000.00,3979000000.00,3810000000.00,3424000000.00,2416000000.00,2214593000.00,1994626000.00,1498978000.00,1521188000.00,1557311000.00,1445594000.00,1565102000.00,1318766000.00,1356058000.00,1091829000.00,1391339000.00,1580700000.00,1495193000.00,1338554000.00,1165577000.00,988175000.00,1196194000.00,1132439000.00,1221853000.00,1115042000.00,1083489000.00,972499000.00,946865000.00,814450000.00,783379000.00,735333000.00,737550000.00,610735000.00,730923000.00,632200000.00,606900000.00,567600000.00,624700000.00,540600000.00,592500000.00,516300000.00,613200000.00,613200000.00,518000000.00,494000000.00,612900000.00,612900000.00,705100000.00,525700000.00,619700000.00,524200000.00,478800000.00,431800000.00,553800000.00,427600000.00,455000000.00,412500000.00,525100000.00,435900000.00,418300000.00,373400000.00,545800000.00,440800000.00,494600000.00,433500000.00,472600000.00,408200000.00,460600000.00,357500000.00,432200000.00,373200000.00,426500000.00,340700000.00,402100000.00,303100000.00,337400000.00,319800000.00,,,,693400000.00,,,,483600000.00,,,,350500000.00,,,
commonStock,3140000000.00,3128000000.00,3106000000.00,3147000000.00,3110000000.00,3066000000.00,3028000000.00,2994000000.00,2964000000.00,2941000000.00,2858000000.00,2824000000.00,2760000000.00,2705000000.00,2690000000.00,2655000000.00,2617000000.00,2588000000.00,2584000000.00,2560000000.00,2541000000.00,2489000000.00,2428000000.00,2398000000.00,2390000000.00,2376000000.00,2350000000.00,2327000000.00,2536000000.00,2714000000.00,2875000000.00,3180000000.00,3412000000.00,4017000000.00,4584000000.00,5115000000.00,5541000000.00,5692000000.00,5995000000.00,6136000000.00,6108000000.00,6150000000.00,6175000000.00,,6130000000.00,6102000000.00,6170000000.00,6218000000.00,6408000000.00,6636000000.00,5086000000.00,5095000000.00,5138000000.00,5151000000.00,5245000000.00,5245000000.00,5234000000.00,5219000000.00,5022000000.00,5016000000.00,4999000000.00,5001000000.00,5758000000.00,5121000000.00,5083000000.00,5056000000.00,5813000000.00,5067901000.00,5457649000.00,5571922000.00,5511019000.00,5471070000.00,5487332000.00,5430866000.00,5385840000.00,5492809000.00,5473767000.00,5448289000.00,5431510000.00,5411075000.00,5387460000.00,5378587000.00,5373005000.00,5369580000.00,5379026000.00,5399081000.00,5436151000.00,5454169000.00,5498356000.00,5605380000.00,5700741000.00,5251485000.00,5245409000.00,5238821000.00,5232597000.00,4958126000.00,5018300000.00,5043200000.00,5081300000.00,,,,,,,,,,,,,,,,,,,,,,,,,,,,,,,,,,,,,,,,,,,,,,,,,,,,,,,
capitalStock,3140000000.00,3128000000.00,3106000000.00,3147000000.00,3110000000.00,3066000000.00,3028000000.00,2994000000.00,2964000000.00,2941000000.00,,,,,,,,,,,,,,,,,,,,,,,,,,,,,,,,,,,,,,,,,,,,,,,,,,,,,,,,,,,,,,,,,,,,,,,,,,,,,,,,,,,,,,,,,,,,,,,,,,,,,,,,,,,,,,,,,,,,,,,,,,,,,,,,,,,,,,,,,,,,,,,,
retainedEarnings,24699000000.00,24244000000.00,24217000000.00,23646000000.00,23099000000.00,23292000000.00,22483000000.00,21655000000.00,21081000000.00,20762000000.00,20261000000.00,19780000000.00,19311000000.00,19293000000.00,19026000000.00,18958000000.00,18651000000.00,18497000000.00,18553000000.00,18527000000.00,18478000000.00,18132000000.00,17755000000.00,17552000000.00,17023000000.00,17176000000.00,17345000000.00,17444000000.00,17192000000.00,17079000000.00,16971000000.00,16865000000.00,16313000000.00,16232000000.00,16019000000.00,15701000000.00,15154000000.00,14562000000.00,14186000000.00,14077000000.00,13828000000.00,13478000000.00,13369000000.00,13236000000.00,12841000000.00,12774000000.00,12606000000.00,12322000000.00,12349000000.00,11996000000.00,11718000000.00,11242000000.00,10605000000.00,10357000000.00,10011000000.00,10011000000.00,9686000000.00,9185000000.00,8832000000.00,8866000000.00,8947000000.00,8446000000.00,7494000000.00,7206000000.00,6773000000.00,6375000000.00,5982000000.00,5088222000.00,4793889000.00,4418366000.00,4081490000.00,3735882000.00,3414407000.00,3141295000.00,3011015000.00,2878684000.00,2665382000.00,2401019000.00,2183751000.00,2334306000.00,2156354000.00,1974489000.00,1863150000.00,1806939000.00,1729015000.00,1636620000.00,1567570000.00,1487966000.00,1403493000.00,1286543000.00,1187357000.00,1558752000.00,1497290000.00,1404354000.00,1325323000.00,1570315000.00,1497600000.00,1426100000.00,1419300000.00,1798400000.00,1816200000.00,1750700000.00,1568300000.00,2026800000.00,2026800000.00,1952300000.00,1857800000.00,2322600000.00,2322600000.00,2229300000.00,2274900000.00,2597900000.00,2484100000.00,2356800000.00,2185200000.00,2380700000.00,2062500000.00,1909300000.00,1629500000.00,1832400000.00,1695200000.00,1589700000.00,1516600000.00,1757700000.00,1642100000.00,1602600000.00,1461800000.00,1667100000.00,1616700000.00,1447500000.00,1285200000.00,1568300000.00,1503200000.00,1377800000.00,1257500000.00,1479200000.00,1369200000.00,1223300000.00,1100000000.00,,,,982700000.00,,,,801000000.00,,,,722000000.00,,,
otherLiab,,,,,3378000000.00,2681000000.00,2835000000.00,3410000000.00,3468000000.00,2756000000.00,2756000000.00,3556000000.00,2678000000.00,2658000000.00,3418000000.00,2527000000.00,2560000000.00,2613000000.00,2534000000.00,2314000000.00,2240000000.00,2291000000.00,1325000000.00,1342000000.00,1117000000.00,1289000000.00,1235000000.00,1218000000.00,1284000000.00,1364000000.00,1429000000.00,1395000000.00,1362000000.00,1568000000.00,1534000000.00,1575000000.00,941000000.00,962000000.00,1093000000.00,1105000000.00,1483000000.00,1469000000.00,1478000000.00,,,1440000000.00,1097000000.00,863000000.00,1046000000.00,1012000000.00,1353000000.00,1249000000.00,1185000000.00,1075000000.00,986000000.00,,1183000000.00,1182000000.00,1171000000.00,742000000.00,735000000.00,771000000.00,782000000.00,843000000.00,773000000.00,761000000.00,713000000.00,536590000.00,536034000.00,507260000.00,490460000.00,502540000.00,546560000.00,501806000.00,488202000.00,615627000.00,592969000.00,551412000.00,526659000.00,604602000.00,581291000.00,545244000.00,550368000.00,223238000.00,210901000.00,205146000.00,198938000.00,197006000.00,154511000.00,152952000.00,145905000.00,144659000.00,147006000.00,144216000.00,141922000.00,140764000.00,,,,,,,,,,,,,,,,,,,,,,,,,,,,,,,,,,,,,,,,,,,,,,,,,,,,,,,,,,
goodWill,,,,4162000000.00,,,,4182000000.00,,,,3451000000.00,,,,3385000000.00,,,,2496000000.00,0.00,0.00,0.00,2374000000.00,0.00,0.00,0.00,2246000000.00,0.00,0.00,0.00,2185000000.00,0.00,0.00,0.00,2010000000.00,0.00,0.00,0.00,562000000.00,552000000.00,545000000.00,544000000.00,551000000.00,541000000.00,603000000.00,596000000.00,591000000.00,607000000.00,602000000.00,594000000.00,587000000.00,531000000.00,523000000.00,519000000.00,524000000.00,524000000.00,531000000.00,532000000.00,493000000.00,501000000.00,501000000.00,506000000.00,329000000.00,323000000.00,319000000.00,317000000.00,320322000.00,319799000.00,321649000.00,322292000.00,318978000.00,,,233162000.00,,,,236962000.00,338095000.00,342669000.00,338427000.00,244290000.00,,,,114000000.00,,,,,,,,,,,,,,,,,,,,,,,,,,,,,,,,,,,,,,,,,,,,,,,,,,,,,,,,,,,,,,,,,,,
otherAssets,1351000000.00,1341000000.00,1273000000.00,2420000000.00,2337000000.00,1022000000.00,1032000000.00,2392000000.00,2307000000.00,1159000000.00,-15749000000.00,-16138000000.00,-13696000000.00,946000000.00,2027000000.00,965000000.00,905000000.00,984000000.00,980000000.00,927000000.00,930000000.00,938000000.00,10071000000.00,9900000000.00,9873000000.00,9671000000.00,9373000000.00,8966000000.00,9457000000.00,9429000000.00,8820000000.00,8475000000.00,7932000000.00,8083000000.00,7986000000.00,8039000000.00,5187000000.00,5162000000.00,5116000000.00,5085000000.00,5233000000.00,5111000000.00,5239000000.00,,0.00,4787000000.00,4843000000.00,4691000000.00,4514000000.00,5189000000.00,5196000000.00,5059000000.00,5042000000.00,4702000000.00,4484000000.00,0.00,-9103000000.00,4340000000.00,4227000000.00,4078000000.00,4385000000.00,4478000000.00,4476000000.00,4424000000.00,4256000000.00,4146000000.00,3986000000.00,4285099000.00,4154944000.00,4213940000.00,4149721000.00,3978587000.00,3894112000.00,3820194000.00,3703024000.00,3688341000.00,4018935000.00,3799074000.00,3775087000.00,3718650000.00,3577923000.00,3248100000.00,3292306000.00,3093866000.00,3134209000.00,3107168000.00,3162801000.00,3044813000.00,3160137000.00,3022730000.00,3269205000.00,3102682000.00,3239284000.00,3072205000.00,2983652000.00,2918976000.00,,,,,,,,,,,,,,,,,,,,,,,,,,,,,,,,,,,,,,,,,,,,,,,,,,,,,,,,,,
cash,1498000000.00,1426000000.00,899000000.00,1037000000.00,1099000000.00,906000000.00,1079000000.00,943000000.00,1083000000.00,869000000.00,694000000.00,666000000.00,948000000.00,1203000000.00,4734000000.00,852000000.00,932000000.00,849000000.00,926000000.00,1997000000.00,915000000.00,851000000.00,797000000.00,804000000.00,518000000.00,433000000.00,476000000.00,619000000.00,701000000.00,334000000.00,706000000.00,910000000.00,720000000.00,867000000.00,890000000.00,1099000000.00,4539000000.00,1630000000.00,1083000000.00,3121000000.00,3252000000.00,1848000000.00,1448000000.00,1714000000.00,1235000000.00,1291000000.00,818000000.00,864000000.00,1320000000.00,615000000.00,858000000.00,526000000.00,862000000.00,1046000000.00,1659000000.00,1317000000.00,1317000000.00,2390000000.00,1055000000.00,2188000000.00,2248000000.00,2532000000.00,810000000.00,1206000000.00,1105000000.00,1121000000.00,663000000.00,896526000.00,822780000.00,958491000.00,1112853000.00,918228000.00,823866000.00,1154837000.00,522420000.00,661883000.00,334319000.00,507224000.00,540207000.00,805015000.00,537125000.00,765982000.00,764959000.00,1250614000.00,1063324000.00,1101687000.00,844187000.00,911375000.00,878513000.00,527913000.00,676086000.00,580583000.00,541726000.00,523170000.00,477226000.00,494952000.00,571600000.00,716700000.00,681400000.00,574000000.00,476400000.00,384000000.00,346300000.00,283400000.00,283400000.00,144800000.00,397800000.00,632500000.00,632500000.00,452900000.00,534700000.00,570200000.00,773900000.00,658800000.00,454600000.00,457400000.00,278400000.00,310600000.00,316400000.00,223900000.00,257800000.00,454300000.00,386500000.00,617800000.00,715400000.00,822500000.00,964400000.00,671000000.00,737000000.00,874400000.00,647600000.00,478900000.00,364600000.00,754500000.00,408400000.00,400500000.00,517800000.00,668900000.00,433600000.00,,,,644400000.00,,,,465100000.00,,,,595400000.00,,,
cashAndEquivalents,1498000000.00,1426000000.00,899000000.00,1037000000.00,1099000000.00,906000000.00,1079000000.00,943000000.00,1083000000.00,869000000.00,,,,,,,,,,,,,,,,,,,,,,,,,,,,,,,,,,,,,,,,,,,,,,,,,,,,,,,,,,,,,,,,,,,,,,,,,,,,,,,,,,,,,,,,,,,,,,,,,,,,,,,,,,,,,,,,,,,,,,,,,,,,,,,,,,,,,,,,,,,,,,,,
totalCurrentLiabilities,116000000.00,125000000.00,1809000000.00,503000000.00,22936000000.00,25660000000.00,28523000000.00,958000000.00,18576000000.00,1289000000.00,18512000000.00,18182000000.00,13907000000.00,12809000000.00,17317000000.00,13734000000.00,12020000000.00,12602000000.00,13361000000.00,11776000000.00,11648000000.00,11718000000.00,13285000000.00,12570000000.00,11873000000.00,11421000000.00,13602000000.00,13173000000.00,12737000000.00,13778000000.00,12867000000.00,13505000000.00,14130000000.00,12859000000.00,14235000000.00,15602000000.00,13751000000.00,11891000000.00,13456000000.00,15658000000.00,13753000000.00,13123000000.00,16142000000.00,16993000000.00,2108000000.00,2108000000.00,1987000000.00,834000000.00,1170000000.00,1875000000.00,5732000000.00,18063000000.00,1721000000.00,8573000000.00,9236000000.00,9600000000.00,9600000000.00,8547000000.00,8885000000.00,9411000000.00,11101000000.00,12101000000.00,14621000000.00,15885000000.00,14561000000.00,11526000000.00,7868000000.00,8301556000.00,8982574000.00,6416687000.00,6164767000.00,6159085000.00,5981733000.00,5857805000.00,5366864000.00,5460878000.00,5793611000.00,6138694000.00,6750237000.00,8035564000.00,7242308000.00,5481256000.00,5147472000.00,5966462000.00,6332483000.00,6003512000.00,4719297000.00,4638749000.00,4599732000.00,4016659000.00,3866981000.00,3496411000.00,4588134000.00,4265794000.00,4332945000.00,4574215000.00,4734000000.00,4481600000.00,3840300000.00,4093100000.00,4044400000.00,3790200000.00,3717300000.00,3544700000.00,3544700000.00,2816500000.00,2248800000.00,2607200000.00,2607200000.00,2056400000.00,1633600000.00,1593400000.00,1924800000.00,1412200000.00,1172400000.00,1416600000.00,1479500000.00,1309000000.00,1127000000.00,1320900000.00,1386700000.00,1109600000.00,960200000.00,1134400000.00,1162400000.00,1133300000.00,936800000.00,1130100000.00,1187000000.00,1226500000.00,856900000.00,917700000.00,965700000.00,948500000.00,676300000.00,880500000.00,804000000.00,740300000.00,618500000.00,,,,710100000.00,,,,497300000.00,,,,363200000.00,,,
currentDeferredRevenue,8711000000.00,8998000000.00,9903000000.00,10550000000.00,10782000000.00,11647000000.00,11999000000.00,9546000000.00,9049000000.00,8176000000.00,7583000000.00,7086000000.00,6413000000.00,6126000000.00,6290000000.00,5626000000.00,5182000000.00,5063000000.00,5093000000.00,5129000000.00,4625000000.00,4384000000.00,4761000000.00,5762000000.00,5705000000.00,5472000000.00,6109000000.00,6223000000.00,6353000000.00,6009000000.00,6206000000.00,6972000000.00,5800000000.00,5363000000.00,5848000000.00,5874000000.00,5745000000.00,5376000000.00,5084000000.00,4832000000.00,6529000000.00,5559000000.00,6803000000.00,,-13616000000.00,-10841000000.00,-11007000000.00,-12393000000.00,-11660000000.00,-11165000000.00,-10955000000.00,,-10166000000.00,,,,246000000.00,,,,,,,,,,,,,,,,,,,,,,,,,,,,,,,,,,,,,,,,,,,,,,,,,,,,,,,,,,,,,,,,,,,,,,,,,,,,,,,,,,,,,,,,,,,,,,,,,
netDebt,6843000000.00,7244000000.00,9607000000.00,8143000000.00,8643000000.00,11632000000.00,13012000000.00,8596000000.00,8878000000.00,8852000000.00,11598000000.00,10387000000.00,7436000000.00,8209000000.00,7987000000.00,8244000000.00,8142000000.00,8563000000.00,8958000000.00,6391000000.00,6937000000.00,6772000000.00,8203000000.00,6689000000.00,6818000000.00,6547000000.00,6731000000.00,6312000000.00,6372000000.00,7052000000.00,5940000000.00,4967000000.00,6062000000.00,6056000000.00,5551000000.00,4591000000.00,1002000000.00,3992000000.00,4590000000.00,3749000000.00,3632000000.00,5676000000.00,7415000000.00,7558000000.00,9085000000.00,9029000000.00,9512000000.00,8334000000.00,8177000000.00,9704000000.00,13400000000.00,12159000000.00,8041000000.00,6502000000.00,5762000000.00,,6548000000.00,5487000000.00,7149000000.00,5861000000.00,6115000000.00,5973000000.00,10235000000.00,9790000000.00,8723000000.00,6202000000.00,4622000000.00,5475386000.00,5001014000.00,3856436000.00,3566657000.00,3795048000.00,3789945000.00,3566393000.00,3656466000.00,3366563000.00,4172956000.00,4339425000.00,5130975000.00,5882112000.00,5460846000.00,4309080000.00,4417699000.00,4519427000.00,4753818000.00,4195966000.00,3540370000.00,3590906000.00,3657404000.00,3909604000.00,3932828000.00,4136131000.00,4259948000.00,4088262000.00,4382458000.00,4566867000.00,4353100000.00,4024100000.00,3778800000.00,4010300000.00,3944900000.00,3790800000.00,4067100000.00,4087300000.00,4087300000.00,3250800000.00,2575600000.00,2586500000.00,2586500000.00,1785200000.00,1582800000.00,1609200000.00,1609100000.00,1480300000.00,1631100000.00,1729600000.00,1854400000.00,1801600000.00,1728700000.00,1881400000.00,1845600000.00,1686400000.00,1683900000.00,1273400000.00,937100000.00,857200000.00,628400000.00,508500000.00,429500000.00,367600000.00,469500000.00,408600000.00,504100000.00,98000000.00,362700000.00,454400000.00,301700000.00,139400000.00,271800000.00,,,,65200000.00,,,,206100000.00,,,,-12500000.00,,,
shortTermDebt,116000000.00,125000000.00,1809000000.00,503000000.00,1348000000.00,3738000000.00,4600000000.00,958000000.00,1163000000.00,1289000000.00,3025000000.00,2305000000.00,462000000.00,780000000.00,4108000000.00,1424000000.00,1443000000.00,1711000000.00,2209000000.00,690000000.00,1122000000.00,1642000000.00,2343000000.00,870000000.00,741000000.00,924000000.00,1251000000.00,427000000.00,479000000.00,1825000000.00,795000000.00,98000000.00,953000000.00,958000000.00,866000000.00,132000000.00,195000000.00,253000000.00,320000000.00,1523000000.00,1520000000.00,2158000000.00,3489000000.00,2816000000.00,2108000000.00,2108000000.00,1987000000.00,834000000.00,1170000000.00,1875000000.00,5732000000.00,5837000000.00,1721000000.00,718000000.00,511000000.00,221000000.00,221000000.00,304000000.00,404000000.00,298000000.00,612000000.00,751000000.00,3355000000.00,4970000000.00,4595000000.00,2590000000.00,533000000.00,1214641000.00,1812600000.00,802251000.00,629187000.00,685489000.00,588699000.00,649686000.00,648746000.00,452969000.00,811843000.00,1156502000.00,1931307000.00,2828667000.00,2132847000.00,1219756000.00,1310371000.00,1900848000.00,1968456000.00,1942265000.00,1273263000.00,1132803000.00,1176350000.00,1054916000.00,1257847000.00,1006374000.00,1486745000.00,1313263000.00,1582466000.00,1791145000.00,1651500000.00,1540900000.00,1268300000.00,1684000000.00,1512300000.00,1234000000.00,1566300000.00,1512900000.00,1512900000.00,1043100000.00,628500000.00,891100000.00,891100000.00,245500000.00,114500000.00,103500000.00,309500000.00,69400000.00,15600000.00,128200000.00,96000000.00,96700000.00,23700000.00,91500000.00,101900000.00,91800000.00,31300000.00,94500000.00,101200000.00,110100000.00,30300000.00,218400000.00,196600000.00,255000000.00,136800000.00,94500000.00,89100000.00,88800000.00,20200000.00,108300000.00,109800000.00,112000000.00,15300000.00,,,,16700000.00,,,,13700000.00,,,,12700000.00,,,
shortLongTermDebt,116000000.00,125000000.00,1809000000.00,503000000.00,1069000000.00,3456000000.00,4320000000.00,958000000.00,895000000.00,1289000000.00,2763000000.00,2044000000.00,211000000.00,541000000.00,3890000000.00,1209000000.00,1257000000.00,1711000000.00,2209000000.00,582000000.00,590000000.00,595000000.00,13000000.00,13000000.00,13000000.00,6980000000.00,1251000000.00,273000000.00,479000000.00,1825000000.00,795000000.00,12000000.00,,,,24000000.00,,,,,,,,,,,,,,,,,,,,,,,,,,,,,,,,,,,,,,,,,,,,,,,,,,,,,,,,,,,,,,,,,,,,,,,,,,,,,,,,,,,,,,,,,,,,,,,,,,,,,,,,,,,,,,,,,,,,,,
shortLongTermDebtTotal,8341000000.00,8670000000.00,10506000000.00,9180000000.00,9742000000.00,12538000000.00,14091000000.00,9539000000.00,9961000000.00,9721000000.00,12292000000.00,11053000000.00,8384000000.00,9412000000.00,12721000000.00,9096000000.00,9074000000.00,9412000000.00,9884000000.00,8388000000.00,7852000000.00,7623000000.00,9000000000.00,7493000000.00,7336000000.00,6980000000.00,7207000000.00,6931000000.00,7073000000.00,7386000000.00,6646000000.00,5877000000.00,6782000000.00,6923000000.00,6441000000.00,5690000000.00,5541000000.00,5622000000.00,5673000000.00,6870000000.00,6884000000.00,7524000000.00,8863000000.00,9272000000.00,10320000000.00,10320000000.00,10330000000.00,9198000000.00,9497000000.00,10319000000.00,14258000000.00,12685000000.00,8903000000.00,7548000000.00,7421000000.00,442000000.00,7865000000.00,7877000000.00,8204000000.00,8049000000.00,8363000000.00,8505000000.00,11045000000.00,10996000000.00,9828000000.00,7323000000.00,5285000000.00,6371912000.00,5823794000.00,4814927000.00,4679510000.00,4713276000.00,4613811000.00,4721230000.00,4178886000.00,4028446000.00,4507275000.00,4846649000.00,5671182000.00,6687127000.00,5997971000.00,5075062000.00,5182658000.00,5770041000.00,5817142000.00,5297653000.00,4384557000.00,4502281000.00,4535917000.00,4437517000.00,4608914000.00,4716714000.00,4801674000.00,4611432000.00,4859684000.00,5061819000.00,4924700000.00,4740800000.00,4460200000.00,4584300000.00,4421300000.00,4174800000.00,4413400000.00,4370700000.00,4370700000.00,3395600000.00,2973400000.00,3219000000.00,3219000000.00,2238100000.00,2117500000.00,2179400000.00,2383000000.00,2139100000.00,2085700000.00,2187000000.00,2132800000.00,2112200000.00,2045100000.00,2105300000.00,2103400000.00,2140700000.00,2070400000.00,1891200000.00,1652500000.00,1679700000.00,1592800000.00,1179500000.00,1166500000.00,1242000000.00,1117100000.00,887500000.00,868700000.00,852500000.00,771100000.00,854900000.00,819500000.00,808300000.00,705400000.00,,,,709600000.00,,,,671200000.00,,,,582900000.00,,,
otherStockholderEquity,37000000.00,36000000.00,337000000.00,33000000.00,32000000.00,33000000.00,33000000.00,51000000.00,21000000.00,21000000.00,20000000.00,-52000000.00,19000000.00,18000000.00,24000000.00,-41000000.00,22000000.00,24000000.00,15000000.00,-34000000.00,13000000.00,2000000.00,5000000.00,-44000000.00,7000000.00,7000000.00,8000000.00,-16000000.00,18000000.00,14000000.00,14000000.00,16000000.00,15000000.00,14000000.00,33000000.00,55000000.00,35000000.00,35000000.00,39000000.00,-2000000.00,28000000.00,23000000.00,23000000.00,,6130000000.00,6102000000.00,6170000000.00,6218000000.00,6408000000.00,6666000000.00,5086000000.00,5095000000.00,5138000000.00,5151000000.00,5245000000.00,-512000000.00,5264000000.00,5219000000.00,5022000000.00,5016000000.00,4999000000.00,5001000000.00,5039000000.00,5121000000.00,5083000000.00,5056000000.00,5090000000.00,5067901000.00,5457649000.00,5571922000.00,,,,,,,,,,,,,,,,6892928000.00,6882933000.00,6472526000.00,6363184000.00,6244852000.00,-92000000.00,5770787000.00,5942832000.00,5634865000.00,5656273000.00,5534526000.00,100000.00,5569700000.00,5346400000.00,9947700000.00,10211400000.00,10025400000.00,10054300000.00,9502900000.00,4488000000.00,8747600000.00,8658500000.00,8074800000.00,3702000000.00,7784700000.00,7739500000.00,7245600000.00,7201700000.00,7247400000.00,7215500000.00,6847000000.00,6715600000.00,6648300000.00,6538400000.00,5814500000.00,5809700000.00,5956000000.00,6153500000.00,5523300000.00,5519200000.00,5514100000.00,5518600000.00,4840300000.00,4801500000.00,4793900000.00,4773400000.00,4127000000.00,4212500000.00,4219500000.00,4161600000.00,3420000000.00,3422600000.00,3381800000.00,3382800000.00,,,,2838500000.00,,,,2556000000.00,,,,2199200000.00,,,
propertyPlantEquipment,11359000000.00,10127000000.00,10071000000.00,9933000000.00,9605000000.00,9680000000.00,9794000000.00,9890000000.00,9848000000.00,10916000000.00,9799000000.00,9951000000.00,9816000000.00,9833000000.00,9883000000.00,10106000000.00,10911000000.00,10245000000.00,10299000000.00,9953000000.00,9885000000.00,9948000000.00,10123000000.00,10138000000.00,9956000000.00,9945000000.00,9771000000.00,9758000000.00,9853000000.00,9802000000.00,9891000000.00,9853000000.00,9900000000.00,9897000000.00,9833000000.00,9960000000.00,9995000000.00,10110000000.00,10102000000.00,10137000000.00,10125000000.00,10091000000.00,10122000000.00,,9883000000.00,9812000000.00,9800000000.00,9601000000.00,9655000000.00,9500000000.00,9315000000.00,9194000000.00,8908000000.00,8712000000.00,8642000000.00,8642000000.00,8636000000.00,8366000000.00,7950000000.00,7583000000.00,7412000000.00,7155000000.00,7125000000.00,6860000000.00,6574000000.00,6228000000.00,6010000000.00,5822959000.00,5697770000.00,5378873000.00,5293032000.00,5235524000.00,5170551000.00,5213529000.00,5184380000.00,5248860000.00,5272295000.00,5239996000.00,5254738000.00,5245672000.00,5332884000.00,5343025000.00,5468716000.00,5425935000.00,5402389000.00,5431791000.00,4890241000.00,4914423000.00,4955715000.00,5001460000.00,4920425000.00,5010612000.00,5124389000.00,5174603000.00,5277081000.00,5443552000.00,,,,,,,,,,,,,,,,,,,,,,,,,,,,,,,,,,,,,,,,,,,,,,,,,,,,,,,,,,
totalCurrentAssets,12534000000.00,12324000000.00,14356000000.00,12664000000.00,34569000000.00,37647000000.00,40453000000.00,11489000000.00,29290000000.00,12497000000.00,29284000000.00,27286000000.00,22766000000.00,22011000000.00,26146000000.00,21347000000.00,19178000000.00,19548000000.00,20262000000.00,20588000000.00,19465000000.00,18647000000.00,20906000000.00,19925000000.00,19140000000.00,18201000000.00,20486000000.00,21045000000.00,20543000000.00,20867000000.00,20970000000.00,21829000000.00,23045000000.00,22588000000.00,23896000000.00,26028000000.00,26639000000.00,24658000000.00,26226000000.00,28530000000.00,26090000000.00,25036000000.00,27865000000.00,29762000000.00,16113000000.00,16113000000.00,16208000000.00,14831000000.00,15619000000.00,16339000000.00,18297000000.00,28357000000.00,11920000000.00,18134000000.00,19200000000.00,20388000000.00,20388000000.00,19155000000.00,19408000000.00,20314000000.00,22104000000.00,23074000000.00,25455000000.00,25229000000.00,22660000000.00,19018000000.00,15122000000.00,15243358000.00,15192900000.00,12379207000.00,11826277000.00,11332370000.00,11034045000.00,10819070000.00,9710701000.00,10044596000.00,10083993000.00,9854313000.00,10338996000.00,12147725000.00,11027823000.00,9095264000.00,8421857000.00,9034964000.00,9332880000.00,8349620000.00,7363231000.00,7358945000.00,7078735000.00,6567506000.00,6150301000.00,6041690000.00,6734174000.00,6189898000.00,6162367000.00,6266170000.00,6499800000.00,6304200000.00,5789600000.00,5880600000.00,5996300000.00,5727000000.00,5451700000.00,5296700000.00,5296700000.00,4374100000.00,4284300000.00,4814100000.00,4814100000.00,4230300000.00,4384700000.00,4510700000.00,4630800000.00,3912000000.00,3712600000.00,4077500000.00,4211300000.00,4125300000.00,3910800000.00,3922700000.00,3887400000.00,3702800000.00,3921700000.00,3802000000.00,3498300000.00,3417900000.00,3213400000.00,2952500000.00,3020200000.00,3021400000.00,2531600000.00,2348400000.00,2477100000.00,2634000000.00,2303800000.00,2466600000.00,2473200000.00,2247700000.00,2105700000.00,,,,2118800000.00,,,,1749700000.00,,,,1511000000.00,,,
longTermInvestments,5469000000.00,5665000000.00,14406000000.00,5467000000.00,14130000000.00,14501000000.00,14619000000.00,5285000000.00,5148000000.00,5113000000.00,12395000000.00,12482000000.00,12213000000.00,12497000000.00,12366000000.00,12544000000.00,5409000000.00,5457000000.00,12590000000.00,10292000000.00,10314000000.00,10160000000.00,10071000000.00,9900000000.00,9873000000.00,9671000000.00,9373000000.00,8966000000.00,9457000000.00,9429000000.00,8820000000.00,8475000000.00,7932000000.00,8083000000.00,7986000000.00,8039000000.00,5187000000.00,5162000000.00,5116000000.00,3848000000.00,3868000000.00,3865000000.00,3935000000.00,,3625000000.00,3650000000.00,3705000000.00,3563000000.00,3508000000.00,3906000000.00,3909000000.00,3798000000.00,3777000000.00,3477000000.00,3344000000.00,3344000000.00,3344000000.00,3203000000.00,,,,,,,,,,,,,,,,,,,,,,,,,,,,,,,,,,,,,,,,,,,,,,,,,,,,,,,,,,,,,,,,,,,,,,,,,,,,,,,,,,,,,,,,,,,,,,,,
netTangibleAssets,,25243000000.00,25161000000.00,24583000000.00,24287000000.00,24654000000.00,23984000000.00,15817000000.00,16264000000.00,16316000000.00,20923000000.00,20074000000.00,19407000000.00,19378000000.00,19023000000.00,19266000000.00,13472000000.00,19008000000.00,18944000000.00,19030000000.00,19033000000.00,18763000000.00,18791000000.00,18366000000.00,17623000000.00,17438000000.00,17147000000.00,17197000000.00,17578000000.00,17696000000.00,17899000000.00,17899000000.00,17863000000.00,18544000000.00,18724000000.00,19575000000.00,20226000000.00,20184000000.00,20023000000.00,19397000000.00,18986000000.00,18445000000.00,18409000000.00,,17696000000.00,17366000000.00,17757000000.00,17386000000.00,17776000000.00,18206000000.00,16058000000.00,15299000000.00,14837000000.00,14086000000.00,14225000000.00,14225000000.00,14241000000.00,13676000000.00,,,,,,,,,,,,,,,,,,,,,,,,,,,,,,,,,,,,,,,,,,,,,,,,,,,,,,,,,,,,,,,,,,,,,,,,,,,,,,,,,,,,,,,,,,,,,,,,
shortTermInvestments,7739000000.00,8167000000.00,8736000000.00,9010000000.00,9345000000.00,9974000000.00,10132000000.00,8016000000.00,7891000000.00,7114000000.00,6403000000.00,5890000000.00,5484000000.00,5045000000.00,5098000000.00,4458000000.00,26000000.00,4000000.00,9000000.00,6000000.00,4426000000.00,4301000000.00,4408000000.00,4826000000.00,261000000.00,237000000.00,272000000.00,296000000.00,256000000.00,396000000.00,525000000.00,438000000.00,417000000.00,309000000.00,406000000.00,515000000.00,348000000.00,366000000.00,452000000.00,433000000.00,242000000.00,181000000.00,183000000.00,576000000.00,507000000.00,176000000.00,428000000.00,594000000.00,506000000.00,739000000.00,3816000000.00,633000000.00,508000000.00,394000000.00,407000000.00,317000000.00,317000000.00,408000000.00,2930000000.00,419000000.00,1104000000.00,453000000.00,455000000.00,526000000.00,1322000000.00,1182000000.00,1424000000.00,-24244000.00,-10759000.00,-4273000.00,1220666000.00,-27952000.00,-28234000.00,-117485000.00,908001000.00,1001259000.00,914316000.00,910906000.00,871439000.00,881216000.00,710827000.00,599009000.00,544669000.00,141193000.00,165328000.00,121517000.00,134474000.00,118442000.00,148581000.00,148878000.00,141672000.00,277210000.00,399479000.00,388159000.00,454223000.00,372751000.00,420800000.00,393500000.00,222200000.00,,,,,,,,,,,,,,,,,,,,,,,,,,,,,,,,,,,,,,,,,,,,,,,,,,,,,,,
netReceivables,6656000000.00,6459000000.00,4471000000.00,7569000000.00,7144000000.00,8309000000.00,7288000000.00,5771000000.00,6118000000.00,5693000000.00,5634000000.00,4984000000.00,4910000000.00,5323000000.00,4965000000.00,5206000000.00,4369000000.00,4414000000.00,4615000000.00,3844000000.00,3756000000.00,3682000000.00,4277000000.00,3762000000.00,3726000000.00,3267000000.00,4201000000.00,4405000000.00,4844000000.00,4528000000.00,4330000000.00,4660000000.00,3739000000.00,3960000000.00,4123000000.00,4638000000.00,3981000000.00,6003000000.00,4671000000.00,5098000000.00,3447000000.00,3520000000.00,3553000000.00,6167000000.00,3003000000.00,3439000000.00,3078000000.00,5093000000.00,10336000000.00,9816000000.00,10428000000.00,10625000000.00,8174000000.00,6122000000.00,5876000000.00,5876000000.00,7075000000.00,6600000000.00,7311000000.00,7236000000.00,8673000000.00,8884000000.00,11483000000.00,10447000000.00,10026000000.00,8428000000.00,6404000000.00,5805087000.00,5978888000.00,4774548000.00,4471201000.00,4486541000.00,4225498000.00,4309043000.00,4102263000.00,3991153000.00,4199284000.00,4339307000.00,4040759000.00,4942555000.00,4379613000.00,3672691000.00,3320336000.00,3273024000.00,3542237000.00,3225883000.00,2849523000.00,2630052000.00,2489286000.00,2750636000.00,2416432000.00,2155583000.00,2327140000.00,2281250000.00,2139896000.00,2103485000.00,2236800000.00,2103500000.00,1922200000.00,1867400000.00,1879300000.00,2103300000.00,1990700000.00,1871500000.00,1871500000.00,1553400000.00,1329400000.00,1356400000.00,1356400000.00,1187000000.00,1131600000.00,1136600000.00,1062500000.00,1062400000.00,1013600000.00,1100700000.00,1042500000.00,1070300000.00,1041800000.00,954600000.00,867400000.00,918300000.00,824900000.00,794900000.00,779700000.00,870300000.00,696800000.00,679800000.00,716300000.00,718200000.00,639000000.00,585800000.00,626900000.00,693100000.00,632900000.00,773000000.00,522400000.00,601800000.00,510900000.00,,,,637800000.00,,,,450700000.00,,,,361700000.00,,,
longTermDebt,8224000000.00,8545000000.00,7745000000.00,8677000000.00,7671000000.00,8062000000.00,8752000000.00,8581000000.00,8620000000.00,8432000000.00,8437000000.00,7885000000.00,7922000000.00,8632000000.00,8613000000.00,7672000000.00,7631000000.00,7701000000.00,7675000000.00,7698000000.00,6730000000.00,5981000000.00,6657000000.00,6623000000.00,6595000000.00,6056000000.00,5956000000.00,6504000000.00,6594000000.00,5561000000.00,5851000000.00,5779000000.00,5829000000.00,5965000000.00,5575000000.00,5558000000.00,5346000000.00,5369000000.00,5353000000.00,5347000000.00,5364000000.00,5366000000.00,5374000000.00,,6547000000.00,6535000000.00,6543000000.00,6762000000.00,6678000000.00,8266000000.00,8350000000.00,6848000000.00,6834000000.00,6830000000.00,6910000000.00,6910000000.00,7398000000.00,7573000000.00,7800000000.00,7751000000.00,7751000000.00,7754000000.00,7690000000.00,6026000000.00,5233000000.00,4733000000.00,4752000000.00,5157271000.00,4011194000.00,4012676000.00,4050323000.00,4027787000.00,4025112000.00,4071544000.00,3530140000.00,3575477000.00,3695432000.00,3690147000.00,3739875000.00,3858460000.00,3865124000.00,3855306000.00,3872287000.00,3869193000.00,3848686000.00,3355388000.00,3111294000.00,3369478000.00,3359567000.00,3382601000.00,3351067000.00,3710340000.00,3314929000.00,3298169000.00,3277218000.00,3270674000.00,,,,,,,,,,,,,,,,,,,,,,,,,,,,,,,,,,,,,,,,,,,,,,,,,,,,,,,,,,
inventory,11224000000.00,11902000000.00,14771000000.00,14771000000.00,13282000000.00,14485000000.00,17290000000.00,14481000000.00,11169000000.00,11446000000.00,12764000000.00,11713000000.00,8762000000.00,7626000000.00,8830000000.00,9170000000.00,8075000000.00,8294000000.00,8946000000.00,8813000000.00,8483000000.00,7953000000.00,9820000000.00,9173000000.00,8326000000.00,7846000000.00,8664000000.00,8831000000.00,7228000000.00,8000000000.00,7914000000.00,8243000000.00,7428000000.00,7845000000.00,8372000000.00,9374000000.00,8034000000.00,9024000000.00,11394000000.00,11441000000.00,9278000000.00,10194000000.00,12408000000.00,13836000000.00,13699000000.00,12192000000.00,13232000000.00,12415000000.00,11122000000.00,12055000000.00,13409000000.00,12654000000.00,9024000000.00,7611000000.00,8219000000.00,9126000000.00,9126000000.00,7139000000.00,7782000000.00,7840000000.00,7681000000.00,8333000000.00,10160000000.00,10569000000.00,9517000000.00,7747000000.00,6060000000.00,6603449000.00,6286536000.00,5003778000.00,4677508000.00,4456077000.00,4363055000.00,4159299000.00,3906698000.00,3966730000.00,4202664000.00,3734443000.00,4591648000.00,5294399000.00,5012718000.00,3761037000.00,3550225000.00,3946782000.00,4239958000.00,3577055000.00,3255412000.00,3390009000.00,3272616000.00,2850640000.00,2631885000.00,2693089000.00,3161642000.00,2736077000.00,2856884000.00,3080818000.00,3066600000.00,2833500000.00,2732700000.00,3008100000.00,3123700000.00,2673600000.00,2562700000.00,2539500000.00,2539500000.00,2071400000.00,2094100000.00,2463800000.00,2463800000.00,1557400000.00,1790600000.00,2102700000.00,2350800000.00,1585900000.00,1473900000.00,1768800000.00,1881400000.00,1322000000.00,1422100000.00,1744000000.00,1695600000.00,969500000.00,1131800000.00,1304400000.00,1427600000.00,1114400000.00,1025000000.00,1202500000.00,1211100000.00,943000000.00,917500000.00,1001000000.00,1225100000.00,874800000.00,771200000.00,879900000.00,933500000.00,526900000.00,695000000.00,,,,773700000.00,,,,784300000.00,,,,521600000.00,,,
accountsPayable,5252000000.00,5079000000.00,6271000000.00,7803000000.00,6543000000.00,5601000000.00,6135000000.00,6388000000.00,4617000000.00,3441000000.00,4011000000.00,4474000000.00,3347000000.00,2897000000.00,3440000000.00,3746000000.00,2973000000.00,3067000000.00,3538000000.00,3545000000.00,3082000000.00,2609000000.00,3340000000.00,3894000000.00,3449000000.00,2926000000.00,3415000000.00,3606000000.00,2927000000.00,2770000000.00,2969000000.00,3474000000.00,3072000000.00,3017000000.00,3142000000.00,4326000000.00,3134000000.00,2904000000.00,3653000000.00,4513000000.00,2942000000.00,2971000000.00,3474000000.00,,3674000000.00,2474000000.00,3122000000.00,4136000000.00,7371000000.00,7550000000.00,7703000000.00,8141000000.00,7025000000.00,5538000000.00,6406000000.00,8725000000.00,6832000000.00,5812000000.00,5786000000.00,6450000000.00,6762000000.00,7189000000.00,6544000000.00,6936000000.00,6156000000.00,5512000000.00,4919000000.00,4872322000.00,5175348000.00,4115458000.00,4014392000.00,3916285000.00,3947440000.00,3643017000.00,3399352000.00,3651851000.00,3889939000.00,3590853000.00,3238230000.00,3711704000.00,3770907000.00,3095923000.00,2848926000.00,2869420000.00,3231588000.00,2839394000.00,2330992000.00,2422457000.00,2450883000.00,2014878000.00,1794684000.00,1706658000.00,2366056000.00,2214981000.00,2139744000.00,2052147000.00,2450300000.00,2333800000.00,2004400000.00,1784400000.00,1991500000.00,1963700000.00,1634700000.00,1418600000.00,1418600000.00,1255400000.00,1126300000.00,1103200000.00,1103200000.00,1105800000.00,993400000.00,870200000.00,1091100000.00,864000000.00,725000000.00,734600000.00,955900000.00,757300000.00,690800000.00,704300000.00,848900000.00,599500000.00,555500000.00,494100000.00,620400000.00,528600000.00,473000000.00,439100000.00,582200000.00,510900000.00,362600000.00,391000000.00,503400000.00,433200000.00,315400000.00,370100000.00,391100000.00,290900000.00,283400000.00,,,,,,,,,,,,,,,
totalPermanentEquity,,,,,,,,,,,,,,,,,,,,,18322000000.00,18322000000.00,18322000000.00,18322000000.00,17577000000.00,17418000000.00,17129000000.00,17181000000.00,17556000000.00,17669000000.00,0.00,0.00,0.00,0.00,0.00,0.00,0.00,0.00,0.00,0.00,0.00,0.00,0.00,,0.00,0.00,0.00,0.00,0.00,0.00,0.00,0.00,0.00,0.00,0.00,0.00,,0.00,,,,,,,,,,,,,,,,,,,,,,,,,,,,,,,,,,,,,,,,,,,,,,,,,,,,,,,,,,,,,,,,,,,,,,,,,,,,,,,,,,,,,,,,,,,,,,,,
noncontrollingInterestInConsolidatedEntity,,36000000.00,36000000.00,33000000.00,32000000.00,33000000.00,33000000.00,31000000.00,21000000.00,21000000.00,20000000.00,22000000.00,19000000.00,18000000.00,24000000.00,17000000.00,22000000.00,24000000.00,15000000.00,15000000.00,13000000.00,2000000.00,5000000.00,9000000.00,7000000.00,7000000.00,8000000.00,8000000.00,18000000.00,14000000.00,14000000.00,16000000.00,15000000.00,14000000.00,33000000.00,55000000.00,35000000.00,35000000.00,39000000.00,38000000.00,28000000.00,23000000.00,23000000.00,,204000000.00,200000000.00,198000000.00,188000000.00,26000000.00,30000000.00,28000000.00,18000000.00,19000000.00,22000000.00,25000000.00,25000000.00,30000000.00,36000000.00,,,,,,,,,,,,,,,,,,,,,,,,,,,,,,,,,,,,,,,,,,,,,,,,,,,,,,,,,,,,,,,,,,,,,,,,,,,,,,,,,,,,,,,,,,,,,,,,
temporaryEquityRedeemableNoncontrollingInterests,,,,,,,,,,,,,,,,,,,,,0.00,0.00,0.00,0.00,0.00,0.00,0.00,0.00,0.00,0.00,0.00,0.00,0.00,0.00,0.00,0.00,0.00,0.00,0.00,0.00,0.00,0.00,0.00,,0.00,0.00,0.00,0.00,0.00,0.00,0.00,0.00,0.00,0.00,0.00,0.00,,0.00,,,,,,,,,,,,,,,,,,,,,,,,,,,,,,,,,,,,,,,,,,,,,,,,,,,,,,,,,,,,,,,,,,,,,,,,,,,,,,,,,,,,,,,,,,,,,,,,
accumulatedOtherComprehensiveIncome,-2611000000.00,-2433000000.00,-2463000000.00,-2509000000.00,-2212000000.00,-1965000000.00,-1789000000.00,-2172000000.00,-2076000000.00,-2121000000.00,-2278000000.00,-2604000000.00,-2749000000.00,-2705000000.00,-2764000000.00,-2405000000.00,-2395000000.00,-2130000000.00,-2242000000.00,-2106000000.00,-2032000000.00,-1911000000.00,-1451000000.00,-1637000000.00,-1843000000.00,-2141000000.00,-2574000000.00,-2598000000.00,-2190000000.00,-2138000000.00,-1947000000.00,-2146000000.00,-1862000000.00,-1705000000.00,-1879000000.00,-1241000000.00,-469000000.00,-70000000.00,-158000000.00,-57000000.00,-398000000.00,-638000000.00,-591000000.00,-450000000.00,-734000000.00,-907000000.00,-423000000.00,-563000000.00,-374000000.00,176000000.00,-152000000.00,-451000000.00,-375000000.00,-899000000.00,-512000000.00,-155000000.00,-155000000.00,-197000000.00,-355000000.00,-455000000.00,-252000000.00,86000000.00,957000000.00,835000000.00,468000000.00,389000000.00,181000000.00,523226000.00,521146000.00,299457000.00,214371000.00,-31554000.00,-36387000.00,78287000.00,36617000.00,201613000.00,391547000.00,54148000.00,82955000.00,138193000.00,62068000.00,-136047000.00,-166958000.00,-319779000.00,-264614000.00,-300891000.00,-248900000.00,-447894000.00,-441083000.00,-455574000.00,-464415000.00,-583742000.00,-352785000.00,-497162000.00,-447677000.00,-462035000.00,-336900000.00,-229500000.00,-260000000.00,-5495200000.00,-5495000000.00,-5353900000.00,-5117700000.00,-5014900000.00,-4705700000.00,-4567300000.00,-4466200000.00,-4372800000.00,-4034300000.00,-3938800000.00,-3869600000.00,-3774700000.00,-3703500000.00,-3615000000.00,-3546500000.00,-3419800000.00,-3289100000.00,-3223700000.00,-3122500000.00,-2786800000.00,-2786800000.00,-2786800000.00,-2786800000.00,-2488000000.00,-2488000000.00,-2488000000.00,-2488000000.00,-2136300000.00,-2136300000.00,-2136300000.00,-2136300000.00,-1845900000.00,-1845900000.00,-1845900000.00,-1845900000.00,-1449300000.00,-1449300000.00,-1449300000.00,-1449300000.00,,,,-1190700000.00,,,,-989300000.00,,,,-845300000.00,,,
additionalPaidInCapital,,,,,,,,,,,,,,,,,,,,,0.00,0.00,0.00,0.00,0.00,0.00,0.00,0.00,0.00,0.00,0.00,0.00,0.00,0.00,0.00,0.00,0.00,0.00,0.00,0.00,0.00,0.00,0.00,,0.00,0.00,0.00,0.00,0.00,0.00,0.00,0.00,0.00,0.00,0.00,0.00,,0.00,,,,,,,,,,,,,,,,,,,,,,,,,,,,,,,,,,,,,,,,,,,,,,,,,,,,,,,,,,,,,,,,,,,,,,,,,,,,,,,,,,,,,,,,,,,,,,,,
commonStockTotalEquity,,3128000000.00,3106000000.00,3147000000.00,3110000000.00,3066000000.00,3028000000.00,2994000000.00,2964000000.00,2941000000.00,2858000000.00,2824000000.00,2760000000.00,2705000000.00,2690000000.00,2655000000.00,2617000000.00,2588000000.00,2584000000.00,2560000000.00,2541000000.00,2489000000.00,2428000000.00,2398000000.00,2390000000.00,2376000000.00,2350000000.00,2327000000.00,2536000000.00,2714000000.00,2875000000.00,3180000000.00,3412000000.00,4017000000.00,4584000000.00,5115000000.00,5541000000.00,5692000000.00,5995000000.00,6136000000.00,6108000000.00,6150000000.00,6175000000.00,6134000000.00,6130000000.00,6102000000.00,6170000000.00,6218000000.00,6408000000.00,6636000000.00,5086000000.00,5095000000.00,5138000000.00,5151000000.00,5245000000.00,5234000000.00,5234000000.00,5219000000.00,,,,,,,,,,,,5511019000.00,5511019000.00,5471070000.00,5487332000.00,5430866000.00,5385840000.00,5492809000.00,5473767000.00,5448289000.00,5431510000.00,5411075000.00,5387460000.00,5378587000.00,5373005000.00,5369580000.00,5379026000.00,5399081000.00,5436151000.00,5454169000.00,5498356000.00,5605380000.00,5700741000.00,5251485000.00,5245409000.00,5238821000.00,5232597000.00,4958126000.00,5018300000.00,5043200000.00,5081300000.00,,,,,,,,,,,,,,,,,,,,,,,,,,,,,,,,,,,,,,,,,,,,,,,,,,,,,,,
preferredStockTotalEquity,,,,,,,,,,,,,,,,,,,,,0.00,0.00,0.00,0.00,0.00,0.00,0.00,0.00,0.00,0.00,0.00,0.00,0.00,0.00,0.00,0.00,0.00,0.00,0.00,0.00,0.00,0.00,0.00,,0.00,0.00,0.00,0.00,0.00,0.00,0.00,0.00,0.00,0.00,0.00,0.00,,0.00,,,,,,,,,,,,,,,,,,,,,,,,,,,,,,,,,,,,,,,,,,,,,,,,,,,,,,,,,,,,,,,,,,,,,,,,,,,,,,,,,,,,,,,,,,,,,,,,
retainedEarningsTotalEquity,,24244000000.00,24217000000.00,23646000000.00,23099000000.00,23292000000.00,22483000000.00,21655000000.00,21081000000.00,20762000000.00,20261000000.00,19780000000.00,19311000000.00,19293000000.00,19026000000.00,18958000000.00,18651000000.00,18497000000.00,18553000000.00,18527000000.00,18478000000.00,18132000000.00,17755000000.00,17552000000.00,17023000000.00,17176000000.00,17345000000.00,17444000000.00,17192000000.00,17079000000.00,16971000000.00,16865000000.00,16313000000.00,16232000000.00,16019000000.00,15701000000.00,15154000000.00,14562000000.00,14186000000.00,14077000000.00,13828000000.00,13478000000.00,13369000000.00,,12841000000.00,12774000000.00,12606000000.00,12322000000.00,12349000000.00,11996000000.00,11718000000.00,11242000000.00,10605000000.00,10357000000.00,10011000000.00,10011000000.00,9686000000.00,9185000000.00,,,,,,,,,,,,,,,,,,,,,,,,,,,,,,,,,,,,,,,,,,,,,,,,,,,,,,,,,,,,,,,,,,,,,,,,,,,,,,,,,,,,,,,,,,,,,,,,
treasuryStock,,,,,,,,,,,,,,,,,,,,,0.00,0.00,0.00,-5500000000.00,0.00,0.00,0.00,-5500000000.00,0.00,0.00,0.00,-4700000000.00,0.00,0.00,0.00,-2700000000.00,0.00,0.00,0.00,-1600000000.00,0.00,0.00,0.00,,0.00,-1600000000.00,0.00,0.00,0.00,-1100000000.00,0.00,0.00,0.00,-838000000.00,0.00,0.00,,0.00,-765000000.00,,,,-719000000.00,,,,-723000000.00,,,,,,,,,,,,,,,,,,,,,,,,,,,,,,,,,,,,,,,,,,,,,,,,,,,,,,,,,,,,,,,,,,,,,,,,,,,,,,,,,,,,,,,
accumulatedAmortization,,,,,,,,,,,,,,,,,,,,,,,,,,,,,,,,,,,,,,,,,,,,,,,,,,,,,,,,,,,,,,,,,,,,,,,,,,,,,,,,,,,,,,,,,,,,,,,,,,,,,,,,,,,,,,,,,,,,,,,,,,,,,,,,,,,,,,,,,,,,,,,,,,,,,,,,,,
nonCurrrentAssetsOther,1102000000.00,1128000000.00,936000000.00,2420000000.00,-285000000.00,-91000000.00,-138000000.00,2392000000.00,-49000000.00,831000000.00,-308000000.00,1054000000.00,823000000.00,699000000.00,682000000.00,1936000000.00,413000000.00,516000000.00,527000000.00,927000000.00,-35000000.00,-64000000.00,-178000000.00,802000000.00,-999000000.00,-856000000.00,-985000000.00,579000000.00,-996000000.00,-1037000000.00,-1220000000.00,447000000.00,-1304000000.00,-1213000000.00,-1218000000.00,379000000.00,-1098000000.00,-1038000000.00,-1041000000.00,478000000.00,-469000000.00,-566000000.00,-496000000.00,-662000000.00,-179000000.00,-249000000.00,-331000000.00,-360000000.00,-437000000.00,1283000000.00,176000000.00,128000000.00,339000000.00,702000000.00,196000000.00,621000000.00,637000000.00,290000000.00,1006000000.00,-48000000.00,624000000.00,677000000.00,3970000000.00,621000000.00,598000000.00,651000000.00,3669000000.00,4005235000.00,3855204000.00,3931062000.00,3827429000.00,3864986000.00,3783055000.00,3415553000.00,3377857000.00,3266841000.00,3572666000.00,3401534000.00,3437613000.00,3311775000.00,3235254000.00,2886887000.00,2947586000.00,2778537000.00,2833091000.00,2799419000.00,3162801000.00,3044813000.00,3160137000.00,1084433000.00,3269205000.00,3102682000.00,3239284000.00,3072205000.00,2983652000.00,2918976000.00,2895100000.00,2785700000.00,2673100000.00,2529000000.00,2720900000.00,2674600000.00,3059100000.00,2963600000.00,2963600000.00,2700000000.00,2361500000.00,2193800000.00,2193800000.00,2341500000.00,1950900000.00,1919500000.00,2103000000.00,2389900000.00,2282000000.00,2143400000.00,1807900000.00,1541300000.00,1297500000.00,1382600000.00,1418800000.00,1411600000.00,1267600000.00,1311600000.00,1279100000.00,1257100000.00,1251000000.00,1080500000.00,1037600000.00,973900000.00,1033400000.00,1117000000.00,1136100000.00,1053800000.00,1014400000.00,962200000.00,907400000.00,899100000.00,790300000.00,,,,617600000.00,,,,633900000.00,,,,489300000.00,,,
deferredLongTermAssetCharges,,,,,,,,,,,,,,,,,,,,,,,,,,,,,,,,,,,,,,,,,,,,,,,,,,,,,,,,,,,,,,,,,,,,,,,,,,,,,,,,,,,,,,,,,,,,,,,,,,,,,,,,,,,,,,,,,,,,,,,,,,,,,,,,,,,,,,,,,,,,,,,,,,,,,,,,,,
nonCurrentAssetsTotal,24571000000.00,24813000000.00,24477000000.00,24364000000.00,23735000000.00,24181000000.00,24413000000.00,24227000000.00,23008000000.00,22454000000.00,22194000000.00,22433000000.00,22029000000.00,22330000000.00,22249000000.00,22650000000.00,22626000000.00,23068000000.00,22889000000.00,20245000000.00,20199000000.00,20108000000.00,20194000000.00,20038000000.00,19829000000.00,19616000000.00,19144000000.00,18724000000.00,19310000000.00,19231000000.00,18711000000.00,18328000000.00,17832000000.00,17980000000.00,17819000000.00,17999000000.00,15182000000.00,15272000000.00,15218000000.00,15222000000.00,15358000000.00,15202000000.00,15361000000.00,15374000000.00,14599000000.00,14599000000.00,14643000000.00,14292000000.00,14169000000.00,14689000000.00,14511000000.00,14253000000.00,13950000000.00,13414000000.00,13126000000.00,13126000000.00,13141000000.00,12706000000.00,12177000000.00,11661000000.00,11797000000.00,11633000000.00,11601000000.00,11284000000.00,10830000000.00,10374000000.00,9996000000.00,10108058000.00,9852714000.00,9592813000.00,9442753000.00,9214111000.00,9064663000.00,9033723000.00,8887404000.00,8937201000.00,9291230000.00,9039070000.00,9029825000.00,8964322000.00,8910807000.00,8591125000.00,8761022000.00,8519801000.00,8536598000.00,8538959000.00,8053042000.00,7959236000.00,8115852000.00,8024190000.00,8189630000.00,8113294000.00,8363673000.00,8246808000.00,8260733000.00,8362528000.00,8411500000.00,8375700000.00,8240300000.00,8065200000.00,8257200000.00,8124400000.00,8381800000.00,8392100000.00,8392100000.00,7648800000.00,7070100000.00,6820100000.00,6820100000.00,6554600000.00,6065200000.00,5892100000.00,6009600000.00,6222200000.00,6044300000.00,5862400000.00,5413700000.00,5142400000.00,4836100000.00,4825300000.00,4774200000.00,4749100000.00,4482400000.00,4467100000.00,4433100000.00,4443200000.00,4311100000.00,4040100000.00,3943400000.00,3804600000.00,3729000000.00,3673600000.00,3595900000.00,3284300000.00,3146200000.00,3056700000.00,2788400000.00,2740400000.00,2622600000.00,,,,2278800000.00,,,,2112400000.00,,,,1804400000.00,,,
capitalLeaseObligations,1159000000.00,1155000000.00,1044000000.00,1108000000.00,1002000000.00,1020000000.00,1019000000.00,1042000000.00,1027000000.00,1068000000.00,1092000000.00,1124000000.00,251000000.00,239000000.00,218000000.00,215000000.00,186000000.00,,,,,,,,,,,,,,,,,,,,,,,,,,,,,,,,,,,,,,,,,,,,,,,,,,,,,,,,,,,,,,,,,,,,,,,,,,,,,,,,,,,,,,,,,,,,,,,,,,,,,,,,,,,,,,,,,,,,,,,,,,,,,,,,,,,,,,,,,
longTermDebtTotal,8224000000.00,8244000000.00,7745000000.00,8677000000.00,7671000000.00,8062000000.00,8752000000.00,8581000000.00,8039000000.00,8432000000.00,8437000000.00,7885000000.00,7922000000.00,8632000000.00,8613000000.00,7672000000.00,7631000000.00,7701000000.00,7675000000.00,7698000000.00,6730000000.00,5981000000.00,6657000000.00,6623000000.00,6595000000.00,6056000000.00,5956000000.00,6504000000.00,6594000000.00,5561000000.00,5851000000.00,5779000000.00,5829000000.00,5965000000.00,5575000000.00,5558000000.00,5346000000.00,5369000000.00,5353000000.00,5347000000.00,5364000000.00,5366000000.00,5374000000.00,,6547000000.00,6535000000.00,6543000000.00,6762000000.00,6678000000.00,8266000000.00,8350000000.00,6848000000.00,6834000000.00,6830000000.00,6910000000.00,6910000000.00,7398000000.00,7573000000.00,,,,,,,,,,,,,,,,,,,,,,,,,,,,,,,,,,,,,,,,,,,,,,,,,,,,,,,,,,,,,,,,,,,,,,,,,,,,,,,,,,,,,,,,,,,,,,,,
nonCurrentLiabilitiesOther,929000000.00,984000000.00,1768000000.00,1014000000.00,1739000000.00,1840000000.00,1970000000.00,1998000000.00,1358000000.00,1385000000.00,2201000000.00,2254000000.00,2196000000.00,2157000000.00,2071000000.00,2114000000.00,1903000000.00,1976000000.00,1906000000.00,1247000000.00,1275000000.00,1289000000.00,1325000000.00,1342000000.00,1117000000.00,1289000000.00,1235000000.00,1218000000.00,1284000000.00,1364000000.00,1429000000.00,1395000000.00,1362000000.00,1568000000.00,1534000000.00,1575000000.00,941000000.00,962000000.00,1093000000.00,1105000000.00,1483000000.00,2736000000.00,2734000000.00,,2210000000.00,2223000000.00,1097000000.00,863000000.00,1046000000.00,1012000000.00,1353000000.00,1249000000.00,1185000000.00,1075000000.00,986000000.00,986000000.00,1183000000.00,1182000000.00,,,,,,,,,,,,,,,,,,,,,,,,,,,,,,,,,,,,,,,,,,,,,,,,,,,,,,,,,,,,,,,,,,,,,,,,,,,,,,,,,,,,,,,,,,,,,,,,
nonCurrentLiabilitiesTotal,11408000000.00,11733000000.00,11827000000.00,11909000000.00,11049000000.00,11481000000.00,12326000000.00,11991000000.00,11507000000.00,11988000000.00,12023000000.00,11441000000.00,11462000000.00,12136000000.00,12031000000.00,10980000000.00,10836000000.00,10982000000.00,10831000000.00,10012000000.00,8970000000.00,8272000000.00,9019000000.00,9018000000.00,9466000000.00,8951000000.00,8873000000.00,9391000000.00,9520000000.00,8610000000.00,8901000000.00,8737000000.00,8869000000.00,9151000000.00,8723000000.00,8795000000.00,7809000000.00,7820000000.00,7926000000.00,7900000000.00,8129000000.00,8102000000.00,8108000000.00,9223000000.00,10435000000.00,10435000000.00,10313000000.00,10124000000.00,10209000000.00,10315000000.00,10396000000.00,8643000000.00,8762000000.00,8344000000.00,8321000000.00,8321000000.00,9134000000.00,9071000000.00,9201000000.00,9137000000.00,9106000000.00,9073000000.00,8945000000.00,7466000000.00,6605000000.00,6046000000.00,5997000000.00,6370511000.00,5290356000.00,5265588000.00,5297383000.00,5211998000.00,5251623000.00,5344540000.00,4797769000.00,4947813000.00,5050916000.00,4851233000.00,4920368000.00,5192909000.00,5090440000.00,4988104000.00,4966210000.00,4731563000.00,4693568000.00,4150257000.00,3942155000.00,4185191000.00,4134089000.00,4138688000.00,4141267000.00,4432078000.00,4119799000.00,4024899000.00,3979912000.00,3988077000.00,3998200000.00,3958500000.00,3949000000.00,3601800000.00,3676500000.00,3639000000.00,3611300000.00,3629300000.00,3629300000.00,3073800000.00,3055500000.00,3002400000.00,3002400000.00,2653300000.00,2671500000.00,2740600000.00,2733300000.00,2732800000.00,2730300000.00,2715400000.00,2656500000.00,2624800000.00,2574500000.00,2567000000.00,2556800000.00,2583400000.00,2560600000.00,2341700000.00,2095700000.00,2099100000.00,2095300000.00,1491400000.00,1494700000.00,1494400000.00,1481400000.00,1254900000.00,1237500000.00,1218400000.00,1200500000.00,1192900000.00,1115100000.00,1092000000.00,1076300000.00,,,,1057000000.00,,,,997100000.00,,,,876300000.00,,,
negativeGoodwill,,,,,,,,,,,,,,,,,,,,,,,,,,,,,,,,,,,,,,,,,,,,,,,,,,,,,,,,,,,,,,,,,,,,,,,,,,,,,,,,,,,,,,,,,,,,,,,,,,,,,,,,,,,,,,,,,,,,,,,,,,,,,,,,,,,,,,,,,,,,,,,,,,,,,,,,,,
warrants,,304000000.00,301000000.00,299000000.00,290000000.00,261000000.00,262000000.00,259000000.00,225000000.00,71000000.00,82000000.00,74000000.00,85000000.00,85000000.00,71000000.00,58000000.00,53000000.00,53000000.00,49000000.00,49000000.00,46000000.00,53000000.00,59000000.00,53000000.00,53000000.00,27000000.00,26000000.00,24000000.00,40000000.00,41000000.00,,,,,,,,,,,,,,,,,,,,,,,,,,,,,,,,,,,,,,,,,,,,,,,,,,,,,,,,,,,,,,,,,,,,,,,,,,,,,,,,,,,,,,,,,,,,,,,,,,,,,,,,,,,,,,,,,,,,,,,,,,,,
preferredStockRedeemable,,,,,,,,,,,,,,,,,,,,,,,,,,,,,,,,,,,,,,,,,,,,,,,,,,,,,,,,,,,,,,,,,,,,,,,,,,,,,,,,,,,,,,,,,,,,,,,,,,,,,,,,,,,,,,,,,,,,,,,,,,,,,,,,,,,,,,,,,,,,,,,,,,,,,,,,,,
capitalSurpluse,,,,,,,,,,,,,,,,,,,,,,,,,,,,,,,,,,,,,,,,,,,,,,,,,,,,,,,,,,,,,,,,,,,,,,,,,,,,,,,,,,,,,,,,,,,,,,,,,,,,,,,,,,,,,,,,,,,,,,,,,,,,,,,,,,,,,,,,,,,,,,,,,,,,,,,,,,
liabilitiesAndStockholdersEquity,37105000000.00,37137000000.00,38833000000.00,37028000000.00,58304000000.00,61828000000.00,64866000000.00,35716000000.00,52298000000.00,34951000000.00,35729000000.00,33581000000.00,31099000000.00,44341000000.00,48395000000.00,43997000000.00,41804000000.00,42616000000.00,43151000000.00,40833000000.00,39664000000.00,38755000000.00,41100000000.00,39963000000.00,38969000000.00,37817000000.00,39630000000.00,39769000000.00,39853000000.00,40098000000.00,39681000000.00,40157000000.00,40877000000.00,40568000000.00,41715000000.00,44027000000.00,41821000000.00,39930000000.00,41444000000.00,43750000000.00,41448000000.00,40238000000.00,43226000000.00,45136000000.00,30712000000.00,30712000000.00,30851000000.00,29123000000.00,29788000000.00,31028000000.00,32808000000.00,42610000000.00,25870000000.00,31548000000.00,32326000000.00,32326000000.00,24426000000.00,31861000000.00,31585000000.00,31975000000.00,33901000000.00,34707000000.00,37056000000.00,36513000000.00,33490000000.00,29392000000.00,25118000000.00,25351416000.00,25045614000.00,21972020000.00,21269030000.00,20546481000.00,20098708000.00,19852793000.00,18598105000.00,18981797000.00,19375223000.00,18893383000.00,19368821000.00,21112047000.00,19938630000.00,17686389000.00,17182879000.00,17554765000.00,17869478000.00,16888579000.00,15416273000.00,15318181000.00,15194587000.00,14591696000.00,14339931000.00,14154984000.00,15097847000.00,14436706000.00,14423100000.00,14628698000.00,14911300000.00,14679900000.00,14029900000.00,13945800000.00,14253500000.00,13851400000.00,13833500000.00,13688800000.00,13688800000.00,12022900000.00,11354400000.00,11634200000.00,11634200000.00,10784900000.00,10449900000.00,10402800000.00,10640400000.00,10134200000.00,9756900000.00,9939900000.00,9625000000.00,9267700000.00,8746900000.00,8748000000.00,8661600000.00,8451900000.00,8404100000.00,8269100000.00,7931400000.00,7861100000.00,7524500000.00,6992600000.00,6963600000.00,6826000000.00,6260600000.00,6022000000.00,6073000000.00,5918300000.00,5450000000.00,5523300000.00,5261600000.00,4988100000.00,4728300000.00,,,,4397600000.00,,,,3862100000.00,,,,3315400000.00,,,
cashAndShortTermInvestments,1498000000.00,1426000000.00,899000000.00,1037000000.00,1099000000.00,906000000.00,1079000000.00,943000000.00,1083000000.00,869000000.00,694000000.00,666000000.00,948000000.00,1203000000.00,4734000000.00,852000000.00,958000000.00,853000000.00,926000000.00,1997000000.00,915000000.00,851000000.00,797000000.00,804000000.00,779000000.00,670000000.00,748000000.00,619000000.00,957000000.00,730000000.00,1231000000.00,910000000.00,1137000000.00,1176000000.00,890000000.00,1099000000.00,4539000000.00,1996000000.00,1083000000.00,3121000000.00,3494000000.00,1848000000.00,1448000000.00,,1742000000.00,1467000000.00,1246000000.00,1458000000.00,1826000000.00,1354000000.00,4674000000.00,1159000000.00,1370000000.00,1440000000.00,2066000000.00,4567000000.00,1634000000.00,2798000000.00,3985000000.00,2607000000.00,3352000000.00,2985000000.00,1265000000.00,1732000000.00,1105000000.00,1121000000.00,663000000.00,896526000.00,822780000.00,958491000.00,1112853000.00,918228000.00,823866000.00,1154837000.00,1430421000.00,1663142000.00,1248635000.00,1418130000.00,1411646000.00,1686231000.00,1247952000.00,1364991000.00,1309628000.00,1391807000.00,1228652000.00,1223204000.00,978661000.00,1029817000.00,1027094000.00,676791000.00,817758000.00,857793000.00,941205000.00,911329000.00,931449000.00,867703000.00,992400000.00,1110200000.00,903600000.00,574000000.00,476400000.00,384000000.00,346300000.00,283400000.00,283400000.00,144800000.00,397800000.00,632500000.00,632500000.00,452900000.00,534700000.00,570200000.00,773900000.00,658800000.00,454600000.00,457400000.00,278400000.00,310600000.00,316400000.00,223900000.00,257800000.00,454300000.00,386500000.00,617800000.00,715400000.00,822500000.00,964400000.00,671000000.00,737000000.00,874400000.00,647600000.00,478900000.00,364600000.00,754500000.00,408400000.00,400500000.00,517800000.00,668900000.00,433600000.00,,,,644400000.00,,,,465100000.00,,,,595400000.00,,,
propertyPlantAndEquipmentGross,,27356000000.00,27111000000.00,26775000000.00,26194000000.00,26275000000.00,26348000000.00,26223000000.00,26161000000.00,10916000000.00,10870000000.00,11053000000.00,9816000000.00,9833000000.00,9883000000.00,10106000000.00,10101000000.00,10245000000.00,10299000000.00,9953000000.00,9885000000.00,9948000000.00,10123000000.00,10138000000.00,9956000000.00,9945000000.00,9771000000.00,9758000000.00,9853000000.00,9802000000.00,9891000000.00,9853000000.00,9900000000.00,9897000000.00,9833000000.00,9960000000.00,9995000000.00,10110000000.00,10102000000.00,10137000000.00,10125000000.00,10091000000.00,10122000000.00,10123000000.00,9883000000.00,9812000000.00,9800000000.00,9601000000.00,9655000000.00,9500000000.00,9315000000.00,9194000000.00,8908000000.00,8712000000.00,8642000000.00,8636000000.00,8636000000.00,8366000000.00,7950000000.00,7583000000.00,7412000000.00,7155000000.00,7125000000.00,6860000000.00,6574000000.00,6228000000.00,6010000000.00,5822959000.00,5697770000.00,5378873000.00,5293032000.00,5235524000.00,5170551000.00,5213529000.00,5184380000.00,5248860000.00,5272295000.00,5239996000.00,5254738000.00,5245672000.00,5332884000.00,5343025000.00,5468716000.00,5425935000.00,5402389000.00,5431791000.00,4890241000.00,4914423000.00,4955715000.00,5001460000.00,4920425000.00,5010612000.00,5124389000.00,5174603000.00,5277081000.00,5443552000.00,5516400000.00,5590000000.00,5567200000.00,5536200000.00,5536300000.00,5449800000.00,5322700000.00,5428500000.00,5153400000.00,4948800000.00,4708600000.00,4626300000.00,4296900000.00,4213100000.00,4114300000.00,3972600000.00,3906600000.00,3832300000.00,3762300000.00,3719000000.00,3605800000.00,3601100000.00,3538600000.00,3442700000.00,3355400000.00,3337500000.00,3214800000.00,3155500000.00,3154000000.00,3186100000.00,3060100000.00,2959600000.00,2905800000.00,2830700000.00,2695600000.00,2556600000.00,2459800000.00,2230500000.00,2131800000.00,2094500000.00,1881000000.00,1841300000.00,1832300000.00,,,,1661200000.00,,,,1478500000.00,,,,1315100000.00,,,
propertyPlantAndEquipmentNet,10218000000.00,10127000000.00,10071000000.00,9933000000.00,10588000000.00,10682000000.00,10793000000.00,9890000000.00,10853000000.00,9873000000.00,10870000000.00,9951000000.00,9816000000.00,9833000000.00,9883000000.00,10106000000.00,10101000000.00,10245000000.00,10299000000.00,9953000000.00,9885000000.00,9948000000.00,10123000000.00,10138000000.00,9956000000.00,9945000000.00,9771000000.00,9758000000.00,9853000000.00,9802000000.00,9891000000.00,9853000000.00,9900000000.00,9897000000.00,9833000000.00,9960000000.00,9995000000.00,10110000000.00,10102000000.00,10137000000.00,10125000000.00,10091000000.00,10122000000.00,,9812000000.00,9812000000.00,9800000000.00,9601000000.00,9655000000.00,9500000000.00,9315000000.00,9194000000.00,8908000000.00,8712000000.00,8642000000.00,,8636000000.00,8366000000.00,7950000000.00,7583000000.00,7412000000.00,7155000000.00,7125000000.00,6860000000.00,6574000000.00,6228000000.00,6010000000.00,5822959000.00,5697770000.00,5378873000.00,5293032000.00,5235524000.00,5170551000.00,5213529000.00,5184380000.00,5248860000.00,5272295000.00,5239996000.00,5254738000.00,5245672000.00,5332884000.00,5343025000.00,5468716000.00,5425935000.00,5402389000.00,5431791000.00,4890241000.00,4914423000.00,4955715000.00,5001460000.00,4920425000.00,5010612000.00,5124389000.00,5174603000.00,5277081000.00,5443552000.00,5516400000.00,5590000000.00,5567200000.00,5536200000.00,5536300000.00,5449800000.00,5322700000.00,5428500000.00,5428500000.00,4948800000.00,4708600000.00,4626300000.00,4626300000.00,4213100000.00,4114300000.00,3972600000.00,3906600000.00,3832300000.00,3762300000.00,3719000000.00,3605800000.00,3601100000.00,3538600000.00,3442700000.00,3355400000.00,3337500000.00,3214800000.00,3155500000.00,3154000000.00,3186100000.00,3060100000.00,2959600000.00,2905800000.00,2830700000.00,2695600000.00,2556600000.00,2459800000.00,2230500000.00,2131800000.00,2094500000.00,1881000000.00,1841300000.00,1832300000.00,,,,1661200000.00,,,,1478500000.00,,,,1315100000.00,,,
accumulatedDepreciation,,-17229000000.00,-17040000000.00,-16842000000.00,-16589000000.00,-16595000000.00,-16554000000.00,-16420000000.00,-16313000000.00,-16674000000.00,-16497000000.00,-16388000000.00,-16180000000.00,-16066000000.00,-15926000000.00,-15893000000.00,-15633000000.00,-15593000000.00,-15346000000.00,-15149000000.00,-14992000000.00,-14929000000.00,-14857000000.00,-14655000000.00,-14509000000.00,-14227000000.00,-13848000000.00,-13739000000.00,-13802000000.00,-13678000000.00,-13690000000.00,-13421000000.00,-13310000000.00,-13147000000.00,-12957000000.00,-13012000000.00,-13660000000.00,-13691000000.00,-13530000000.00,-13393000000.00,-13312000000.00,-13268000000.00,-13131000000.00,,-13088000000.00,-12878000000.00,-12839000000.00,-12302000000.00,-12202000000.00,-12228000000.00,-12034000000.00,-11968000000.00,-11637000000.00,-11292000000.00,-11365000000.00,-11365000000.00,-11323000000.00,,,,,,,,,,,,,,,,,,,,,,,,,,,,,,,,,,,,,,,,,,,,,,,,,,,,,,,,,,,,,,,,,,,,,,,,,,,,,,,,,,,,,,,,,,,,,,,,,
netWorkingCapital,12418000000.00,12199000000.00,12547000000.00,12161000000.00,11633000000.00,11987000000.00,11930000000.00,10531000000.00,10714000000.00,11208000000.00,10772000000.00,9104000000.00,8859000000.00,9202000000.00,8829000000.00,,,,,,,,,,,,,,,,,,,,,,,,,,,,,,,,,,,,,,,,,,,,,,,,,,,,,,,,,,,,,,,,,,,,,,,,,,,,,,,,,,,,,,,,,,,,,,,,,,,,,,,,,,,,,,,,,,,,,,,,,,,,,,,,,,,,,,,,,,,
netInvestedCapital,33606000000.00,33645000000.00,35703000000.00,33497000000.00,32737000000.00,35911000000.00,36794000000.00,9539000000.00,30903000000.00,31303000000.00,32041000000.00,29929000000.00,27455000000.00,28466000000.00,31455000000.00,,,,,,,,,,,,,,,,,,,,,,,,,,,,,,,,,,,,,,,,,,,,,,,,,,,,,,,,,,,,,,,,,,,,,,,,,,,,,,,,,,,,,,,,,,,,,,,,,,,,,,,,,,,,,,,,,,,,,,,,,,,,,,,,,,,,,,,,,,,
commonStockSharesOutstanding,540000000.00,546000000.00,551000000.00,554000000.00,563000000.00,568000000.00,568000000.00,566000000.00,566000000.00,566000000.00,564000000.00,563000000.00,562000000.00,562000000.00,564000000.00,563000000.00,563000000.00,566000000.00,566000000.00,567000000.00,568000000.00,567000000.00,565000000.00,565000000.00,569000000.00,574000000.00,579000000.00,583000000.00,589000000.00,594000000.00,597000000.00,603000000.00,615000000.00,627000000.00,639000000.00,649000000.00,653000000.00,659000000.00,663000000.00,663000000.00,664000000.00,663000000.00,662000000.00,661000000.00,661000000.00,661000000.00,663000000.00,667000000.00,674000000.00,676000000.00,684000000.00,641000000.00,641000000.00,641000000.00,645000000.00,,645000000.00,644000000.00,644000000.00,644000000.00,643000000.00,645000000.00,645000000.00,647000000.00,646000000.00,647000000.00,647000000.00,653000000.00,661000000.00,660863000.00,660863000.00,657130000.00,655508000.00,653805000.00,653805000.00,658904000.00,657120000.00,652325000.00,652325000.00,650962000.00,646845000.00,645132000.00,645132000.00,645445000.00,646178000.00,648066000.00,648066000.00,653586000.00,660285000.00,662613000.00,662613000.00,665541450.00,665072100.00,664211100.00,664211100.00,736896176.00,740261581.00,743223970.00,700643382.00,711355699.00,826006434.00,789719669.00,789719669.00,845829472.00,845829472.00,825288632.00,825288632.00,745878835.00,883536542.00,889697153.00,889697153.00,937549671.00,943547939.00,955430567.00,955430567.00,1024794052.00,1024625199.00,1535443459.00,1535443459.00,692051325.00,691629664.00,705575377.00,705575377.00,726411161.00,726061249.00,725281947.00,725281947.00,731891647.00,728938917.00,728203770.00,728203770.00,725958591.00,735962549.00,736751784.00,736751784.00,730883855.00,731234871.00,724184746.00,724184746.00,720936192.00,719994630.00,725911127.00,725911127.00,720086248.00,698963472.00,740816063.00,740816063.00,735931643.00,735931643.00,731609066.00,731609066.00,691678232.00,691678232.00,719205396.00
investments,-450000000.00,-283000000.00,-4000000.00,-452000000.00,-2000000.00,-22000000.00,-36000000.00,-31000000.00,1000000.00,-5000000.00,2000000.00,5000000.00,2149000000.00,401000000.00,2047000000.00,2002000000.00,2075000000.00,1849000000.00,1819000000.00,2408000000.00,1392000000.00,1492000000.00,2402000000.00,375000000.00,-128000000.00,33000000.00,-113000000.00,178000000.00,-192000000.00,-347000000.00,-43000000.00,37000000.00,-68000000.00,-35000000.00,101000000.00,-259000000.00,23000000.00,94000000.00,37000000.00,-342000000.00,-14000000.00,69000000.00,391000000.00,,-319000000.00,221000000.00,201000000.00,-105000000.00,300000000.00,188000000.00,-146000000.00,-144000000.00,-214000000.00,-153000000.00,-124000000.00,-124000000.00,141000000.00,57000000.00,,,,,,,,,,,,,,,,,,,,,,,,,,,,,,,,,,,,,,,,,,,,,,,,,,,,,,,,,,,,,,,,,,,,,,,,,,,,,,,,,,,,,,,,,,,,,,,,
changeToLiabilities,,-1691000000.00,-2853000000.00,141000000.00,138000000.00,-1662000000.00,3619000000.00,-170000000.00,1193000000.00,-582000000.00,-330000000.00,2296000000.00,1263000000.00,-1217000000.00,1039000000.00,1599000000.00,-8000000.00,-287000000.00,-456000000.00,539000000.00,433000000.00,-778000000.00,-768000000.00,1283000000.00,554000000.00,-1946000000.00,-447000000.00,629000000.00,304000000.00,-11000000.00,-779000000.00,422000000.00,1310000000.00,-1657000000.00,-1768000000.00,1660000000.00,2157000000.00,-1552000000.00,-989000000.00,1903000000.00,1034000000.00,-1663000000.00,-1083000000.00,,2519000000.00,-86000000.00,-1405000000.00,831000000.00,1124000000.00,-278000000.00,-1419000000.00,2060000000.00,1991000000.00,-811000000.00,-218000000.00,-218000000.00,899000000.00,-323000000.00,,773000000.00,1043000000.00,1371000000.00,1735000000.00,2089000000.00,1396000000.00,644000000.00,783000000.00,937866000.00,1155566000.00,72013000.00,644524000.00,813249000.00,756530000.00,338858000.00,,158126000.00,190488000.00,,667140000.00,792235000.00,930028000.00,326760000.00,266676000.00,523865000.00,797595000.00,475369000.00,481011000.00,634155000.00,668777000.00,227256000.00,,,358446000.00,223168000.00,191071000.00,215922000.00,,,,,,,,,,,,,,,,,,,,,,,,,,,,,,,,,,,,,,,,,,,,,,,,,,,,,,,,,,
totalCashflowsFromInvestingActivities,-1061000000.00,-283000000.00,-328000000.00,-1400000000.00,-301000000.00,-305000000.00,-342000000.00,-1382000000.00,-1287000000.00,-225000000.00,-169000000.00,-263000000.00,2555000000.00,320000000.00,1853000000.00,2008000000.00,1905000000.00,1617000000.00,-271000000.00,2007000000.00,1027000000.00,1368000000.00,2180000000.00,47000000.00,-367000000.00,-185000000.00,-381000000.00,20000000.00,-418000000.00,-365000000.00,-448000000.00,286000000.00,100000000.00,-146000000.00,-261000000.00,-2987000000.00,-163000000.00,-112000000.00,-145000000.00,-403000000.00,-232000000.00,-111000000.00,169000000.00,,-562000000.00,-25000000.00,-163000000.00,-685000000.00,-249000000.00,-88000000.00,-446000000.00,-639000000.00,-502000000.00,-452000000.00,-433000000.00,-433000000.00,-351000000.00,-429000000.00,,,,,,,,,,,,,,,,,,,,,,,,,,,,,,,,,,,,,,,,,,,,,,,,,,,,,,,,,,,,,,,,,,,,,,,,,,,,,,,,,,,,,,,,,,,,,,,,
netBorrowings,,-1837000000.00,1304000000.00,323000000.00,-2646000000.00,-1409000000.00,3574000000.00,639000000.00,-770000000.00,-1481000000.00,1322000000.00,1727000000.00,-1521000000.00,-3382000000.00,3668000000.00,-47000000.00,-456000000.00,-501000000.00,1305000000.00,557000000.00,242000000.00,-1283000000.00,1473000000.00,155000000.00,284000000.00,-318000000.00,261000000.00,-46000000.00,-312000000.00,753000000.00,693000000.00,-875000000.00,-151000000.00,523000000.00,743000000.00,-364000000.00,-54000000.00,-74000000.00,-1216000000.00,18000000.00,-704000000.00,-1353000000.00,-674000000.00,,138000000.00,29000000.00,1065000000.00,-412000000.00,-746000000.00,-3988000000.00,1539000000.00,3665000000.00,1312000000.00,125000000.00,-455000000.00,-455000000.00,-25000000.00,-141000000.00,,,,,,,,,,,,,,,,,,,,,,,,,,,,,,,,,,,,,,,,,,,,,,,,,,,,,,,,,,,,,,,,,,,,,,,,,,,,,,,,,,,,,,,,,,,,,,,,
totalCashFromFinancingActivities,-669000000.00,-2729000000.00,598000000.00,-135000000.00,-3855000000.00,-1827000000.00,3318000000.00,436000000.00,-978000000.00,-1653000000.00,1077000000.00,1520000000.00,-1715000000.00,-3570000000.00,3342000000.00,-230000000.00,-703000000.00,-792000000.00,1065000000.00,291000000.00,72000000.00,-1453000000.00,1277000000.00,-39000000.00,-50000000.00,-759000000.00,-180000000.00,-445000000.00,-737000000.00,382000000.00,221000000.00,-1479000000.00,-938000000.00,-239000000.00,7000000.00,-1113000000.00,-369000000.00,-682000000.00,-1535000000.00,-85000000.00,-885000000.00,-1480000000.00,-792000000.00,-1105000000.00,23000000.00,-163000000.00,900000000.00,-725000000.00,-1133000000.00,-2564000000.00,1444000000.00,3515000000.00,1189000000.00,-70000000.00,-620000000.00,-620000000.00,-110000000.00,-228000000.00,26000000.00,-381000000.00,-211000000.00,-2659000000.00,-92000000.00,1024000000.00,2422000000.00,1892000000.00,-1166407000.00,-56855000.00,740965000.00,84297000.00,-97502000.00,32002000.00,-156405000.00,504838000.00,-25052000.00,-518279000.00,-421920000.00,-877207000.00,-1065426000.00,659409000.00,869007000.00,-146646000.00,-653104000.00,-113814000.00,430860000.00,562853000.00,-219582000.00,-304384000.00,-67231000.00,-349926000.00,-193784000.00,-116686000.00,137908000.00,-302351000.00,-254404000.00,41364000.00,94100000.00,158800000.00,-220700000.00,37600000.00,145900000.00,-426600000.00,-38800000.00,-33300000.00,-33300000.00,221600000.00,-328500000.00,527400000.00,527400000.00,47000000.00,-130100000.00,-264000000.00,72900000.00,-3400000.00,-299600000.00,10300000.00,-100000.00,49900000.00,-440600000.00,-19400000.00,-42400000.00,50700000.00,175900000.00,225300000.00,-18300000.00,61200000.00,376700000.00,7700000.00,-102000000.00,71300000.00,223800000.00,-17400000.00,-16400000.00,50000000.00,-106800000.00,-7700000.00,-13000000.00,89800000.00,,,,,,,,,,,,,,,,
changeToOperatingActivities,,,,,-630000000.00,-1920000000.00,1241000000.00,-594000000.00,933000000.00,1125000000.00,1190000000.00,-2066000000.00,-1146000000.00,-1138000000.00,551000000.00,-2139000000.00,-1833000000.00,-1527000000.00,-2441000000.00,-1680000000.00,-1148000000.00,-1403000000.00,-2775000000.00,199000000.00,341000000.00,-55000000.00,-43000000.00,148000000.00,-86000000.00,-433000000.00,11000000.00,-1538000000.00,,,,636000000.00,,,,,,,,,,,,,,,,,,,,,,,,,,,,,,,,,,,,,,,,,,,,,,,,,,,,,,,,,,,,,,,,,,,,,,,,,,,,,,,,,,,,,,,,,,,,,,,,,,,,,,,,,,,,,,,,,,,,,,
changeInCash,-146000000.00,-500000000.00,-1346000000.00,-457000000.00,-133000000.00,-1601000000.00,1770000000.00,-204000000.00,975000000.00,831000000.00,1206000000.00,387000000.00,-240000000.00,-3031000000.00,4540000000.00,-35000000.00,276000000.00,147000000.00,-1241000000.00,1194000000.00,598000000.00,310000000.00,-117000000.00,64000000.00,1297000000.00,-39000000.00,-152000000.00,-13000000.00,367000000.00,-372000000.00,-204000000.00,190000000.00,-147000000.00,-23000000.00,-209000000.00,-3440000000.00,2909000000.00,547000000.00,-2038000000.00,-131000000.00,1404000000.00,400000000.00,-266000000.00,479000000.00,-56000000.00,473000000.00,-46000000.00,-456000000.00,705000000.00,-243000000.00,332000000.00,-336000000.00,-184000000.00,-613000000.00,342000000.00,342000000.00,-1073000000.00,1335000000.00,-1133000000.00,-60000000.00,-284000000.00,1722000000.00,-396000000.00,101000000.00,-16000000.00,458000000.00,-233526000.00,73746000.00,-135711000.00,-154362000.00,194625000.00,94362000.00,-330971000.00,632417000.00,-139463000.00,327564000.00,-172905000.00,-32983000.00,-264808000.00,267890000.00,-228857000.00,1023000.00,-485655000.00,187290000.00,-38363000.00,257500000.00,-67188000.00,32862000.00,350600000.00,-148173000.00,95503000.00,38857000.00,18556000.00,45944000.00,-17726000.00,-76648000.00,-145100000.00,35300000.00,107300000.00,97600000.00,92400000.00,37700000.00,62800000.00,-163900000.00,-163900000.00,-253000000.00,-234700000.00,295200000.00,295200000.00,-81800000.00,-35500000.00,-203700000.00,115100000.00,204200000.00,-2800000.00,179000000.00,-32100000.00,-5900000.00,92500000.00,-33800000.00,-196600000.00,67800000.00,-231400000.00,-97500000.00,-107200000.00,-141800000.00,293300000.00,-66000000.00,-137400000.00,226800000.00,168800000.00,114400000.00,-390000000.00,346100000.00,7800000.00,-117300000.00,-151100000.00,235400000.00,,,,,,,,,,,,,,,,
beginPeriodCashFlow,5187000000.00,5687000000.00,7033000000.00,7490000000.00,7623000000.00,9224000000.00,7454000000.00,7658000000.00,6683000000.00,5852000000.00,4646000000.00,4259000000.00,4499000000.00,7530000000.00,2990000000.00,3025000000.00,2749000000.00,2602000000.00,3843000000.00,2649000000.00,2051000000.00,1741000000.00,1858000000.00,1794000000.00,497000000.00,536000000.00,688000000.00,701000000.00,334000000.00,706000000.00,910000000.00,720000000.00,867000000.00,890000000.00,1099000000.00,4539000000.00,1630000000.00,1083000000.00,3121000000.00,3252000000.00,1848000000.00,1448000000.00,1714000000.00,1235000000.00,1291000000.00,818000000.00,864000000.00,1320000000.00,615000000.00,858000000.00,526000000.00,862000000.00,1046000000.00,1659000000.00,1317000000.00,1317000000.00,2390000000.00,1055000000.00,2188000000.00,2248000000.00,2532000000.00,810000000.00,1206000000.00,1105000000.00,1121000000.00,663000000.00,896526000.00,822780000.00,958491000.00,1112853000.00,918228000.00,823866000.00,1154837000.00,522420000.00,661883000.00,334319000.00,507224000.00,540207000.00,805015000.00,537125000.00,765982000.00,764959000.00,1250614000.00,1063324000.00,1101687000.00,844187000.00,911375000.00,878513000.00,527913000.00,676086000.00,580583000.00,541726000.00,523170000.00,477226000.00,494952000.00,571600000.00,716700000.00,681400000.00,574100000.00,92400000.00,346300000.00,346300000.00,283500000.00,447400000.00,447400000.00,397800000.00,632500000.00,337300000.00,337300000.00,534700000.00,570200000.00,773900000.00,658800000.00,454600000.00,457400000.00,278400000.00,310500000.00,316400000.00,,,454300000.00,386500000.00,,,822600000.00,964400000.00,,,874400000.00,647600000.00,114400000.00,,754500000.00,408400000.00,,,669000000.00,433600000.00,,,,,,,,,,,,,,,,
endPeriodCashFlow,5041000000.00,5187000000.00,5687000000.00,7033000000.00,7490000000.00,7623000000.00,9224000000.00,7454000000.00,7658000000.00,6683000000.00,5852000000.00,4646000000.00,4259000000.00,4499000000.00,7530000000.00,2990000000.00,3025000000.00,2749000000.00,2602000000.00,3843000000.00,2649000000.00,2051000000.00,1741000000.00,1858000000.00,1794000000.00,497000000.00,536000000.00,688000000.00,701000000.00,334000000.00,706000000.00,910000000.00,720000000.00,867000000.00,890000000.00,1099000000.00,4539000000.00,1630000000.00,1083000000.00,3121000000.00,3252000000.00,1848000000.00,1448000000.00,1714000000.00,1235000000.00,1291000000.00,818000000.00,864000000.00,1320000000.00,615000000.00,858000000.00,526000000.00,862000000.00,1046000000.00,1659000000.00,1317000000.00,1317000000.00,2390000000.00,1055000000.00,2188000000.00,2248000000.00,2532000000.00,810000000.00,1206000000.00,1105000000.00,1121000000.00,663000000.00,896526000.00,822780000.00,958491000.00,1112853000.00,918228000.00,823866000.00,1154837000.00,522420000.00,661883000.00,334319000.00,507224000.00,540207000.00,805015000.00,537125000.00,765982000.00,764959000.00,1250614000.00,1063324000.00,1101687000.00,844187000.00,911375000.00,878513000.00,527913000.00,676086000.00,580583000.00,541726000.00,523170000.00,477226000.00,494952000.00,571600000.00,716700000.00,681400000.00,97600000.00,92400000.00,384000000.00,346300000.00,283500000.00,283500000.00,144800000.00,397800000.00,632500000.00,632500000.00,452900000.00,534700000.00,570200000.00,773900000.00,658800000.00,454600000.00,457400000.00,278400000.00,310500000.00,92500000.00,-33800000.00,-196600000.00,454300000.00,-231400000.00,-97500000.00,-107200000.00,822600000.00,293300000.00,-66000000.00,-137400000.00,874400000.00,168800000.00,114400000.00,-390000000.00,754500000.00,7800000.00,-117300000.00,-151100000.00,669000000.00,,,,,,,,,,,,,,,,
totalCashFromOperatingActivities,992000000.00,2509000000.00,-1610000000.00,130000000.00,4023000000.00,531000000.00,-1206000000.00,742000000.00,2846000000.00,2709000000.00,298000000.00,-870000000.00,-1080000000.00,219000000.00,-655000000.00,-1813000000.00,-926000000.00,-678000000.00,-2035000000.00,-1104000000.00,-501000000.00,395000000.00,-3574000000.00,56000000.00,841000000.00,905000000.00,409000000.00,319000000.00,1522000000.00,-389000000.00,23000000.00,1383000000.00,691000000.00,362000000.00,45000000.00,619000000.00,3441000000.00,1341000000.00,-358000000.00,357000000.00,2521000000.00,1991000000.00,357000000.00,1995000000.00,483000000.00,661000000.00,-783000000.00,954000000.00,2087000000.00,2409000000.00,-666000000.00,-3212000000.00,-871000000.00,-91000000.00,1395000000.00,1395000000.00,-612000000.00,1992000000.00,-510000000.00,-14000000.00,1185000000.00,4680000000.00,-37000000.00,-241000000.00,-1716000000.00,-1210000000.00,337295000.00,261943000.00,-373713000.00,77475000.00,476361000.00,155481000.00,339169000.00,405030000.00,82427000.00,700870000.00,343663000.00,999219000.00,931980000.00,-422535000.00,-648054000.00,171948000.00,593354000.00,556352000.00,-260051000.00,191382000.00,317150000.00,335634000.00,639817000.00,223987000.00,356580000.00,109548000.00,10958000.00,387093000.00,425736000.00,-40000.00,94800000.00,294900000.00,469600000.00,224100000.00,74600000.00,451500000.00,368500000.00,89600000.00,89600000.00,313800000.00,498100000.00,-12900000.00,-12900000.00,556800000.00,567300000.00,284400000.00,-223800000.00,226000000.00,480700000.00,302200000.00,-19500000.00,427800000.00,398500000.00,70700000.00,-150700000.00,311900000.00,251500000.00,282600000.00,34400000.00,105300000.00,368400000.00,155800000.00,-21100000.00,365800000.00,134300000.00,344200000.00,-24400000.00,224300000.00,335200000.00,163600000.00,-57700000.00,269700000.00,,,,,,,,,,,,,,,,
issuanceOfCapitalStock,,,,,,,,,,,,,,,,,,,,,,,,,,,,,,,,,,,,,,,,,,,,,,,,,,,,,,,,,,,,,,,,,,,,,,,,,,,,,,,,,,,,,,,,,,,,,,,,,,,,,,,,,,,,,,,,,,,,,,,,,,,,,,,,,,,,,,,,,,,,,,,,,,,,,,,,,,
depreciation,261000000.00,262000000.00,259000000.00,254000000.00,260000000.00,257000000.00,257000000.00,257000000.00,247000000.00,243000000.00,249000000.00,249000000.00,238000000.00,244000000.00,245000000.00,251000000.00,249000000.00,248000000.00,245000000.00,235000000.00,232000000.00,239000000.00,235000000.00,240000000.00,232000000.00,227000000.00,225000000.00,222000000.00,226000000.00,221000000.00,231000000.00,224000000.00,217000000.00,225000000.00,216000000.00,248000000.00,214000000.00,213000000.00,219000000.00,228000000.00,227000000.00,227000000.00,227000000.00,218000000.00,217000000.00,220000000.00,214000000.00,207000000.00,207000000.00,212000000.00,202000000.00,211000000.00,252000000.00,239000000.00,242000000.00,242000000.00,235000000.00,196000000.00,191000000.00,182000000.00,180000000.00,177000000.00,181000000.00,180000000.00,175000000.00,185000000.00,181224000.00,174847000.00,173804000.00,171125000.00,165934000.00,163515000.00,163092000.00,164173000.00,157053000.00,170513000.00,169639000.00,167447000.00,176565000.00,172415000.00,173764000.00,167114000.00,172995000.00,163539000.00,163292000.00,148900000.00,149510000.00,154716000.00,155527000.00,154317000.00,152618000.00,152426000.00,157782000.00,159148000.00,160556000.00,163383000.00,164900000.00,158800000.00,160200000.00,159000000.00,154600000.00,148400000.00,161800000.00,140700000.00,140700000.00,125300000.00,128500000.00,117800000.00,117800000.00,113100000.00,111500000.00,100900000.00,104200000.00,102600000.00,100600000.00,103400000.00,107700000.00,95100000.00,93200000.00,90200000.00,86600000.00,84500000.00,84900000.00,82800000.00,79600000.00,81200000.00,80600000.00,73000000.00,72000000.00,68100000.00,70300000.00,64600000.00,57500000.00,69000000.00,66100000.00,61900000.00,61900000.00,58200000.00,,,,,,,,,,,,,,,,
otherCashflowsFromInvestingActivities,-6000000.00,11000000.00,3000000.00,-81000000.00,42000000.00,-7000000.00,-89000000.00,-5000000.00,-573000000.00,-6000000.00,3000000.00,-3000000.00,604000000.00,85000000.00,1000000.00,268000000.00,13000000.00,-47000000.00,-1892000000.00,-114000000.00,-189000000.00,15000000.00,18000000.00,25000000.00,5000000.00,34000000.00,-68000000.00,103000000.00,-1000000.00,198000000.00,-225000000.00,555000000.00,447000000.00,185000000.00,-118000000.00,-2439000000.00,21000000.00,4000000.00,6000000.00,193000000.00,-1000000.00,14000000.00,26000000.00,,9000000.00,38000000.00,-23000000.00,-171000000.00,-106000000.00,58000000.00,-32000000.00,-185000000.00,47000000.00,78000000.00,-18000000.00,-18000000.00,-50000000.00,11000000.00,254000000.00,310000000.00,273000000.00,243000000.00,6000000.00,19000000.00,11000000.00,11000000.00,382000000.00,6704000.00,,8204000.00,,,,6042000.00,16364000.00,18567000.00,18818000.00,17688000.00,32098000.00,28078000.00,26045000.00,23827000.00,25353000.00,21733000.00,7605000.00,17454000.00,404000.00,1928000.00,5358000.00,2775000.00,,,,,,,,,,,,,,,,,,,,,,,,,,,,,,,,,,,,,,,,,,,,,,,,,,,,,,,,,,,,,,,,
dividendsPaid,-244000000.00,-246000000.00,-248000000.00,-222000000.00,224000000.00,227000000.00,226000000.00,208000000.00,209000000.00,209000000.00,208000000.00,202000000.00,202000000.00,202000000.00,203000000.00,197000000.00,197000000.00,197000000.00,198000000.00,190000000.00,189000000.00,189000000.00,190000000.00,186000000.00,180000000.00,181000000.00,183000000.00,173000000.00,175000000.00,176000000.00,177000000.00,167000000.00,170000000.00,173000000.00,177000000.00,154000000.00,155000000.00,157000000.00,158000000.00,125000000.00,126000000.00,125000000.00,125000000.00,115000000.00,115000000.00,116000000.00,115000000.00,117000000.00,107000000.00,102000000.00,101000000.00,96000000.00,96000000.00,96000000.00,96000000.00,96000000.00,90000000.00,90000000.00,90000000.00,90000000.00,83000000.00,84000000.00,84000000.00,84000000.00,74000000.00,74000000.00,74457000.00,75090000.00,65744000.00,65709000.00,65562000.00,65412000.00,55530000.00,55491000.00,55458000.00,55792000.00,49146000.00,49029000.00,47494000.00,48816000.00,38957000.00,38842000.00,38809000.00,38881000.00,38851000.00,39024000.00,32662000.00,32711000.00,33075000.00,31552000.00,31266000.00,31675000.00,31687000.00,30425000.00,30129000.00,30418000.00,30400000.00,29500000.00,22300000.00,27600000.00,28500000.00,28400000.00,26900000.00,28300000.00,28300000.00,25600000.00,25600000.00,26200000.00,26200000.00,25900000.00,24700000.00,22900000.00,24400000.00,12400000.00,12200000.00,12200000.00,12400000.00,8400000.00,7600000.00,7900000.00,8300000.00,8500000.00,7000000.00,8000000.00,6500000.00,7700000.00,7700000.00,7500000.00,7300000.00,7500000.00,7300000.00,7400000.00,7400000.00,7400000.00,14000000.00,100000.00,7400000.00,4100000.00,,,,,,,,,,,,,,,,
changeToInventory,584000000.00,2865000000.00,52000000.00,-885000000.00,939000000.00,2532000000.00,-2881000000.00,-3244000000.00,182000000.00,1361000000.00,-1138000000.00,-2796000000.00,-1069000000.00,1257000000.00,182000000.00,-1015000000.00,142000000.00,686000000.00,166000000.00,-352000000.00,-578000000.00,1756000000.00,-600000000.00,-840000000.00,-426000000.00,907000000.00,222000000.00,-1707000000.00,770000000.00,-123000000.00,406000000.00,-815000000.00,353000000.00,595000000.00,739000000.00,-1907000000.00,780000000.00,2373000000.00,28000000.00,-2247000000.00,1161000000.00,2241000000.00,1386000000.00,1415000000.00,-1415000000.00,837000000.00,-629000000.00,-1289000000.00,809000000.00,1709000000.00,-501000000.00,-3463000000.00,-1157000000.00,407000000.00,723000000.00,723000000.00,-2009000000.00,735000000.00,-394000000.00,-565000000.00,1133000000.00,1725000000.00,-74000000.00,-522000000.00,-2126000000.00,-1858000000.00,703254000.00,-292632000.00,-1205026000.00,-420596000.00,-80731000.00,-26718000.00,-376026000.00,-117113000.00,62510000.00,251729000.00,-301416000.00,812663000.00,1034693000.00,-623727000.00,-1129664000.00,-232094000.00,492450000.00,351048000.00,-743814000.00,-300076000.00,251408000.00,149099000.00,-408055000.00,-64960000.00,103237000.00,437739000.00,-403756000.00,92069000.00,218283000.00,-40505000.00,-262900000.00,-75300000.00,262700000.00,105800000.00,-371500000.00,-76800000.00,-36700000.00,21700000.00,21700000.00,144600000.00,373600000.00,55200000.00,55200000.00,223700000.00,322800000.00,248200000.00,-763600000.00,-127900000.00,299200000.00,112600000.00,-553500000.00,100100000.00,351200000.00,16500000.00,-725300000.00,185000000.00,172600000.00,123200000.00,-318200000.00,-47500000.00,183800000.00,8700000.00,-268300000.00,-16600000.00,94100000.00,224100000.00,-299900000.00,-93600000.00,108700000.00,162100000.00,-376100000.00,168500000.00,,,,,,,,,,,,,,,,
changeToAccountReceivables,-403000000.00,358000000.00,488000000.00,-69000000.00,542000000.00,-1218000000.00,-937000000.00,482000000.00,-350000000.00,-195000000.00,-515000000.00,194000000.00,21000000.00,-113000000.00,-251000000.00,11000000.00,147000000.00,95000000.00,34000000.00,-314000000.00,-32000000.00,155000000.00,-185000000.00,-33000000.00,-172000000.00,109000000.00,169000000.00,303000000.00,14000000.00,-305000000.00,-172000000.00,418000000.00,72000000.00,-127000000.00,550000000.00,-532000000.00,1853000000.00,-1329000000.00,433000000.00,204000000.00,189000000.00,49000000.00,-146000000.00,-472000000.00,472000000.00,-455000000.00,2170000000.00,0.00,-874000000.00,740000000.00,0.00,0.00,-1685000000.00,740000000.00,687000000.00,0.00,-499000000.00,713000000.00,3680000000.00,445000000.00,,652000000.00,-1975000000.00,,,-814000000.00,,,,,,,7612000.00,15552000.00,,,,,,,,-185093000.00,,,,,,88664000.00,58135000.00,,,,,,,,,,,,,,,,,,,,,,,,,,,,,,,,,,,,,,,,,,,,,,,,,,,,,,,,,,,,,,,,,
salePurchaseOfStock,-117000000.00,-650000000.00,-351000000.00,-250000000.00,-1000000000.00,-200000000.00,,0.00,0.00,0.00,0.00,-16000000.00,-5000000.00,-112000000.00,-112000000.00,56000000.00,-56000000.00,-94000000.00,,-77000000.00,0.00,0.00,0.00,-74000000.00,-165000000.00,-263000000.00,-248000000.00,-246000000.00,-267000000.00,-191000000.00,-296000000.00,-252000000.00,-624000000.00,-598000000.00,-566000000.00,-481000000.00,-209000000.00,-318000000.00,-175000000.00,-6000000.00,-84000000.00,-11000000.00,0.00,,0.00,-44000000.00,-56000000.00,-187000000.00,-240000000.00,-207000000.00,-8000000.00,-55000000.00,-31000000.00,-100000000.00,0.00,0.00,,0.00,100000000.00,,,-100000000.00,61000000.00,,-1000000.00,-60000000.00,299311000.00,-696327000.00,-135930000.00,-54000.00,-1511000.00,-45000.00,-11000.00,-18000.00,-135598000.00,-3469000.00,-29000.00,-16000.00,-30000.00,-103000.00,-11000.00,-3969000.00,-4432000.00,-15538000.00,-27061000.00,-54181000.00,-27557000.00,-27455000.00,-118690000.00,-10817000.00,-45430000.00,,,-17502000.00,-14841000.00,-71170000.00,-61500000.00,-63400000.00,-79800000.00,-96600000.00,-39900000.00,-97500000.00,-39100000.00,,-11700000.00,-30400000.00,-114000000.00,-135300000.00,-135300000.00,-41000000.00,-35900000.00,-36200000.00,-141500000.00,-46400000.00,-170400000.00,-5300000.00,,,,,,,,,,,,,,,,,,,,,,,,,,,,,,,,,,,,,,
otherCashflowsFromFinancingActivities,1000000.00,4000000.00,1199000000.00,1323000000.00,-2149000000.00,-186000000.00,3544000000.00,645000000.00,-238000000.00,-1442000000.00,1285000000.00,11000000.00,13000000.00,-2844000000.00,-11000000.00,14000000.00,6000000.00,12000000.00,1267000000.00,1000000.00,268000000.00,-1259000000.00,1468000000.00,76000000.00,11000000.00,3000000.00,-10000000.00,20000000.00,17000000.00,-4000000.00,1000000.00,-185000000.00,7000000.00,9000000.00,7000000.00,8000000.00,49000000.00,-133000000.00,14000000.00,28000000.00,29000000.00,9000000.00,-417000000.00,-2402000000.00,1550000000.00,4000000.00,6000000.00,-9000000.00,-40000000.00,1754000000.00,14000000.00,1000000.00,4000000.00,167000000.00,-65000000.00,-69000000.00,15000000.00,3000000.00,3076000000.00,-291000000.00,-128000000.00,-2475000000.00,-69000000.00,1108000000.00,2497000000.00,2026000000.00,-293588000.00,714562000.00,942639000.00,150060000.00,-30429000.00,89477000.00,-103185000.00,552522000.00,161310000.00,-468268000.00,-384357000.00,-833507000.00,-1017902000.00,708328000.00,907975000.00,-103835000.00,-609863000.00,-59395000.00,496772000.00,656058000.00,-159363000.00,-244218000.00,84534000.00,-307557000.00,-117088000.00,-85011000.00,169595000.00,-254424000.00,-209434000.00,142952000.00,186000000.00,251700000.00,-118600000.00,161800000.00,214300000.00,-300700000.00,27200000.00,-5000000.00,-5000000.00,277600000.00,-188900000.00,688900000.00,688900000.00,113900000.00,-69500000.00,-204900000.00,238800000.00,55400000.00,-117000000.00,27800000.00,12300000.00,58300000.00,-433000000.00,-11500000.00,-34100000.00,59200000.00,182900000.00,233300000.00,-11800000.00,68900000.00,384400000.00,15200000.00,-94700000.00,78800000.00,231100000.00,-10000000.00,-9000000.00,57400000.00,-92800000.00,-7600000.00,-5600000.00,93900000.00,,,,,,,,,,,,,,,,
changeToNetincome,,27000000.00,-17000000.00,-481000000.00,103000000.00,182000000.00,12000000.00,-188000000.00,115000000.00,45000000.00,158000000.00,-90000000.00,108000000.00,-25000000.00,285000000.00,-252000000.00,29000000.00,50000000.00,64000000.00,177000000.00,-79000000.00,-181000000.00,-27000000.00,-661000000.00,200000000.00,-35000000.00,-71000000.00,47000000.00,93000000.00,-74000000.00,71000000.00,131000000.00,74000000.00,55000000.00,-72000000.00,-19000000.00,68000000.00,8000000.00,-164000000.00,257000000.00,21000000.00,-103000000.00,-155000000.00,,210000000.00,113000000.00,-123000000.00,311000000.00,72000000.00,-10000000.00,23000000.00,115000000.00,-134000000.00,-103000000.00,-62000000.00,-62000000.00,90000000.00,-95000000.00,,,,,,,,,,,,,,,,,,,,,,,,,,,,,,,,,,,,,,,,,,,,,,,,,,,,,,,,,,,,,,,,,,,,,,,,,,,,,,,,,,,,,,,,,,,,,,,,
capitalExpenditures,441000000,287000000,327000000,478000000,341000000,283000000,217000000,455000000,287000000,253000000,174000000,265000000,198000000,166000000,194000000,262000000,183000000,185000000,198000000,287000000,176000000,183000000,196000000,353000000,244000000,252000000,200000000,261000000,225000000,216000000,180000000,306000000,279000000,296000000,244000000,289000000,207000000,210000000,188000000,254000000,217000000,194000000,248000000,252000000,252000000,284000000,341000000,409000000,443000000,334000000,268000000,310000000,335000000,377000000,291000000,291000000,442000000,497000000,436000000,393000000,586000000,483000000,467000000,416000000,537000000,359000000,354408000,283557000,308518000,251517000,228515000,215044000,161028000,157422000,172596000,166937000,142293000,141993000,143485000,115055000,156431000,94266000,106738000,113772000,98714000,100652000,105534000,20364000,158593000,65146000,60027000,65597000,70804000,76740000,86185000,80752000,113100000,148700000,194000000,193400000,200400000,219700000,196100000,557100000,557100000,190600000,189000000,146200000,146200000,227900000,231900000,167900000,178100000,176400000,107500000,132500000,172200000,146400000,159900000,121900000,116500000,116100000,95200000,90800000,98600000,109800000,127200000,120800000,120100000,111400000,154000000,114400000,98800000,100500000,94600000,99900000,71800000,61100000,,,,,,,,,,,,,,,,
changeReceivables,,358000000.00,488000000.00,-69000000.00,542000000.00,-1218000000.00,-937000000.00,482000000.00,-350000000.00,-195000000.00,-515000000.00,194000000.00,21000000.00,-113000000.00,-251000000.00,11000000.00,147000000.00,95000000.00,34000000.00,-314000000.00,-32000000.00,155000000.00,-185000000.00,-33000000.00,-172000000.00,109000000.00,169000000.00,303000000.00,14000000.00,-305000000.00,-172000000.00,418000000.00,72000000.00,-127000000.00,550000000.00,-532000000.00,1853000000.00,-1329000000.00,433000000.00,204000000.00,189000000.00,49000000.00,-146000000.00,,472000000.00,-455000000.00,2170000000.00,133000000.00,-874000000.00,708000000.00,435000000.00,-2340000000.00,-1685000000.00,-488000000.00,1014000000.00,1014000000.00,-499000000.00,713000000.00,,,,,,,,,,,,,,,,,,,,,,,,,,,,,,,,,,,,,,,,,,,,,,,,,,,,,,,,,,,,,,,,,,,,,,,,,,,,,,,,,,,,,,,,,,,,,,,,
cashFlowsOtherOperating,,-240000000.00,-711000000.00,146000000.00,1004000000.00,-800000000.00,-2340000000.00,-456000000.00,466000000.00,392000000.00,1181000000.00,-1416000000.00,-1867000000.00,-399000000.00,-2546000000.00,-2906000000.00,-1893000000.00,-1708000000.00,-2322000000.00,-1706000000.00,-1013000000.00,-1362000000.00,-2625000000.00,-725000000.00,258000000.00,1368000000.00,-29000000.00,399000000.00,-229000000.00,-385000000.00,36000000.00,286000000.00,-1588000000.00,888000000.00,-113000000.00,383000000.00,-2379000000.00,1096000000.00,-153000000.00,-365000000.00,-592000000.00,1014000000.00,-142000000.00,,-1704000000.00,-285000000.00,-1415000000.00,678000000.00,288000000.00,-311000000.00,26000000.00,-524000000.00,-480000000.00,220000000.00,-720000000.00,-720000000.00,111000000.00,269000000.00,,,,,,,,,,,,,,,,,,,,,,,,,,,,,,,,,,,,,,,,,,,,,,,,,,,,,,,,,,,,,,,,,,,,,,,,,,,,,,,,,,,,,,,,,,,,,,,,
exchangeRateChanges,,,,,,,,,,,,,,,,,,,,,,,,,,,,,,,,,,,,,,,,,,,,,,,,,,,,,,,,,,,,,,,,,,,,,,,,,,,,,,,,,,,,,,,,,,,,,,,,,,,,,,,,,,,,,,,,,,,,,,,,,,,,,,,,,,,,,,,,,,,,,,,,,,,,,,,,,,
cashAndCashEquivalentsChanges,,-503000000.00,-1340000000.00,-457000000.00,-133000000.00,-1601000000.00,1770000000.00,-204000000.00,975000000.00,831000000.00,1206000000.00,387000000.00,-240000000.00,-3031000000.00,4540000000.00,-35000000.00,276000000.00,147000000.00,-1241000000.00,1194000000.00,598000000.00,310000000.00,-117000000.00,64000000.00,424000000.00,-39000000.00,-152000000.00,-106000000.00,367000000.00,-372000000.00,-204000000.00,190000000.00,-147000000.00,-23000000.00,-209000000.00,-3440000000.00,2909000000.00,547000000.00,-2038000000.00,-131000000.00,1404000000.00,400000000.00,-266000000.00,,-56000000.00,473000000.00,-46000000.00,-456000000.00,705000000.00,-243000000.00,332000000.00,-336000000.00,-184000000.00,-613000000.00,342000000.00,342000000.00,-1073000000.00,1335000000.00,,,,,,,,,,,,,,,,,,,,,,,,,,,,,,,,,,,,,,,,,,,,,,,,,,,,,,,,,,,,,,,,,,,,,,,,,,,,,,,,,,,,,,,,,,,,,,,,
changeInWorkingCapital,-322000000.00,1329000000.00,-2920000000.00,-480000000.00,2584000000.00,-1071000000.00,-2822000000.00,-109000000.00,1958000000.00,1709000000.00,-904000000.00,-1704000000.00,-1764000000.00,-553000000.00,-1494000000.00,-2399000000.00,-1610000000.00,-1228000000.00,-2501000000.00,-1870000000.00,-1269000000.00,-190000000.00,-4127000000.00,-239000000.00,241000000.00,413000000.00,-99000000.00,-180000000.00,999000000.00,-870000000.00,-534000000.00,638000000.00,398000000.00,-255000000.00,-532000000.00,-136000000.00,2546000000.00,517000000.00,-586000000.00,-490000000.00,1782000000.00,1646000000.00,-5000000.00,177000000.00,-175000000.00,11000000.00,-1302000000.00,326000000.00,1305000000.00,1738000000.00,-1377000000.00,-4212000000.00,-1381000000.00,-751000000.00,1037000000.00,,-1542000000.00,1262000000.00,-392000000.00,-344000000.00,291000000.00,3527000000.00,-231000000.00,-1086000000.00,-2438000000.00,-1853000000.00,124382000.00,-219120000.00,-1043976000.00,-503286000.00,-150358000.00,-319201000.00,-148424000.00,216401000.00,-381684000.00,312257000.00,-147562000.00,488919000.00,1164576000.00,-888528000.00,-1072956000.00,-188392000.00,227539000.00,300180000.00,-611833000.00,-135557000.00,-32340000.00,119620000.00,302954000.00,-63070000.00,38400000.00,-19515000.00,-357965000.00,121829000.00,105962000.00,-223034000.00,-201800000.00,67800000.00,280000000.00,20900000.00,-248100000.00,220200000.00,94200000.00,-136300000.00,-136300000.00,70500000.00,285400000.00,-176400000.00,-176400000.00,426500000.00,323000000.00,43400000.00,-536100000.00,-21600000.00,158100000.00,-30000000.00,-360600000.00,159500000.00,162000000.00,-137300000.00,-391300000.00,140100000.00,50900000.00,86600000.00,-191800000.00,-128300000.00,153800000.00,-26800000.00,-246000000.00,147600000.00,-57200000.00,194200000.00,-205000000.00,45000000.00,150600000.00,-24600000.00,-246900000.00,93000000.00,,,,,,,,,,,,,,,,
stockBasedCompensation,12000000.00,21000000.00,65000000.00,24000000.00,26000000.00,28000000.00,69000000.00,26000000.00,21000000.00,38000000.00,76000000.00,37000000.00,39000000.00,24000000.00,51000000.00,23000000.00,21000000.00,2000000.00,43000000.00,21000000.00,25000000.00,34000000.00,29000000.00,3000000.00,15000000.00,16000000.00,32000000.00,16000000.00,13000000.00,17000000.00,28000000.00,15000000.00,22000000.00,16000000.00,26000000.00,12000000.00,10000000.00,13000000.00,20000000.00,13000000.00,11000000.00,4000000.00,15000000.00,,22000000.00,7000000.00,7000000.00,7000000.00,27000000.00,6000000.00,5000000.00,11000000.00,25000000.00,45000000.00,112000000.00,,-192000000.00,-15000000.00,34000000.00,,11000000.00,-132000000.00,384000000.00,-167000000.00,-43000000.00,21000000.00,-1075999000.00,-54436000.00,51831000.00,-57396000.00,,,,,,,,,,,,,,,,,,,,,,,,,,,,28800000.00,-35300000.00,,34800000.00,-37000000.00,,,,,,,,,-109400000.00,,,,,,,,,,,,,,,,,,,,,,,,,,,,,,,,,,,,,,,,,,,
otherNonCashItems,208000000.00,8000000.00,-233000000.00,-642000000.00,140000000.00,236000000.00,82000000.00,-195000000.00,145000000.00,37000000.00,191000000.00,-163000000.00,173000000.00,47000000.00,88000000.00,-200000000.00,9000000.00,90000000.00,-95000000.00,116000000.00,7000000.00,-183000000.00,-86000000.00,-53000000.00,103000000.00,57000000.00,-90000000.00,-185000000.00,-10000000.00,-81000000.00,18000000.00,-199000000.00,-175000000.00,-32000000.00,-162000000.00,-164000000.00,-96000000.00,32000000.00,-213000000.00,72000000.00,-49000000.00,-53000000.00,-144000000.00,-130000000.00,133000000.00,133000000.00,-127000000.00,324000000.00,66000000.00,-264000000.00,-133000000.00,-150000000.00,-36000000.00,-9000000.00,-300000000.00,,121000000.00,55000000.00,-274000000.00,140000000.00,16000000.00,-7000000.00,-410000000.00,203000000.00,7000000.00,14000000.00,52871000.00,14730000.00,-32637000.00,74036000.00,62221000.00,-60754000.00,47342000.00,-134324000.00,43748000.00,-33027000.00,-77224000.00,-29956000.00,-76836000.00,-25390000.00,-31652000.00,35454000.00,31545000.00,2645000.00,17359000.00,44202000.00,80521000.00,-41147000.00,21388000.00,8471000.00,113563000.00,-113418000.00,68863000.00,3245000.00,124747000.00,-35309000.00,23400000.00,100000.00,-200000.00,31200000.00,200000.00,-100000.00,38500000.00,9200000.00,9200000.00,-17500000.00,-45200000.00,-20900000.00,-24900000.00,-9200000.00,88400000.00,-26700000.00,-72600000.00,-22300000.00,-6100000.00,24000000.00,3000000.00,15200000.00,14400000.00,-16100000.00,-6900000.00,4900000.00,-11100000.00,-17600000.00,-21900000.00,27800000.00,-7600000.00,-2400000.00,3600000.00,18800000.00,-15400000.00,-36200000.00,300000.00,700000.00,-2000000.00,10700000.00,-13800000.00,-8800000.00,,,,,,,,,,,,,,,,
freeCashFlow,551000000.00,2222000000.00,-1937000000.00,-348000000.00,3682000000.00,248000000.00,-1423000000.00,287000000.00,2559000000.00,2456000000.00,124000000.00,-1135000000.00,-1278000000.00,53000000.00,-849000000.00,-2075000000.00,-1109000000.00,-863000000.00,-2233000000.00,-1391000000.00,-677000000.00,212000000.00,-3770000000.00,-297000000.00,597000000.00,653000000.00,209000000.00,58000000.00,1297000000.00,-605000000.00,-157000000.00,1077000000.00,412000000.00,66000000.00,-199000000.00,330000000.00,3234000000.00,1131000000.00,-546000000.00,103000000.00,2304000000.00,1797000000.00,109000000.00,1632000000.00,231000000.00,377000000.00,-1124000000.00,545000000.00,1644000000.00,2075000000.00,-934000000.00,-3522000000.00,-1206000000.00,-468000000.00,1104000000.00,,-1054000000.00,1495000000.00,-946000000.00,-407000000.00,599000000.00,4197000000.00,-504000000.00,-657000000.00,-2253000000.00,-1569000000.00,-17113000.00,-21614000.00,-682231000.00,-174042000.00,247846000.00,-59563000.00,178141000.00,247608000.00,-90169000.00,533933000.00,201370000.00,857226000.00,788495000.00,-537590000.00,-804485000.00,77682000.00,486616000.00,442580000.00,-358765000.00,90730000.00,211616000.00,315270000.00,481224000.00,158841000.00,296553000.00,43951000.00,-59846000.00,310353000.00,339551000.00,-80792000.00,-18300000.00,146200000.00,275600000.00,30700000.00,-125800000.00,231800000.00,172400000.00,-467500000.00,-467500000.00,123200000.00,309100000.00,-159100000.00,-159100000.00,328900000.00,335400000.00,116500000.00,-401900000.00,49600000.00,373200000.00,169700000.00,-191700000.00,281400000.00,238600000.00,-51200000.00,-267200000.00,195800000.00,156300000.00,191800000.00,-64200000.00,-4500000.00,241200000.00,35000000.00,-141200000.00,254400000.00,-19700000.00,229800000.00,-123200000.00,123800000.00,240600000.00,63700000.00,-129500000.00,208600000.00,,,,,,,,,,,,,,,,
researchDevelopment,,,,,,,,,,,,,,,,,,,,141000000.00,0.00,0.00,0.00,129000000.00,0.00,0.00,0.00,123000000.00,0.00,0.00,0.00,112000000.00,0.00,0.00,0.00,79000000.00,0.00,0.00,0.00,59000000.00,0.00,0.00,0.00,,0.00,27000000.00,29000000.00,29000000.00,0.00,60000000.00,0.00,0.00,0.00,56000000.00,0.00,0.00,0.00,0.00,50000000.00,0.00,0.00,0.00,49000000.00,0.00,0.00,0.00,45000000.00,0.00,0.00,0.00,45000000.00,0.00,0.00,0.00,40000000.00,0.00,0.00,0.00,32300000.00,0.00,0.00,0.00,29600000.00,0.00,0.00,0.00,26100000.00,0.00,0.00,0.00,23800000.00,0.00,0.00,0.00,23400000.00,,,,,,,,,,,,,,,,,,,,,,,,,,,,,,,,,,,,,,,,,,,,,,,,,,,,,,,,,,,
effectOfAccountingCharges,,,,,,,,,,,,,,,,,,,,0.00,0.00,0.00,0.00,0.00,0.00,0.00,0.00,0.00,0.00,0.00,0.00,0.00,0.00,0.00,0.00,0.00,0.00,0.00,0.00,0.00,0.00,0.00,0.00,,,0.00,0.00,0.00,0.00,0.00,0.00,0.00,0.00,0.00,0.00,0.00,0.00,0.00,0.00,0.00,0.00,0.00,0.00,0.00,0.00,0.00,0.00,0.00,0.00,0.00,0.00,0.00,0.00,0.00,0.00,0.00,0.00,0.00,0.00,0.00,0.00,0.00,0.00,0.00,0.00,0.00,0.00,0.00,0.00,0.00,0.00,0.00,0.00,0.00,,,,,,,,,,,,,,,,,,,,,,,,,,,,,,,,,,,,,,,,,,,,,,,,,,,,,,,,,,,,
incomeBeforeTax,1031000000.00,1132000000.00,1397000000.00,1213000000.00,1230000000.00,1519000000.00,1271000000.00,1011000000.00,653000000.00,825000000.00,824000000.00,756000000.00,200000000.00,552000000.00,375000000.00,496000000.00,503000000.00,274000000.00,315000000.00,312000000.00,632000000.00,652000000.00,464000000.00,543000000.00,225000000.00,383000000.00,458000000.00,629000000.00,480000000.00,407000000.00,306000000.00,701000000.00,367000000.00,526000000.00,690000000.00,996000000.00,1033000000.00,735000000.00,366000000.00,623000000.00,709000000.00,317000000.00,375000000.00,702000000.00,295000000.00,416000000.00,568000000.00,121000000.00,660000000.00,764000000.00,791000000.00,998000000.00,462000000.00,550000000.00,534000000.00,534000000.00,784000000.00,717000000.00,62000000.00,152000000.00,826000000.00,1494000000.00,538000000.00,755000000.00,685000000.00,647000000.00,1393816000.00,556204000.00,628727000.00,575253000.00,581851000.00,492963000.00,506704000.00,273732000.00,267040000.00,409036000.00,454362000.00,385937000.00,-158133000.00,338461000.00,320029000.00,217654000.00,132896000.00,153731000.00,188842000.00,155504000.00,119196000.00,176218000.00,225601000.00,197922000.00,83109000.00,137998000.00,184603000.00,116189000.00,-9643000.00,154931000.00,153200000.00,54600000.00,53600000.00,17900000.00,169900000.00,178400000.00,95000000.00,106500000.00,106500000.00,199100000.00,185800000.00,92700000.00,92700000.00,78200000.00,217500000.00,247400000.00,342400000.00,247100000.00,330000000.00,296500000.00,326100000.00,228900000.00,192600000.00,198400000.00,222500000.00,124900000.00,128200000.00,193400000.00,234400000.00,189900000.00,196600000.00,166300000.00,199800000.00,197000000.00,189600000.00,181700000.00,178200000.00,168300000.00,184500000.00,179300000.00,207200000.00,182200000.00,,,,,,,,,,,,,,,,
minorityInterest,-3000000.00,-1000000.00,2000000.00,-5000000.00,6000000.00,4000000.00,10000000.00,-15000000.00,-7000000.00,92000000.00,4000000.00,6000000.00,1000000.00,3000000.00,95000000.00,75000000.00,75000000.00,3000000.00,1000000.00,2000000.00,59000000.00,55000000.00,3000000.00,4000000.00,3000000.00,-1000000.00,1000000.00,2000000.00,3000000.00,4000000.00,14000000.00,-1000000.00,1000000.00,-3000000.00,0.00,4000000.00,1000000.00,-1000000.00,1000000.00,3000000.00,5000000.00,3000000.00,1000000.00,,2000000.00,9000000.00,6000000.00,3000000.00,1000000.00,-2000000.00,-10000000.00,-3000000.00,-3000000.00,-1000000.00,-5000000.00,-5000000.00,-6000000.00,1000000.00,2000000.00,-1000000.00,1000000.00,1000000.00,0.00,0.00,0.00,0.00,0.00,0.00,0.00,0.00,0.00,0.00,0.00,0.00,0.00,0.00,0.00,0.00,0.00,0.00,0.00,0.00,0.00,0.00,0.00,0.00,0.00,0.00,0.00,0.00,0.00,0.00,0.00,0.00,,,,,,,,,,,,,,,,,,,,,,,,,,,,,,,,,,,,,,,,,,,,,,,,,,,,,,,,,,,,
sellingGeneralAdministrative,815000000.00,841000000.00,881000000.00,863000000.00,818000000.00,814000000.00,829000000.00,786000000.00,720000000.00,739000000.00,749000000.00,664000000.00,636000000.00,638000000.00,664000000.00,654000000.00,578000000.00,602000000.00,659000000.00,558000000.00,534000000.00,560000000.00,513000000.00,463000000.00,478000000.00,531000000.00,521000000.00,470000000.00,561000000.00,520000000.00,475000000.00,482000000.00,511000000.00,519000000.00,498000000.00,637000000.00,451000000.00,426000000.00,393000000.00,442000000.00,429000000.00,452000000.00,436000000.00,479000000.00,390000000.00,394000000.00,402000000.00,423000000.00,407000000.00,423000000.00,395000000.00,412000000.00,381000000.00,331000000.00,355000000.00,355000000.00,358000000.00,354000000.00,320000000.00,346000000.00,337000000.00,409000000.00,348000000.00,378000000.00,338000000.00,354000000.00,292917000.00,294037000.00,298211000.00,309835000.00,296541000.00,297295000.00,294392000.00,304455000.00,279166000.00,280395000.00,269741000.00,251509000.00,652695000.00,251701000.00,284265000.00,231796000.00,254127000.00,231225000.00,246197000.00,216145000.00,233200000.00,199713000.00,209746000.00,184263000.00,187492000.00,186771000.00,187443000.00,169323000.00,174297000.00,184850000.00,199500000.00,170700000.00,178300000.00,173800000.00,182200000.00,166800000.00,160800000.00,228100000.00,136700000.00,135000000.00,145100000.00,114700000.00,108900000.00,306400000.00,101800000.00,121000000.00,128500000.00,98700000.00,108300000.00,98700000.00,122100000.00,100300000.00,104600000.00,92500000.00,90800000.00,83200000.00,,82000000.00,83800000.00,78700000.00,,77200000.00,75500000.00,68200000.00,,74100000.00,70800000.00,65700000.00,,64900000.00,53900000.00,48200000.00,,,,,,,,,,,,,,,,
sellingAndMarketingExpenses,,,,,,,,,,,,85000000.00,,,,,,,,,,,,,,,,,,,,,,,,,,,,,,,,,,,,,,,,,,,,,,,,,,,,,,,,,,,,,,,,,,,,,,,,,,,,,,,,,,,,,,,,,,,,,,,,,,,,,,,,,,,,,,,,,,,,,,,,,,,,,,,,,,,,,,,,,,,,,,
grossProfit,1810000000.00,1883000000.00,2080000000.00,1762000000.00,1811000000.00,2100000000.00,1897000000.00,1650000000.00,1326000000.00,1463000000.00,1548000000.00,1352000000.00,1042000000.00,1108000000.00,951000000.00,1169000000.00,1078000000.00,972000000.00,928000000.00,1053000000.00,1058000000.00,1181000000.00,889000000.00,939000000.00,812000000.00,887000000.00,868000000.00,1026000000.00,1105000000.00,757000000.00,796000000.00,865000000.00,1089000000.00,964000000.00,1102000000.00,1451000000.00,1470000000.00,1172000000.00,675000000.00,1170000000.00,1156000000.00,807000000.00,756000000.00,996000000.00,806000000.00,813000000.00,1008000000.00,813000000.00,1034000000.00,1098000000.00,1160000000.00,1234000000.00,808000000.00,926000000.00,891000000.00,891000000.00,1053000000.00,973000000.00,361000000.00,649000000.00,1212000000.00,1867000000.00,807000000.00,1157000000.00,948000000.00,930000000.00,717592000.00,745910000.00,907920000.00,865578000.00,828903000.00,770732000.00,783468000.00,582711000.00,524343000.00,574856000.00,668708000.00,663432000.00,503257000.00,587019000.00,604294000.00,453754000.00,401920000.00,414348000.00,490887000.00,419983000.00,380428000.00,390243000.00,507288000.00,405497000.00,361930000.00,369652000.00,416308000.00,283908000.00,366562000.00,498359000.00,571100000.00,431100000.00,438200000.00,397900000.00,575900000.00,442000000.00,470700000.00,525200000.00,525200000.00,450500000.00,471500000.00,329100000.00,329100000.00,478200000.00,415800000.00,439800000.00,501100000.00,426900000.00,495100000.00,539800000.00,585300000.00,439900000.00,399700000.00,375900000.00,409000000.00,307600000.00,294200000.00,348800000.00,404800000.00,343800000.00,348600000.00,311900000.00,345000000.00,331200000.00,294500000.00,277500000.00,298000000.00,287500000.00,301000000.00,299800000.00,292100000.00,261200000.00,2022700000.00,2083200000.00,1851000000.00,1971800000.00,1875300000.00,1681200000.00,1654200000.00,1587700000.00,1507000000.00,1431700000.00,1464900000.00,1371000000.00,1390700000.00,1331500000.00,1328000000.00,1285800000.00
reconciledDepreciation,261000000.00,262000000.00,259000000.00,254000000.00,260000000.00,257000000.00,257000000.00,257000000.00,247000000.00,243000000.00,249000000.00,249000000.00,238000000.00,244000000.00,245000000.00,251000000.00,249000000.00,248000000.00,245000000.00,235000000.00,232000000.00,239000000.00,235000000.00,240000000.00,232000000.00,227000000.00,225000000.00,222000000.00,226000000.00,221000000.00,231000000.00,224000000.00,217000000.00,225000000.00,216000000.00,248000000.00,214000000.00,213000000.00,219000000.00,228000000.00,227000000.00,227000000.00,227000000.00,218000000.00,217000000.00,220000000.00,214000000.00,207000000.00,207000000.00,212000000.00,202000000.00,211000000.00,252000000.00,239000000.00,242000000.00,,235000000.00,196000000.00,191000000.00,182000000.00,180000000.00,177000000.00,181000000.00,180000000.00,175000000.00,185000000.00,181224000.00,174847000.00,173804000.00,171125000.00,165934000.00,163515000.00,163092000.00,164173000.00,157053000.00,170513000.00,169639000.00,167447000.00,176565000.00,172415000.00,173764000.00,167114000.00,172995000.00,163539000.00,163292000.00,148900000.00,149510000.00,154716000.00,155527000.00,154317000.00,152618000.00,152426000.00,157782000.00,159148000.00,160556000.00,163383000.00,164900000.00,158800000.00,160200000.00,159000000.00,154600000.00,148400000.00,161800000.00,140700000.00,132300000.00,125300000.00,128500000.00,117800000.00,116100000.00,113100000.00,111500000.00,100900000.00,104200000.00,102600000.00,100600000.00,103400000.00,107700000.00,95100000.00,93200000.00,90200000.00,86600000.00,84500000.00,84900000.00,82800000.00,79600000.00,81200000.00,80600000.00,73000000.00,72000000.00,68100000.00,70300000.00,64600000.00,57500000.00,69000000.00,66100000.00,61900000.00,61900000.00,58200000.00,,,,,,,,,,,,,,,,
ebit,1265000000.00,1372000000.00,1551000000.00,1129000000.00,1320000000.00,1556000000.00,1305000000.00,911000000.00,696000000.00,838000000.00,970000000.00,843000000.00,66000000.00,591000000.00,499000000.00,443000000.00,646000000.00,504000000.00,427000000.00,304000000.00,687000000.00,759000000.00,565000000.00,406000000.00,407000000.00,457000000.00,533000000.00,493000000.00,576000000.00,363000000.00,386000000.00,221000000.00,655000000.00,541000000.00,768000000.00,1002000000.00,837000000.00,832000000.00,436000000.00,726000000.00,803000000.00,454000000.00,476000000.00,596000000.00,529000000.00,525000000.00,721000000.00,517000000.00,751000000.00,922000000.00,868000000.00,998000000.00,552000000.00,699000000.00,534000000.00,534000000.00,654000000.00,575000000.00,106000000.00,167000000.00,897000000.00,1416000000.00,368000000.00,745000000.00,546000000.00,502000000.00,-570453000.00,317050000.00,545606000.00,495797000.00,295629000.00,466690000.00,407833000.00,282780000.00,260945000.00,179886000.00,343572000.00,379753000.00,-183622000.00,290123000.00,320029000.00,186512000.00,162690000.00,212515000.00,214523000.00,168956000.00,175260000.00,204842000.00,369483000.00,132453000.00,173510000.00,132055000.00,183915000.00,96937000.00,-24964000.00,50900000.00,160700000.00,63100000.00,70500000.00,26100000.00,223700000.00,-4800000.00,115900000.00,126000000.00,106500000.00,125900000.00,155361000.00,52000000.00,92700000.00,-6900000.00,144126000.00,247400000.00,151800000.00,164000000.00,201701000.00,324400000.00,341200000.00,217300000.00,169500000.00,142400000.00,197900000.00,111500000.00,88700000.00,137100000.00,211700000.00,142100000.00,158100000.00,128800000.00,165800000.00,169000000.00,99000000.00,71600000.00,134800000.00,114800000.00,132800000.00,140900000.00,121900000.00,105000000.00,,,,,,,,,,,,,,,,
ebitda,1526000000.00,1634000000.00,1810000000.00,1383000000.00,1580000000.00,1813000000.00,1562000000.00,1168000000.00,943000000.00,1081000000.00,1219000000.00,1092000000.00,304000000.00,835000000.00,744000000.00,694000000.00,895000000.00,752000000.00,672000000.00,539000000.00,919000000.00,998000000.00,800000000.00,646000000.00,639000000.00,684000000.00,758000000.00,715000000.00,802000000.00,584000000.00,617000000.00,445000000.00,872000000.00,766000000.00,984000000.00,1250000000.00,1051000000.00,1045000000.00,655000000.00,954000000.00,1030000000.00,681000000.00,703000000.00,814000000.00,746000000.00,745000000.00,935000000.00,724000000.00,958000000.00,1134000000.00,1070000000.00,1209000000.00,804000000.00,938000000.00,776000000.00,,889000000.00,771000000.00,297000000.00,349000000.00,1077000000.00,1593000000.00,549000000.00,925000000.00,721000000.00,687000000.00,-389229000.00,491897000.00,719410000.00,666922000.00,461563000.00,630205000.00,570925000.00,446953000.00,417998000.00,350399000.00,513211000.00,547200000.00,-7057000.00,462538000.00,493793000.00,353626000.00,335685000.00,376054000.00,377815000.00,317856000.00,324770000.00,359558000.00,525010000.00,286770000.00,326128000.00,284481000.00,341697000.00,256085000.00,135592000.00,214283000.00,325600000.00,221900000.00,230700000.00,185100000.00,378300000.00,143600000.00,277700000.00,266700000.00,247200000.00,251200000.00,283861000.00,169800000.00,210500000.00,106200000.00,255626000.00,348300000.00,256000000.00,266600000.00,302301000.00,427800000.00,448900000.00,312400000.00,262700000.00,232600000.00,284500000.00,196000000.00,173600000.00,219900000.00,291300000.00,223300000.00,238700000.00,201800000.00,237800000.00,237100000.00,169300000.00,136200000.00,192300000.00,183800000.00,198900000.00,202800000.00,183800000.00,163200000.00,-5283800000.00,2083200000.00,1851000000.00,1971800000.00,-4382200000.00,1681200000.00,1654200000.00,1587700000.00,-3886800000.00,1431700000.00,1464900000.00,1371000000.00,-3591800000.00,1331500000.00,1328000000.00,1285800000.00
depreciationAndAmortization,261000000.00,262000000.00,259000000.00,254000000.00,260000000.00,257000000.00,257000000.00,257000000.00,247000000.00,243000000.00,249000000.00,249000000.00,238000000.00,244000000.00,245000000.00,251000000.00,249000000.00,248000000.00,245000000.00,235000000.00,232000000.00,239000000.00,235000000.00,240000000.00,232000000.00,227000000.00,225000000.00,222000000.00,226000000.00,221000000.00,231000000.00,224000000.00,217000000.00,225000000.00,216000000.00,248000000.00,214000000.00,213000000.00,219000000.00,228000000.00,227000000.00,227000000.00,227000000.00,218000000.00,217000000.00,220000000.00,214000000.00,207000000.00,207000000.00,212000000.00,202000000.00,211000000.00,252000000.00,239000000.00,242000000.00,,235000000.00,196000000.00,191000000.00,182000000.00,180000000.00,177000000.00,181000000.00,180000000.00,175000000.00,185000000.00,181224000.00,174847000.00,173804000.00,171125000.00,165934000.00,163515000.00,163092000.00,164173000.00,157053000.00,170513000.00,169639000.00,167447000.00,176565000.00,172415000.00,173764000.00,167114000.00,172995000.00,163539000.00,163292000.00,148900000.00,149510000.00,154716000.00,155527000.00,154317000.00,152618000.00,152426000.00,157782000.00,159148000.00,160556000.00,163383000.00,164900000.00,158800000.00,160200000.00,159000000.00,154600000.00,148400000.00,161800000.00,140700000.00,140700000.00,125300000.00,128500000.00,117800000.00,117800000.00,113100000.00,111500000.00,100900000.00,104200000.00,102600000.00,100600000.00,103400000.00,107700000.00,95100000.00,93200000.00,90200000.00,86600000.00,84500000.00,84900000.00,82800000.00,79600000.00,81200000.00,80600000.00,73000000.00,72000000.00,68100000.00,70300000.00,64600000.00,57500000.00,69000000.00,66100000.00,61900000.00,61900000.00,58200000.00,,,,,,,,,,,,,,,,
nonOperatingIncomeNetOther,,188000000.00,218000000.00,310000000.00,277000000.00,307000000.00,296000000.00,304000000.00,110000000.00,164000000.00,171000000.00,241000000.00,-102000000.00,185000000.00,212000000.00,179000000.00,153000000.00,149000000.00,158000000.00,44000000.00,196000000.00,144000000.00,195000000.00,184000000.00,77000000.00,136000000.00,202000000.00,191000000.00,25000000.00,247000000.00,68000000.00,495000000.00,-77000000.00,197000000.00,167000000.00,342000000.00,93000000.00,99000000.00,177000000.00,226000000.00,110000000.00,69000000.00,161000000.00,,131000000.00,113000000.00,163000000.00,179000000.00,146000000.00,571000000.00,26000000.00,176000000.00,35000000.00,-45000000.00,-2000000.00,-2000000.00,89000000.00,98000000.00,,,,,,,,,,,,,,,,,,,,,,,,,,,,,,,,,,,,,,,,,,,,,,,,,,,,,,,,,,,,,,,,,,,,,,,,,,,,,,,,,,,,,,,,,,,,,,,,
operatingIncome,995000000.00,1372000000.00,1551000000.00,1129000000.00,1320000000.00,1556000000.00,1305000000.00,1091000000.00,545000000.00,684000000.00,725000000.00,814000000.00,632000000.00,398000000.00,244000000.00,770000000.00,450000000.00,504000000.00,412000000.00,541000000.00,477000000.00,574000000.00,318000000.00,646000000.00,282000000.00,457000000.00,533000000.00,715000000.00,576000000.00,363000000.00,273000000.00,445000000.00,522000000.00,381000000.00,541000000.00,1002000000.00,1051000000.00,691000000.00,436000000.00,954000000.00,803000000.00,454000000.00,476000000.00,617000000.00,559000000.00,549000000.00,747000000.00,539000000.00,791000000.00,1019000000.00,836000000.00,1410000000.00,582000000.00,699000000.00,676000000.00,536000000.00,834000000.00,771000000.00,106000000.00,167000000.00,804000000.00,1416000000.00,368000000.00,789000000.00,546000000.00,721000000.00,-570453000.00,691027000.00,692830000.00,635199000.00,295629000.00,499710000.00,587947000.00,282780000.00,260945000.00,179886000.00,343572000.00,379753000.00,-183622000.00,290123000.00,320029000.00,186512000.00,162690000.00,212515000.00,214523000.00,168956000.00,175260000.00,204842000.00,369483000.00,132453000.00,173510000.00,132055000.00,183915000.00,96937000.00,-24964000.00,50900000.00,160700000.00,63100000.00,70500000.00,26100000.00,223700000.00,-4800000.00,115900000.00,126000000.00,156400000.00,125900000.00,155361000.00,52000000.00,96600000.00,-6900000.00,144126000.00,217900000.00,151800000.00,164000000.00,201701000.00,324400000.00,341200000.00,217300000.00,169500000.00,142400000.00,197900000.00,111500000.00,88700000.00,137100000.00,211700000.00,142100000.00,158100000.00,128800000.00,165800000.00,169000000.00,99000000.00,71600000.00,134800000.00,114800000.00,132800000.00,140900000.00,121900000.00,105000000.00,-5283800000.00,2083200000.00,1851000000.00,1971800000.00,-4382200000.00,1681200000.00,1654200000.00,1587700000.00,-3886800000.00,1431700000.00,1464900000.00,1371000000.00,-3591800000.00,1331500000.00,1328000000.00,1285800000.00
otherOperatingExpenses,20700000000.00,24148000000.00,22873000000.00,25366000000.00,23690000000.00,25998000000.00,22582000000.00,22226000000.00,19734000000.00,22202000000.00,18094000000.00,17375000000.00,14720000000.00,15811000000.00,14683000000.00,15814000000.00,16226000000.00,15927000000.00,15035000000.00,15452000000.00,15276000000.00,16447000000.00,15150000000.00,15594000000.00,14493000000.00,14587000000.00,14641000000.00,15945000000.00,15288000000.00,15392000000.00,14063000000.00,16062000000.00,15987000000.00,16741000000.00,16902000000.00,20080000000.00,17098000000.00,20748000000.00,20414000000.00,23415000000.00,20666000000.00,22186000000.00,21407000000.00,24304000000.00,21392000000.00,22256000000.00,20549000000.00,22916000000.00,21275000000.00,22195000000.00,19312000000.00,20108000000.00,16372000000.00,15108000000.00,14609000000.00,0.00,15129000000.00,14302000000.00,16491000000.00,14539000000.00,15798000000.00,19702000000.00,21325000000.00,17929000000.00,15886000000.00,12252000000.00,11789214000.00,10929277000.00,10366330000.00,8891179000.00,9014974000.00,8649404000.00,8809909000.00,8348693000.00,9178525000.00,8189710000.00,8664559000.00,8560488000.00,9835407000.00,8973701000.00,8868475000.00,7745944000.00,7900433000.00,7725407000.00,7562692000.00,6740057000.00,6921578000.00,5135869000.00,5256682000.00,5282898000.00,5170854000.00,4947465000.00,4712134000.00,4520199000.00,3091973000.00,2961683000.00,3213600000.00,3119400000.00,3092500000.00,3313000000.00,3672400000.00,3674600000.00,3898600000.00,4123900000.00,4123900000.00,3461100000.00,3252000000.00,3369400000.00,3369400000.00,3330700000.00,3089000000.00,3268800000.00,3146700000.00,2895100000.00,2849000000.00,2972800000.00,2866300000.00,2770700000.00,2727300000.00,2816800000.00,2590000000.00,2473700000.00,2293300000.00,2273100000.00,2306100000.00,2200600000.00,2192900000.00,2073900000.00,2107100000.00,2109300000.00,1943500000.00,1954100000.00,2024100000.00,1929400000.00,1911500000.00,1857300000.00,1609100000.00,1699100000.00,7306500000.00,,,,6257500000.00,,,,5393800000.00,,,,4982500000.00,,,
interestExpense,155000000.00,180000000.00,147000000.00,134000000.00,97000000.00,73000000.00,92000000.00,77000000.00,61000000.00,40000000.00,87000000.00,69000000.00,100000000.00,87000000.00,83000000.00,95000000.00,97000000.00,109000000.00,101000000.00,97000000.00,87000000.00,89000000.00,91000000.00,84000000.00,79000000.00,86000000.00,81000000.00,80000000.00,78000000.00,65000000.00,70000000.00,73000000.00,69000000.00,85000000.00,81000000.00,86000000.00,79000000.00,79000000.00,93000000.00,95000000.00,105000000.00,107000000.00,106000000.00,106000000.00,106000000.00,116000000.00,116000000.00,96000000.00,113000000.00,129000000.00,121000000.00,232000000.00,117000000.00,118000000.00,101000000.00,105000000.00,105000000.00,98000000.00,88000000.00,93000000.00,71000000.00,78000000.00,170000000.00,10000000.00,139000000.00,145000000.00,1964269000.00,239154000.00,83121000.00,79456000.00,286222000.00,26273000.00,98871000.00,9048000.00,6095000.00,229150000.00,110790000.00,6184000.00,25489000.00,48338000.00,89949000.00,31142000.00,29794000.00,58784000.00,25681000.00,13452000.00,56064000.00,28624000.00,143882000.00,65469000.00,90401000.00,5943000.00,688000.00,19252000.00,15321000.00,104031000.00,7500000.00,8500000.00,16900000.00,8200000.00,69100000.00,183200000.00,20900000.00,19500000.00,,73200000.00,30439000.00,40700000.00,,85100000.00,73374000.00,,190600000.00,83100000.00,128299000.00,27900000.00,15100000.00,11600000.00,23100000.00,56000000.00,24600000.00,13400000.00,72500000.00,56300000.00,22700000.00,47800000.00,38500000.00,37500000.00,34000000.00,28000000.00,90600000.00,110100000.00,43400000.00,53500000.00,51700000.00,38400000.00,85300000.00,77200000.00,,,,,,,,,,,,,,,,
taxProvision,207000000.00,204000000.00,225000000.00,189000000.00,193000000.00,279000000.00,207000000.00,214000000.00,120000000.00,114000000.00,131000000.00,63000000.00,-26000000.00,80000000.00,-16000000.00,-3000000.00,95000000.00,36000000.00,64000000.00,,,,,,,,,,,,,,,,,,,,,,,,,,,,,,,,,,,,,,,,,,,,,,,,,,,,,,,,,,,,,,,,,,,,,,,,,,,,,,,,,,,,,,,,,,,,,,,,,,,,,,,,,,,,,,,,,,,,,,,,,,,,,,,,,,,,,,,
interestIncome,80000000.00,142000000.00,134000000.00,212000000.00,206000000.00,151000000.00,171000000.00,13000000.00,69000000.00,173000000.00,13000000.00,17000000.00,76000000.00,15000000.00,40000000.00,50000000.00,47000000.00,46000000.00,19000000.00,,,,,,,,,,,,,,,,,,,,,,,,,,,,,,,,,,,,,,,,,,,,,,,,,,,,,,,,,,,,,,,,,,,,,,,,,,,,,,,,,,,,,,,,,,,,,,,,,,,,,,,,,,,,,,,,,,,,,,,,,,,,,,,,,,,,,,,
netInterestIncome,-3000000.00,-38000000.00,-13000000.00,-17000000.00,-12000000.00,-73000000.00,-92000000.00,-64000000.00,-61000000.00,-40000000.00,-74000000.00,-52000000.00,-84000000.00,-72000000.00,-43000000.00,-45000000.00,-50000000.00,-63000000.00,-52000000.00,,,,,,,,,,,,,,,,,,,,,,,,,,,,,,,,,,,,,,,,,,,,,,,,,,,,,,,,,,,,,,,,,,,,,,,,,,,,,,,,,,,,,,,,,,,,,,,,,,,,,,,,,,,,,,,,,,,,,,,,,,,,,,,,,,,,,,,
extraordinaryItems,,,,,,,,0.00,3000000.00,1000000.00,,,,1000000.00,7000000.00,-46000000.00,5000000.00,19000000.00,-17000000.00,29000000.00,0.00,0.00,0.00,0.00,0.00,0.00,0.00,0.00,0.00,0.00,0.00,0.00,0.00,0.00,0.00,0.00,0.00,0.00,0.00,0.00,0.00,0.00,0.00,,,0.00,0.00,0.00,0.00,0.00,0.00,0.00,0.00,0.00,0.00,0.00,0.00,0.00,0.00,0.00,0.00,0.00,0.00,0.00,0.00,0.00,0.00,0.00,0.00,0.00,0.00,0.00,0.00,0.00,0.00,0.00,0.00,0.00,0.00,0.00,0.00,0.00,0.00,0.00,0.00,0.00,0.00,0.00,0.00,0.00,0.00,0.00,0.00,0.00,,,,,,,,,,,,,,,,,,,,,,,,,,,,,,,,,,,,,,,,,,,,,,,,,,,,,,,,,,,,
nonRecurring,,60000000.00,7000000.00,36000000.00,28000000.00,1000000.00,1000000.00,80000000.00,2000000.00,23000000.00,59000000.00,19000000.00,4000000.00,16000000.00,41000000.00,103000000.00,53000000.00,136000000.00,11000000.00,130000000.00,1000000.00,24000000.00,16000000.00,33000000.00,107000000.00,23000000.00,10000000.00,19000000.00,11000000.00,12000000.00,13000000.00,104000000.00,65000000.00,31000000.00,0.00,74000000.00,0.00,31000000.00,0.00,236000000.00,23000000.00,0.00,0.00,,146000000.00,352000000.00,85000000.00,0.00,0.00,0.00,0.00,0.00,0.00,0.00,0.00,0.00,0.00,0.00,0.00,0.00,0.00,0.00,0.00,0.00,0.00,0.00,0.00,0.00,0.00,0.00,0.00,0.00,0.00,0.00,0.00,0.00,0.00,0.00,0.00,0.00,0.00,0.00,0.00,0.00,0.00,0.00,0.00,0.00,0.00,0.00,0.00,0.00,0.00,0.00,,,,,,,,,,,,,,,,,,,,,,,,,,,,,,,,,,,,,,,,,,,,,,,,,,,,,,,,,,,,
otherItems,,,,,,,,,,,,,,,,,,,,0.00,0.00,0.00,0.00,0.00,0.00,0.00,0.00,0.00,0.00,0.00,0.00,0.00,0.00,0.00,0.00,0.00,0.00,0.00,0.00,0.00,0.00,0.00,0.00,,,0.00,0.00,0.00,0.00,0.00,0.00,0.00,0.00,0.00,0.00,0.00,0.00,0.00,0.00,0.00,0.00,0.00,0.00,0.00,0.00,0.00,0.00,0.00,0.00,0.00,0.00,0.00,0.00,0.00,0.00,0.00,0.00,0.00,0.00,0.00,0.00,0.00,0.00,0.00,0.00,0.00,0.00,0.00,0.00,0.00,0.00,0.00,0.00,0.00,,,,,,,,,,,,,,,,,,,,,,,,,,,,,,,,,,,,,,,,,,,,,,,,,,,,,,,,,,,,
incomeTaxExpense,207000000.00,204000000.00,225000000.00,189000000.00,193000000.00,279000000.00,207000000.00,214000000.00,120000000.00,113000000.00,131000000.00,63000000.00,-26000000.00,80000000.00,-16000000.00,-3000000.00,95000000.00,36000000.00,81000000.00,-5000000.00,96000000.00,86000000.00,68000000.00,-249000000.00,30000000.00,108000000.00,118000000.00,203000000.00,136000000.00,119000000.00,76000000.00,-16000000.00,114000000.00,143000000.00,197000000.00,291000000.00,285000000.00,203000000.00,98000000.00,246000000.00,228000000.00,91000000.00,105000000.00,192000000.00,111000000.00,123000000.00,163000000.00,38000000.00,199000000.00,385000000.00,223000000.00,269000000.00,120000000.00,105000000.00,118000000.00,118000000.00,223000000.00,220000000.00,-2000000.00,144000000.00,241000000.00,444000000.00,166000000.00,238000000.00,212000000.00,206000000.00,438720000.00,193313000.00,187459000.00,172508000.00,171592000.00,145167000.00,139027000.00,87394000.00,71556000.00,139941000.00,140853000.00,119640000.00,-55072000.00,111692000.00,99208000.00,67473000.00,37876000.00,36926000.00,57597000.00,47429000.00,6930000.00,59034000.00,75576000.00,66304000.00,27010000.00,44849000.00,59996000.00,6760000.00,-69230000.00,51902000.00,51300000.00,18300000.00,11300000.00,6200000.00,59500000.00,61500000.00,32300000.00,36200000.00,36200000.00,67700000.00,63200000.00,31500000.00,31500000.00,74600000.00,74000000.00,84100000.00,116400000.00,84000000.00,104400000.00,100800000.00,106000000.00,74400000.00,54900000.00,67100000.00,76400000.00,55800000.00,7000000.00,63000000.00,78100000.00,63300000.00,59400000.00,57200000.00,68700000.00,70500000.00,66200000.00,63600000.00,60800000.00,60600000.00,66700000.00,62900000.00,75000000.00,65000000.00,,,,,,,,,,,,,,,,
totalRevenue,21695000000.00,25190000000.00,24072000000.00,26231000000.00,24683000000.00,27284000000.00,23650000000.00,23090000000.00,20340000000.00,22926000000.00,18893000000.00,17978000000.00,15126000000.00,16281000000.00,14970000000.00,16329000000.00,16726000000.00,16297000000.00,15304000000.00,15947000000.00,15800000000.00,17068000000.00,15526000000.00,16070000000.00,14827000000.00,14943000000.00,14988000000.00,16501000000.00,15832000000.00,15629000000.00,14384000000.00,16445000000.00,16565000000.00,17186000000.00,17506000000.00,20894000000.00,18117000000.00,21494000000.00,20696000000.00,24143000000.00,21393000000.00,22541000000.00,21727000000.00,24921000000.00,21808000000.00,22675000000.00,21155000000.00,23306000000.00,21902000000.00,22870000000.00,20077000000.00,20930000000.00,16799000000.00,15703000000.00,15145000000.00,15145000000.00,15913000000.00,14921000000.00,16532000000.00,14842000000.00,16673000000.00,21160000000.00,21784000000.00,18708000000.00,16496000000.00,12828000000.00,12213889000.00,11381150000.00,10976039000.00,9446922000.00,9547336000.00,9122841000.00,9298985000.00,8626949000.00,9423702000.00,8484171000.00,9063526000.00,8972411000.00,9685969000.00,9309019000.00,9188504000.00,7967902000.00,8048226000.00,7908530000.00,7807382000.00,6943895000.00,7068806000.00,5326399000.00,5554224000.00,5504132000.00,5345292000.00,5130346000.00,4940999000.00,4634784000.00,3123682000.00,3111809000.00,3420300000.00,3221000000.00,3192200000.00,3378100000.00,3911500000.00,3801400000.00,4046700000.00,4280300000.00,4280300000.00,3651300000.00,3449900000.00,3466000000.00,3466000000.00,3389400000.00,3291500000.00,3486700000.00,3415100000.00,3120700000.00,3135200000.00,3299700000.00,3221800000.00,3015200000.00,2929200000.00,3010000000.00,2821600000.00,2613600000.00,2422300000.00,2457100000.00,2547500000.00,2384500000.00,2387100000.00,2235700000.00,2304500000.00,2304200000.00,2099200000.00,2092900000.00,2193800000.00,2082200000.00,2081700000.00,2030400000.00,1785300000.00,1853900000.00,2022700000.00,2083200000.00,1851000000.00,1971800000.00,1875300000.00,1681200000.00,1654200000.00,1587700000.00,1507000000.00,1431700000.00,1464900000.00,1371000000.00,1390700000.00,1331500000.00,1328000000.00,1285800000.00
totalOperatingExpenses,815000000.00,841000000.00,881000000.00,897000000.00,818000000.00,814000000.00,829000000.00,786000000.00,720000000.00,739000000.00,749000000.00,749000000.00,636000000.00,638000000.00,664000000.00,654000000.00,578000000.00,602000000.00,659000000.00,558000000.00,534000000.00,560000000.00,513000000.00,463000000.00,478000000.00,531000000.00,521000000.00,470000000.00,561000000.00,520000000.00,475000000.00,482000000.00,511000000.00,519000000.00,498000000.00,637000000.00,451000000.00,426000000.00,393000000.00,442000000.00,429000000.00,452000000.00,436000000.00,379000000.00,390000000.00,394000000.00,402000000.00,423000000.00,407000000.00,423000000.00,395000000.00,412000000.00,381000000.00,331000000.00,355000000.00,355000000.00,269000000.00,354000000.00,320000000.00,346000000.00,337000000.00,409000000.00,348000000.00,378000000.00,338000000.00,354000000.00,292917000.00,294037000.00,298211000.00,309835000.00,296541000.00,297295000.00,294392000.00,304455000.00,279166000.00,280395000.00,269741000.00,251509000.00,652695000.00,251701000.00,284265000.00,231796000.00,254127000.00,231225000.00,246197000.00,216145000.00,233200000.00,199713000.00,209746000.00,184263000.00,187492000.00,186771000.00,187443000.00,169323000.00,334853000.00,348233000.00,364400000.00,329500000.00,338500000.00,332800000.00,336800000.00,315200000.00,322600000.00,368800000.00,368800000.00,260300000.00,273600000.00,232500000.00,232500000.00,419500000.00,213300000.00,221900000.00,232700000.00,201300000.00,208900000.00,212900000.00,229800000.00,195400000.00,197800000.00,182700000.00,177400000.00,167700000.00,165200000.00,164800000.00,163400000.00,159900000.00,154400000.00,150100000.00,147600000.00,136300000.00,138800000.00,138700000.00,128300000.00,134700000.00,130800000.00,126700000.00,115900000.00,106400000.00,-7306500000.00,,,,-6257500000.00,,,,-5393800000.00,,,,-4982500000.00,,,
costOfRevenue,19885000000.00,23307000000.00,21992000000.00,24469000000.00,22872000000.00,25184000000.00,21753000000.00,21440000000.00,19014000000.00,21463000000.00,17345000000.00,16626000000.00,14084000000.00,15173000000.00,14019000000.00,15160000000.00,15648000000.00,15325000000.00,14376000000.00,14894000000.00,14742000000.00,15887000000.00,14637000000.00,15131000000.00,14015000000.00,14056000000.00,14120000000.00,15475000000.00,14727000000.00,14872000000.00,13588000000.00,15580000000.00,15476000000.00,16222000000.00,16404000000.00,19443000000.00,16647000000.00,20322000000.00,20021000000.00,22973000000.00,20237000000.00,21734000000.00,20971000000.00,23925000000.00,21002000000.00,21862000000.00,20147000000.00,22493000000.00,20868000000.00,21772000000.00,18917000000.00,19696000000.00,15991000000.00,14777000000.00,14254000000.00,14254000000.00,14860000000.00,13948000000.00,16171000000.00,14193000000.00,15461000000.00,19293000000.00,20977000000.00,17551000000.00,15548000000.00,11898000000.00,11496297000.00,10635240000.00,10068119000.00,8581344000.00,8718433000.00,8352109000.00,8515517000.00,8044238000.00,8899359000.00,7909315000.00,8394818000.00,8308979000.00,9182712000.00,8722000000.00,8584210000.00,7514148000.00,7646306000.00,7494182000.00,7316495000.00,6523912000.00,6688378000.00,4936156000.00,5046936000.00,5098635000.00,4983362000.00,4760694000.00,4524691000.00,4350876000.00,2757120000.00,2613450000.00,2849200000.00,2789900000.00,2754000000.00,2980200000.00,3335600000.00,3359400000.00,3576000000.00,3755100000.00,3755100000.00,3200800000.00,2978400000.00,3136900000.00,3136900000.00,2911200000.00,2875700000.00,3046900000.00,2914000000.00,2693800000.00,2640100000.00,2759900000.00,2636500000.00,2575300000.00,2529500000.00,2634100000.00,2412600000.00,2306000000.00,2128100000.00,2108300000.00,2142700000.00,2040700000.00,2038500000.00,1923800000.00,1959500000.00,1973000000.00,1804700000.00,1815400000.00,1895800000.00,1794700000.00,1780700000.00,1730600000.00,1493200000.00,1592700000.00,,,,,,,,,,,,,,,,
totalOtherIncomeExpenseNet,39000000.00,-240000000.00,-154000000.00,84000000.00,-90000000.00,-37000000.00,-34000000.00,211000000.00,108000000.00,141000000.00,99000000.00,205000000.00,-122000000.00,154000000.00,131000000.00,26000000.00,53000000.00,-33000000.00,98000000.00,-133000000.00,155000000.00,78000000.00,146000000.00,120000000.00,-57000000.00,88000000.00,169000000.00,129000000.00,-9000000.00,212000000.00,33000000.00,372000000.00,-155000000.00,145000000.00,149000000.00,238000000.00,77000000.00,44000000.00,155000000.00,-44000000.00,75000000.00,40000000.00,134000000.00,-85000000.00,-15000000.00,113000000.00,78000000.00,-173000000.00,146000000.00,179000000.00,115000000.00,-176000000.00,152000000.00,102000000.00,2000000.00,0.00,194000000.00,196000000.00,109000000.00,-58000000.00,71000000.00,165000000.00,218000000.00,112000000.00,188000000.00,159000000.00,1081552000.00,219798000.00,130089000.00,116561000.00,297468000.00,61677000.00,104237000.00,-4524000.00,213097000.00,114575000.00,55395000.00,53063000.00,73447000.00,89999000.00,320029000.00,78740000.00,-14897000.00,-29392000.00,39445000.00,36186000.00,-28032000.00,-14312000.00,-71941000.00,68942000.00,5371000.00,55878000.00,55208000.00,102804000.00,56673000.00,99226000.00,46000000.00,38500000.00,29200000.00,39000000.00,15400000.00,131600000.00,32200000.00,30400000.00,30400000.00,64300000.00,42539000.00,44600000.00,44600000.00,65600000.00,58374000.00,29500000.00,116600000.00,61600000.00,84499000.00,13300000.00,14300000.00,27200000.00,32400000.00,50800000.00,33700000.00,28400000.00,40300000.00,46900000.00,29700000.00,41800000.00,36100000.00,33000000.00,31700000.00,25900000.00,56700000.00,67200000.00,34900000.00,38000000.00,37400000.00,32200000.00,54400000.00,49800000.00,,,,,,,,,,,,,,,,
discontinuedOperations,,,,,,,,,,,,,,,,,,,,0.00,0.00,0.00,0.00,0.00,0.00,0.00,0.00,0.00,0.00,0.00,0.00,0.00,0.00,0.00,0.00,0.00,0.00,0.00,0.00,0.00,0.00,0.00,0.00,,,0.00,0.00,0.00,0.00,0.00,0.00,0.00,0.00,0.00,0.00,0.00,0.00,0.00,0.00,0.00,0.00,0.00,0.00,0.00,0.00,0.00,0.00,0.00,0.00,0.00,0.00,0.00,0.00,0.00,0.00,0.00,0.00,0.00,0.00,0.00,0.00,0.00,0.00,0.00,0.00,0.00,0.00,0.00,0.00,0.00,0.00,0.00,0.00,0.00,,,,,,,,,,,,,,,,,,,,,,,,,,,,,,,,,,,,,,,,,,,,,,,,,,,,,,,,,,,,
netIncomeFromContinuingOps,824000000.00,928000000.00,1172000000.00,1024000000.00,1037000000.00,1240000000.00,1064000000.00,797000000.00,533000000.00,712000000.00,693000000.00,693000000.00,226000000.00,472000000.00,391000000.00,499000000.00,408000000.00,238000000.00,234000000.00,317000000.00,536000000.00,566000000.00,396000000.00,792000000.00,195000000.00,275000000.00,340000000.00,426000000.00,344000000.00,288000000.00,230000000.00,717000000.00,253000000.00,383000000.00,493000000.00,705000000.00,748000000.00,532000000.00,268000000.00,377000000.00,481000000.00,226000000.00,270000000.00,,184000000.00,293000000.00,405000000.00,83000000.00,461000000.00,379000000.00,568000000.00,729000000.00,342000000.00,445000000.00,416000000.00,416000000.00,561000000.00,497000000.00,0.00,0.00,0.00,0.00,0.00,0.00,0.00,0.00,0.00,0.00,0.00,0.00,0.00,0.00,0.00,0.00,0.00,0.00,0.00,0.00,0.00,0.00,0.00,0.00,0.00,0.00,0.00,0.00,0.00,0.00,0.00,0.00,0.00,0.00,0.00,0.00,,,,,,,,,,,,,,,,,,,,,,,,,,,,,,,,,,,,,,,,,,,,,,,,,,,,,,,,,,,,
netIncomeApplicableToCommonShares,821000000.00,927000000.00,1170000000.00,1019000000.00,1031000000.00,1236000000.00,1054000000.00,782000000.00,526000000.00,712000000.00,689000000.00,687000000.00,225000000.00,469000000.00,391000000.00,504000000.00,407000000.00,235000000.00,233000000.00,315000000.00,536000000.00,566000000.00,393000000.00,788000000.00,192000000.00,276000000.00,339000000.00,424000000.00,341000000.00,284000000.00,230000000.00,718000000.00,252000000.00,386000000.00,493000000.00,701000000.00,747000000.00,533000000.00,267000000.00,374000000.00,476000000.00,223000000.00,269000000.00,,182000000.00,284000000.00,399000000.00,80000000.00,460000000.00,381000000.00,578000000.00,732000000.00,345000000.00,446000000.00,421000000.00,421000000.00,567000000.00,496000000.00,58000000.00,3000000.00,578000000.00,1045000000.00,372000000.00,517000000.00,472000000.00,441000000.00,955096000.00,362891000.00,441268000.00,402745000.00,410259000.00,347796000.00,367677000.00,186338000.00,195484000.00,269095000.00,313509000.00,266297000.00,267941000.00,226769000.00,220821000.00,150181000.00,95020000.00,116805000.00,131245000.00,108075000.00,112266000.00,117184000.00,150025000.00,131618000.00,56099000.00,93149000.00,124607000.00,109429000.00,59587000.00,103029000.00,,,,,,,,,,,,,,,,,,,,,,,,,,,,,,,,,,,,,,,,,,,,,,,,,,,,,,,,,,
preferredStockAndOtherAdjustments,,,,,,,,,,,,,,,,,,,,,,,,,,,,,,,,,,,,,,,,,,,,,,,,,,,,,,,,,,,,,,,,,,,,,,,,,,,,,,,,,,,,,,,,,,,,,,,,,,,,,,,,,,,,,,,,,,,,,,,,,,,,,,,,,,,,,,,,,,,,,,,,,,,,,,,,,,
