,2023-09-30,2023-06-30,2023-03-31,2022-12-31,2022-09-30,2022-06-30,2022-03-31,2021-12-31,2021-09-30,2021-06-30,2021-03-31,2020-12-31,2020-09-30,2020-06-30,2020-03-31,2019-12-31,2019-09-30,2019-06-30,2019-03-31,2018-12-31,2018-09-30,2018-06-30,2018-03-31,2017-12-31,2017-09-30,2017-06-30,2017-03-31,2016-12-31,2016-09-30,2016-06-30,2016-03-31,2015-12-31,2015-09-30,2015-06-30,2015-03-31,2014-12-31,2014-09-30,2014-06-30,2014-03-31,2013-12-31,2013-09-30,2013-06-30,2013-03-31,2012-12-31,2012-09-30,2012-06-30,2012-03-31,2011-12-31,2011-09-30,2011-06-30,2011-03-31,2010-12-31,2010-09-30,2010-06-30,2010-03-31,2009-12-31,2009-09-30,2009-06-30,2009-03-31,2008-12-31,2008-09-30,2008-06-30,2008-03-31,2007-12-31,2007-09-30,2007-06-30,2007-03-31,2006-12-31,2006-09-30,2006-06-30,2006-03-31,2005-12-31,2005-09-30,2005-06-30,2005-03-31,2004-12-31,2004-09-30,2004-06-30,2004-03-31,2003-12-31,2003-09-30,2003-06-30,2003-03-31
date,2023-09-30,2023-06-30,2023-03-31,2022-12-31,2022-09-30,2022-06-30,2022-03-31,2021-12-31,2021-09-30,2021-06-30,2021-03-31,2020-12-31,2020-09-30,2020-06-30,2020-03-31,2019-12-31,2019-09-30,2019-06-30,2019-03-31,2018-12-31,2018-09-30,2018-06-30,2018-03-31,2017-12-31,2017-09-30,2017-06-30,2017-03-31,2016-12-31,2016-09-30,2016-06-30,2016-03-31,2015-12-31,2015-09-30,2015-06-30,2015-03-31,2014-12-31,2014-09-30,2014-06-30,2014-03-31,2013-12-31,2013-09-30,2013-06-30,2013-03-31,2012-12-31,2012-09-30,2012-06-30,2012-03-31,2011-12-31,2011-09-30,2011-06-30,2011-03-31,2010-12-31,2010-09-30,2010-06-30,2010-03-31,2009-12-31,2009-09-30,2009-06-30,2009-03-31,2008-12-31,2008-09-30,2008-06-30,2008-03-31,2007-12-31,2007-09-30,2007-06-30,2007-03-31,2006-12-31,2006-09-30,2006-06-30,2006-03-31,2005-12-31,2005-09-30,2005-06-30,2005-03-31,2004-12-31,2004-09-30,2004-06-30,2004-03-31,2003-12-31,2003-09-30,2003-06-30,2003-03-31
filing_date,2023-11-14,2023-08-14,2023-05-15,2023-03-31,2022-11-14,2022-08-15,2022-05-16,2022-03-10,2021-11-09,2021-08-09,2021-05-10,2021-02-26,2020-11-06,2020-07-31,2020-05-11,2020-02-24,2019-11-08,2019-08-09,2019-05-03,2019-02-19,2018-11-02,2018-08-03,2018-05-04,2018-02-16,2017-11-03,2017-08-04,2017-05-01,2017-02-21,2016-11-04,2016-08-05,2016-05-10,2016-02-16,2015-11-02,2015-07-31,2015-05-06,2015-02-09,2014-10-31,2014-08-01,2014-05-02,2014-02-10,2013-11-01,2013-08-02,2013-05-03,2013-02-08,2012-11-02,2012-08-03,2012-04-20,2012-02-23,2011-10-28,2011-07-29,2011-04-29,2011-02-11,2010-11-05,2010-08-06,2010-05-07,2010-02-24,2009-11-09,2009-08-10,2009-05-07,2009-03-16,2008-11-07,2008-08-08,2008-05-12,2008-02-29,2007-11-09,2007-08-09,2007-05-10,2007-03-01,2006-11-09,2006-08-09,2006-05-10,2006-03-16,2005-11-09,2005-08-09,2005-05-10,2005-03-16,2004-11-09,2004-08-09,2004-05-10,2004-03-15,2003-11-14,2003-08-14,2003-05-15
currency_symbol,,,,,,,USD,USD,USD,USD,USD,USD,USD,USD,USD,USD,,,,,,,,,,,,,,,,,,,,,,,,,,,,,,,,,,,,,,,,,,,,,,,,,,,,,,,,,,,,,,,,,,,
totalAssets,867258000.00,817470000.00,808004000.00,1002318000.00,1074141000.00,1084755000.00,920883000.00,803036000.00,879609000.00,1030097000.00,883344000.00,1212389000.00,945335000.00,785800000.00,2358307000.00,4000114000.00,4099538000.00,4063892000.00,4673158000.00,4099450000.00,4536412000.00,4254376000.00,4460519000.00,4160529000.00,4215599000.00,4368891000.00,4720492000.00,4141554000.00,4034597000.00,3985044000.00,3791289000.00,4204806000.00,4182234000.00,4694670000.00,4366617000.00,4014489000.00,3764696000.00,3431738000.00,2641279000.00,2194966000.00,2220099000.00,2460053000.00,2211410000.00,2074158000.00,1595786000.00,1379465000.00,1072644000.00,955060000.00,948678000.00,918379000.00,803308000.00,455333000.00,465621000.00,405815000.00,340620000.00,13217075000.00,283325000.00,269587000.00,273678000.00,1560291000.00,3286041000.00,3965985000.00,3246574000.00,2701894000.00,4867199000.00,11064676000.00,12127535000.00,13217075000.00,,,,18435790000.00,,,,12928288000.00,,,,11333613000.00,,8755318000.00,5501107000.00
intangibleAssets,,,,,,,,,,,,,,,,,,,,,,,,,,,,,,,,,,,,,,,,,,,,,,,,,,,,,,,,,,,8605000.00,,9372000.00,9817000.00,10147000.00,9837000.00,10228000.00,11274000.00,11600000.00,21825000.00,,,,26485000.00,,,,14404000.00,,,,16090000.00,,16972000.00,17300000.00
earningAssets,,,,,,,,,,,,,,,,,,,,,,,,,,,,,,,,,,,,,,,,,,,,,,,,,,,,,,,,,,,,,,,,,,,,,,,,,,,,,,,,,,,
otherCurrentAssets,,,,,,,,,-21166000.00,,,,,,,,,,,,,,,,,,,,,,,,,,,,,,,,,,,,,,,,,,,,,,,,,,,,,,,,,,,,,,,,,,,,,,,,,,
totalLiab,86713000.00,86611000.00,86508000.00,86405000.00,859931000.00,871057000.00,702786000.00,578909000.00,654932000.00,73129000.00,73074000.00,966119000.00,73115000.00,74022000.00,74383000.00,3672866000.00,74272000.00,74216000.00,74160000.00,,107687000.00,98003000.00,91454000.00,,73824000.00,73768000.00,73712000.00,73656000.00,73601000.00,73545000.00,73489000.00,75300000.00,75300000.00,75300000.00,75300000.00,40000000.00,40000000.00,40000000.00,40000000.00,40000000.00,40000000.00,40000000.00,15000000.00,15000000.00,15000000.00,15000000.00,15000000.00,15000000.00,15000000.00,15000000.00,15000000.00,15000000.00,15948000.00,15927000.00,15907000.00,12046030000.00,16816000.00,51775000.00,51736000.00,254357000.00,313358000.00,320051000.00,319906000.00,323575000.00,323609000.00,323526000.00,323466000.00,324453000.00,970000.00,970000.00,970000.00,324686000.00,970000.00,970000.00,970000.00,128370000.00,970000.00,970000.00,970000.00,54189000.00,970000.00,25509000.00,
totalStockholderEquity,213351000.00,220012000.00,215145000.00,217340000.00,214210000.00,213698000.00,218097000.00,224127000.00,224677000.00,228752000.00,239487000.00,246270000.00,236886000.00,238985000.00,232809000.00,327248000.00,308177000.00,324289000.00,356411000.00,274444000.00,310690000.00,306467000.00,319005000.00,386317000.00,392572000.00,354627000.00,374481000.00,383416000.00,434188000.00,432483000.00,433673000.00,484031000.00,478008000.00,545388000.00,570533000.00,642032000.00,698977000.00,622632000.00,621747000.00,551828000.00,529653000.00,540592000.00,545816000.00,465156000.00,299118000.00,221092000.00,221119000.00,183372000.00,185439000.00,210117000.00,219888000.00,216744000.00,191124000.00,181764000.00,156270000.00,1171045000.00,136979000.00,91676000.00,121705000.00,143256000.00,268097000.00,343686000.00,344408000.00,393691000.00,698214000.00,1012635000.00,989213000.00,1171045000.00,,,,1304170000.00,,,,1578524000.00,,,,1554339000.00,,1136093000.00,1011647000.00
deferredLongTermLiab,,,,,,,,,,,,,,,,,,,,,,,,,,,,,,,,,,,,,,,,,,,,,,,,,,,,,,,,,,,,,,,,,,,,,,,,,,,,,,,,,,,
otherCurrentLiab,,,,,,,,,,,,,,,,,,,,,,,,,,,,,,,,,,,,,,,,,,,,,,,,,,,,,,,,,,,,,,,,,,,,,,,,,,,,,,,,,,,
commonStock,284000.00,284000.00,284000.00,282000.00,286000.00,291000.00,301000.00,307000.00,316000.00,327000.00,335000.00,335000.00,337000.00,357000.00,368000.00,368000.00,368000.00,366000.00,366000.00,305000.00,303000.00,282000.00,281000.00,281000.00,280000.00,260000.00,236000.00,236000.00,230000.00,230000.00,230000.00,229000.00,230000.00,230000.00,230000.00,1897257000.00,229000.00,197000.00,197000.00,1727564000.00,166000.00,166000.00,166000.00,1638193000.00,132000.00,97000.00,94000.00,1508790000.00,77000.00,77000.00,77000.00,1506048000.00,77000.00,79000.00,79000.00,1564244000.00,80000.00,1590000.00,1590000.00,1494722000.00,1594000.00,1594000.00,1595000.00,1393000.00,1601000.00,1753000.00,1744000.00,1615000.00,,,,1594000.00,,,,1440000.00,,,,1410000.00,,1401000.00,1356000.00
capitalStock,,,,,,,,,,,,,,,,,,,,,,,,,,,,,,,,,,,,,,,,,,,,,,,,,,,,,,,,,,,,,,,,,,,,,,,,,,,,,,,,,,,
retainedEarnings,-1846004000.00,-1838731000.00,-1842939000.00,-1840061000.00,-1843790000.00,-1846546000.00,-1846146000.00,-1842703000.00,-1845798000.00,-1844817000.00,-1837035000.00,-1830272000.00,-1841010000.00,-1845043000.00,-1854498000.00,-1759626000.00,-1777841000.00,-1760933000.00,-1728523000.00,-1731982000.00,-1695032000.00,-1678131000.00,-1664212000.00,-1596013000.00,-1587075000.00,-1593980000.00,-1536949000.00,-1527104000.00,-1470481000.00,-1474259000.00,-1472688000.00,-1426655000.00,-1431028000.00,-1367966000.00,-1354852000.00,-1298018000.00,-1245058000.00,-1237710000.00,-1239201000.00,-1228926000.00,-1246409000.00,-1234872000.00,-1223433000.00,-1212022000.00,-1376248000.00,-1367764000.00,-1361342000.00,-1363785000.00,-1363940000.00,-1345512000.00,-1338818000.00,-1352799000.00,-1356175000.00,-1356663000.00,-1362657000.00,-379491000.00,-1369177000.00,-1411614000.00,-1379457000.00,-1481021000.00,-1212529000.00,-1043507000.00,-1018457000.00,-1063783000.00,-793417000.00,-570704000.00,-572650000.00,-378051000.00,,,,-224090000.00,,,,153110000.00,,,,59417000.00,,71391000.00,58496000.00
otherLiab,,,,,,,,,,,,,,,,,,,,,,,,,,,,,,,,,,,,,,,,,,,,,,,,,,,,,,,,,,,,,,,,,,,,,,,,,,,,,,,,,,,
goodWill,,,,,,,,,,,,,,,,,,,,,,,,,,,,,,,,,,,,,,,,,,,,,,,,,,,,,,,,,,,,,,,,,108013000.00,108013000.00,136913000.00,162765000.00,,,,162765000.00,,,,108013000.00,,,,108013000.00,,108013000.00,105398000.00
otherAssets,858358000.00,804221000.00,795171000.00,-314066000.00,750595000.00,954920000.00,759943000.00,782493000.00,879542000.00,1027390000.00,834528000.00,,934869000.00,770099000.00,2262805000.00,,4075725000.00,4016737000.00,4621483000.00,,4489395000.00,4222312000.00,4432638000.00,,4153350000.00,4258636000.00,4625845000.00,,3884262000.00,3843875000.00,3636817000.00,,4053927000.00,4548436000.00,4238026000.00,,3585917000.00,3253115000.00,2366504000.00,,2052497000.00,2268600000.00,2030934000.00,,1510048000.00,1358328000.00,1047256000.00,,928383000.00,897302000.00,782989000.00,,457390000.00,397236000.00,334745000.00,13004814000.00,270026000.00,232756000.00,40507000.00,1296695000.00,3049507000.00,3538228000.00,2899386000.00,1999697000.00,4056221000.00,10439449000.00,11528043000.00,12842529000.00,,,,18007925000.00,,,,12574344000.00,,,,11116822000.00,,8514318000.00,5284443000.00
cash,8900000.00,13249000.00,12833000.00,28021000.00,13803000.00,9575000.00,21715000.00,20543000.00,21166000.00,2349000.00,48198000.00,28796000.00,8877000.00,14096000.00,89376000.00,19636000.00,12129000.00,34684000.00,37547000.00,26713000.00,32199000.00,18696000.00,15219000.00,21614000.00,26368000.00,73308000.00,15775000.00,54794000.00,42761000.00,18913000.00,43184000.00,36987000.00,13529000.00,20840000.00,15315000.00,33832000.00,31093000.00,26954000.00,112292000.00,48628000.00,16347000.00,38273000.00,21085000.00,35837000.00,85738000.00,21137000.00,25388000.00,20018000.00,20295000.00,21077000.00,20319000.00,12412000.00,8231000.00,8579000.00,5875000.00,38671000.00,13299000.00,36831000.00,224566000.00,254653000.00,227162000.00,417940000.00,337041000.00,692360000.00,692737000.00,505940000.00,450979000.00,189956000.00,,,,238615000.00,,,,231527000.00,,,,92688000.00,,116015000.00,93966000.00
cashAndEquivalents,,,,,,,,,,,,,,,,,,,,,,,,,,,,,,,,,,,,,,,,,,,,,,,,,,,,,,,,,,,,,,,,,,,,,,,,,,,,,,,,,,,
totalCurrentLiabilities,,,,,,,,-85486000.00,-93251000.00,99000.00,201000.00,3197000.00,2613000.00,2138000.00,2068000.00,16786000.00,,,,,,,,,,,,,,,,,,,,,,,,,,,,,,,,,,,,,,,,3971389000.00,,,,,,,,,,,,,,,,,,,,,,,,,,,
currentDeferredRevenue,,,,,,,,,,,,,,,,,,,,,,,,,,,,,,,,,,,,,,,,,,,,,,,,,,,,,,,,,,,,,,,,,,,,,,,,,,,,,,,,,,,
netDebt,77813000.00,73362000.00,73675000.00,58384000.00,72499000.00,76624000.00,64381000.00,-20035000.00,-28516000.00,70780000.00,24876000.00,-28796000.00,64238000.00,59926000.00,-14993000.00,-19636000.00,62143000.00,39532000.00,36613000.00,-26713000.00,41849000.00,55296000.00,58717000.00,-21614000.00,47456000.00,460000.00,57937000.00,18862000.00,30840000.00,54632000.00,30305000.00,38313000.00,61771000.00,54460000.00,59985000.00,6168000.00,8907000.00,13046000.00,-72292000.00,-8628000.00,23653000.00,1727000.00,-6085000.00,-20837000.00,-70738000.00,-6137000.00,-10388000.00,-5018000.00,-5295000.00,-6077000.00,-5319000.00,2588000.00,7717000.00,7348000.00,10032000.00,4257171000.00,3517000.00,14944000.00,-172830000.00,-296000.00,86196000.00,-97889000.00,-17135000.00,-368785000.00,-369128000.00,-182414000.00,-127513000.00,134497000.00,970000.00,970000.00,970000.00,86071000.00,970000.00,970000.00,970000.00,-103157000.00,970000.00,970000.00,970000.00,-38499000.00,970000.00,-90506000.00,-93966000.00
shortTermDebt,,,,,,,,-85486000.00,-93251000.00,,,,,,,,,,,,,,,,,,,,,,,,,,,,,,,,,,,,,,,,,,,,,,,3971389000.00,,,,,,,,,,,,,,,,,,,,,,,,,,,
shortLongTermDebt,,,,,,,,,,,,,,,,,,,,,,,,,,,,,,,,,,,,,,,,,,,,,,,,,,,,,,,,,,,,,,,,,,,,,,,,,,,,,,,,,,,
shortLongTermDebtTotal,86713000.00,86611000.00,86508000.00,86405000.00,86302000.00,86199000.00,86096000.00,508000.00,-7350000.00,73129000.00,73074000.00,,73115000.00,74022000.00,74383000.00,,74272000.00,74216000.00,74160000.00,,74048000.00,73992000.00,73936000.00,,73824000.00,73768000.00,73712000.00,73656000.00,73601000.00,73545000.00,73489000.00,75300000.00,75300000.00,75300000.00,75300000.00,40000000.00,40000000.00,40000000.00,40000000.00,40000000.00,40000000.00,40000000.00,15000000.00,15000000.00,15000000.00,15000000.00,15000000.00,15000000.00,15000000.00,15000000.00,15000000.00,15000000.00,15948000.00,15927000.00,15907000.00,4295842000.00,16816000.00,51775000.00,51736000.00,254357000.00,313358000.00,320051000.00,319906000.00,323575000.00,323609000.00,323526000.00,323466000.00,324453000.00,970000.00,970000.00,970000.00,324686000.00,970000.00,970000.00,970000.00,128370000.00,970000.00,970000.00,970000.00,54189000.00,970000.00,25509000.00,
otherStockholderEquity,2059071000.00,2058459000.00,2048799000.00,2057119000.00,2048713000.00,2050952000.00,2063942000.00,2066523000.00,2070159000.00,2073242000.00,2076187000.00,2076207000.00,2077559000.00,2083671000.00,2086939000.00,2086506000.00,2085650000.00,2084856000.00,2084568000.00,2006121000.00,2005419000.00,1984316000.00,1982936000.00,1982049000.00,1979367000.00,1948347000.00,1911194000.00,1910284000.00,1899754000.00,1899282000.00,1898670000.00,1910457000.00,1897472000.00,1898217000.00,1897138000.00,42793000.00,1896195000.00,1810297000.00,1809665000.00,53190000.00,1726518000.00,1725880000.00,1725436000.00,38985000.00,1638430000.00,1554952000.00,1548903000.00,38367000.00,1506050000.00,1505987000.00,1505378000.00,63495000.00,1505823000.00,1509021000.00,1508463000.00,,1505787000.00,1502911000.00,1499802000.00,129555000.00,1485482000.00,1478006000.00,1472623000.00,1456081000.00,1503509000.00,1569022000.00,1564659000.00,1547481000.00,,,,1526666000.00,,,,1423974000.00,,,,1493512000.00,,971624000.00,949520000.00
propertyPlantEquipment,,,,,,,,,,,,,,,,,,,,,,,,,,,,,,,,,,,,,,,,,,,,,,,,,,,,,,,,,,,,,,,,,,,,,,,,,,,,,,,,,,,
totalCurrentAssets,8900000.00,13249000.00,12833000.00,342087000.00,323546000.00,129835000.00,160940000.00,20543000.00,67000.00,2707000.00,48816000.00,28796000.00,10466000.00,15701000.00,95502000.00,19636000.00,23813000.00,47155000.00,51675000.00,26713000.00,47017000.00,32064000.00,27881000.00,21614000.00,38796000.00,86093000.00,29498000.00,54794000.00,53444000.00,29345000.00,52992000.00,36987000.00,24988000.00,33113000.00,15315000.00,33832000.00,31093000.00,26954000.00,112292000.00,48628000.00,16347000.00,38273000.00,21085000.00,35837000.00,85738000.00,21137000.00,25388000.00,20018000.00,20295000.00,21077000.00,20319000.00,12412000.00,8231000.00,8579000.00,5875000.00,38671000.00,13299000.00,36831000.00,224566000.00,254653000.00,227162000.00,417940000.00,337041000.00,692360000.00,692737000.00,505940000.00,450979000.00,189956000.00,,,,238615000.00,,,,231527000.00,,,,92688000.00,,116015000.00,93966000.00
longTermInvestments,,,,,,,,,,75566000.00,47194000.00,45258000.00,71181000.00,70064000.00,61577000.00,46417000.00,,,,,,,,,,,,,,,,,,,,,,,,,,,,,,,,,,,,,,,,,,,,,,,,,,,,,,,,,,,,,,,,,,,
netTangibleAssets,,,,,,,,,,193463000.00,204198000.00,210981000.00,201313000.00,202600000.00,195611000.00,290034000.00,,,,,,,,,,,,,,,,,,,,,,,,,,,,,,,,,,,,,,,,,,,,,,,,,,,,,,,,,,,,,,,,,,,
shortTermInvestments,,,,133701000.00,145158000.00,,,,,,,,,,,,,,,,,,,,,,,,,,,,,,,,,,,,,,,,,,,,,,,,,,,,,,,,,,,,,,,,,,,,,,,,,,,,,,
netReceivables,,,,180365000.00,164585000.00,120260000.00,139225000.00,,67000.00,358000.00,618000.00,1668000.00,1589000.00,1605000.00,6126000.00,81862000.00,11684000.00,12471000.00,14128000.00,,14818000.00,13368000.00,12662000.00,,12428000.00,12785000.00,13723000.00,,10683000.00,10432000.00,9808000.00,,11459000.00,12273000.00,,,,,,,,,,,,,,,,,,,,,,,,,,,,,,,,,,,,,,,,,,,,,,,,,
longTermDebt,,,,,,,,,,75456000.00,77341000.00,73248000.00,73967000.00,74229000.00,86211000.00,74336000.00,,,,,,,,,,,,,,,,,,,,,,,,,,,,,,,,,,,,,,,,,,,,,,,,,,,,,,,,,,,,,,,,,,,
inventory,,,,,,,,,,,,,,,,,,,,,,,,,,,,,,,,,,,,,,,,,,,,,,,,,,,,,,,,,,,,,,,,,,,,,,,,,,,,,,,,,,,
accountsPayable,,,,,,,,,,99000.00,201000.00,3197000.00,2613000.00,2138000.00,2068000.00,16786000.00,,,,,,,,,,,,,,,,,,,,,,,,,,,,,,,,,,,,,,,,,,,,,,,,,,,,,,,,,,,,,,,,,,,
totalPermanentEquity,,,,,,,,,,,,,,,,,,,,,,,,,,,,,,,,,,,,,,,,,,,,,,,,,,,,,,,,,,,,,,,,,,,,,,,,,,,,,,,,,,,
noncontrollingInterestInConsolidatedEntity,,,,,,,,,,,,,,,,,,,,,,,,,,,,,,,,,,,,,,,,,,,,,,,,,,,,,,,,,,,,,,,,,,,,,,,,,,,,,,,,,,,
temporaryEquityRedeemableNoncontrollingInterests,,,,,,,,,,,,,,,,,,,,,,,,,,,,,,,,,,,,,,,,,,,,,,,,,,,,,,,,,,,,,,,,,,,,,,,,,,,,,,,,,,,
accumulatedOtherComprehensiveIncome,-9001000.00,-9001000.00,,,,,-9001000.00,,-8493000.00,-7933000.00,-7933000.00,,-7943000.00,-8078000.00,-8264000.00,,-8283000.00,-8296000.00,-8290000.00,,-8138000.00,-8007000.00,-7567000.00,,-6904000.00,-3500000.00,,,4685000.00,7230000.00,7461000.00,,11334000.00,14907000.00,28017000.00,,47611000.00,49848000.00,51086000.00,,49378000.00,49418000.00,43647000.00,,36804000.00,33807000.00,33464000.00,,43252000.00,49565000.00,53251000.00,,41399000.00,29327000.00,10385000.00,-13708000.00,289000.00,-1211000.00,-230000.00,,-6450000.00,-92407000.00,-111353000.00,,-13479000.00,12564000.00,-4540000.00,,,,,,,,,,,,,,,91677000.00,2275000.00
additionalPaidInCapital,,,,,,,,,,,,,,,,,,,,,,,,,,,,,,,,,,,,,,,,,,,,,,,,,,,,,,,,,,,,,,,,,,,,,,,,,,,,,,,,,,,
commonStockTotalEquity,,,,,,,,,,327000.00,335000.00,335000.00,337000.00,357000.00,368000.00,368000.00,,,,,,,,,,,,,,,,,,,,,,,,,,,,,,,,,,,,,,,,,,,,,,,,,,,,,,,,,,,,,,,,,,,
preferredStockTotalEquity,,,,,,,,,,35289000.00,35289000.00,35289000.00,35573000.00,36385000.00,37198000.00,37214000.00,,,,,,,,,,,,,,,,,,,,,,,,,,,,,,,,,,,,,,,,,,,,,,,,,,,,,,,,,,,,,,,,,,,
retainedEarningsTotalEquity,,,,,,,,,,-1844817000.00,-1837035000.00,-1830272000.00,-1841010000.00,-1845043000.00,-1854498000.00,-1759626000.00,,,,,,,,,,,,,,,,,,,,,,,,,,,,,,,,,,,,,,,,,,,,,,,,,,,,,,,,,,,,,,,,,,,
treasuryStock,,,,,,,,,,,,,,,,,,,,,,,,,,,,,,,,,,,,,,,,,,,,,,,,,,,,,,,,,,,,,,,,,,,,,,,,,,,,,,,,,,,
accumulatedAmortization,,,,,,,,,,,,,,,,,,,,,,,,,,,,,,,,,,,,,,,,,,,,,,,,,,,,,,,,,,,,,,,,,,,,,,,,,,,,,,,,,,,
nonCurrrentAssetsOther,,,,974297000.00,,,,782493000.00,,108387000.00,76472000.00,1183593000.00,23460000.00,27156000.00,44208000.00,3980478000.00,,,,4072737000.00,,,,4138915000.00,,,,4086760000.00,,,,4167819000.00,,,,3980657000.00,,,,2146338000.00,,,,2038321000.00,,,,935042000.00,,,,442921000.00,,,,,,,,,,,,,,,,,,,,,,,,,,,,,,,
deferredLongTermAssetCharges,,,,,,,,,,,,,,,,,,,,,,,,,,,,,,,,,,,,,,,,,,,,,,,,,,,,,,,,,,,,,,,,,,,,,,,,,,,,,,,,,,,
nonCurrentAssetsTotal,,,,974297000.00,,,,782493000.00,,183953000.00,123666000.00,1183593000.00,94641000.00,97220000.00,105785000.00,3980478000.00,,,,4072737000.00,,,,4138915000.00,23453000.00,24162000.00,65149000.00,4086760000.00,96891000.00,111824000.00,101480000.00,4167819000.00,103319000.00,113121000.00,113276000.00,3980657000.00,147686000.00,151669000.00,162483000.00,2146338000.00,151255000.00,153180000.00,159391000.00,2038321000.00,,,,935042000.00,,,,442921000.00,,,,173590000.00,,,8605000.00,8943000.00,9372000.00,9817000.00,10147000.00,9837000.00,118241000.00,119287000.00,148513000.00,184590000.00,,,,189250000.00,,,,122417000.00,,,,124103000.00,,124985000.00,122698000.00
capitalLeaseObligations,,,,,,,,,,,,,,,,,,,,,,,,,,,,,,,,,,,,,,,,,,,,,,,,,,,,,,,,,,,,,,,,,,,,,,,,,,,,,,,,,,,
longTermDebtTotal,,,,,,,,,,75456000.00,77341000.00,73248000.00,73967000.00,74229000.00,86211000.00,74336000.00,,,,,,,,,,,,,,,,,,,,,,,,,,,,,,,,,,,,,,,,,,,,,,,,,,,,,,,,,,,,,,,,,,,
nonCurrentLiabilitiesOther,,,,,,,,,,725790000.00,566315000.00,889353000.00,631453000.00,470448000.00,2037219000.00,3581744000.00,,,,,,,,,,,,,,,,,,,,,,,,,,,,,,,,,,,,,,,,,,,,,,,,,,,,,,,,,,,,,,,,,,,
nonCurrentLiabilitiesTotal,86713000.00,86611000.00,86508000.00,86405000.00,86302000.00,86199000.00,86096000.00,664395000.00,748183000.00,73129000.00,73074000.00,962601000.00,73115000.00,74022000.00,74383000.00,3656080000.00,74272000.00,74216000.00,74160000.00,,107687000.00,98003000.00,91454000.00,,73824000.00,73768000.00,73712000.00,73656000.00,73601000.00,73545000.00,73489000.00,75300000.00,75300000.00,75300000.00,75300000.00,40000000.00,40000000.00,40000000.00,40000000.00,40000000.00,40000000.00,40000000.00,15000000.00,15000000.00,15000000.00,15000000.00,15000000.00,15000000.00,15000000.00,15000000.00,15000000.00,15000000.00,15948000.00,15927000.00,15907000.00,8074641000.00,16816000.00,51775000.00,51736000.00,254357000.00,313358000.00,320051000.00,319906000.00,323575000.00,323609000.00,323526000.00,323466000.00,324453000.00,970000.00,970000.00,970000.00,324686000.00,970000.00,970000.00,970000.00,128370000.00,970000.00,970000.00,970000.00,54189000.00,970000.00,25509000.00,
negativeGoodwill,,,,,,,,,,,,,,,,,,,,,,,,,,,,,,,,,,,,,,,,,,,,,,,,,,,,,,,,,,,,,,,,,,,,,,,,,,,,,,,,,,,
warrants,,,,,,,,,,,,,,,,,,,,,,,,,,,,,,,,,,,,,,,,,,,,,,,,,,,,,,,,,,,,,,,,,,,,,,,,,,,,,,,,,,,
preferredStockRedeemable,,,,,,,,,,,,,,,,,,,,,,,,,,,,,,,,,,,,,,,,,,,,,,,,,,,,,,,,,,,,,,,,,,,,,,,,,,,,,,,,,,,
capitalSurpluse,,,,,,,,,,2037953000.00,2040898000.00,2040918000.00,2041986000.00,2047286000.00,2049741000.00,2049292000.00,,,,,,,,,,,,,,,,,,,,,,,,,,,,,,,,,,,,,,,,,,,,,,,,,,,,,,,,,,,,,,,,,,,
liabilitiesAndStockholdersEquity,867258000.00,817470000.00,808004000.00,1002318000.00,1074141000.00,1084755000.00,920883000.00,803036000.00,879609000.00,1030097000.00,883344000.00,1212389000.00,945335000.00,785800000.00,2358307000.00,4000114000.00,4099538000.00,4063892000.00,4673158000.00,4099450000.00,4536412000.00,4254376000.00,4460519000.00,4160529000.00,4215599000.00,4368891000.00,4720492000.00,4141554000.00,4034597000.00,3985044000.00,3791289000.00,4204806000.00,4182234000.00,4694670000.00,4366617000.00,4014489000.00,3764696000.00,3431738000.00,2641279000.00,2194966000.00,2220099000.00,2460053000.00,2211410000.00,2074158000.00,1595786000.00,1379465000.00,1072644000.00,955060000.00,948678000.00,918379000.00,803308000.00,455333000.00,465621000.00,405815000.00,340620000.00,13217075000.00,283325000.00,269587000.00,273678000.00,1560291000.00,3286041000.00,3965985000.00,3246574000.00,2701894000.00,4867199000.00,11064676000.00,12127535000.00,13217075000.00,,,,18435790000.00,,,,12928288000.00,,,,11333613000.00,,8755318000.00,5501107000.00
cashAndShortTermInvestments,8900000.00,13249000.00,12833000.00,161722000.00,158961000.00,9575000.00,21715000.00,20543000.00,21166000.00,2349000.00,48198000.00,28796000.00,8877000.00,14096000.00,89376000.00,19636000.00,12129000.00,34684000.00,37547000.00,26713000.00,32199000.00,18696000.00,15219000.00,21614000.00,26368000.00,73308000.00,15775000.00,54794000.00,42761000.00,18913000.00,43184000.00,36987000.00,13529000.00,20840000.00,15315000.00,33832000.00,31093000.00,26954000.00,112292000.00,48628000.00,16347000.00,38273000.00,21085000.00,35837000.00,85738000.00,21137000.00,25388000.00,20018000.00,20295000.00,21077000.00,20319000.00,12412000.00,8231000.00,8579000.00,5875000.00,38671000.00,13299000.00,36831000.00,224566000.00,254653000.00,227162000.00,417940000.00,337041000.00,692360000.00,692737000.00,505940000.00,450979000.00,189956000.00,,,,238615000.00,,,,231527000.00,,,,92688000.00,,116015000.00,93966000.00
propertyPlantAndEquipmentGross,,,,,,,,,,,,,,,,,,,,,,,,,,,,,,,,,,,,,,,,,,,,,,,,,,,,,,,,,,,,,,,,,,,,,,,,,,,,,,,,,,,
propertyPlantAndEquipmentNet,,,,,,,,,,,,,,,,,,,,,,,,,,,,,,,,,,,,,,,,,,,,,,,,,,,,,,,,,,,,,,,,,,,,,,,,,,,,,,,,,,,
accumulatedDepreciation,,,,,,,,,,,,,,,,,,,,,,,,,,,,,,,,,,,,,,,,,,,,,,,,,,,,,,,,,,,,,,,,,,,,,,,,,,,,,,,,,,,
netWorkingCapital,,,,,,,,,,,,,,,,,,,,,,,,,,,,,,,,,,,,,,,,,,,,,,,,,,,,,,,,,,,,,,,,,,,,,,,,,,,,,,,,,,,
netInvestedCapital,,,,,,,,,,,,,,,,,,,,,,,,,,,,,,,,,,,,,,,,,,,,,,,,,,,,,,,,,,,,,,,,,,,,,,,,,,,,,,,,,,,
commonStockSharesOutstanding,123307012.00,28709000.00,28004000.00,29243000.00,28913000.00,28766000.00,29832000.00,32312000.00,31927000.00,33066000.00,33181000.00,35343000.00,34697000.00,36666000.00,36711000.00,35833000.00,36572000.00,36533000.00,33139000.00,29052000.00,29382000.00,28210000.00,28197000.00,26011000.00,26856000.00,24319000.00,23897000.00,23051000.00,23349000.00,23070000.00,22994000.00,23002000.00,23021000.00,23098000.00,22973000.00,20397000.00,21055000.00,20060000.00,17081000.00,16189000.00,16845000.00,16832000.00,14093000.00,10242000.00,10041000.00,9733000.00,7873000.00,7741000.00,7748000.00,7736000.00,7681000.00,,7895000.00,7696000.00,,151168204.00,7565000.00,,,166974997.00,151301000.00,150948000.00,151419000.00,171667179.00,167874000.00,173256000.00,172850000.00,169333013.00,172091000.00,171294000.00,171031000.00,168489578.00,170490000.00,170101000.00,169444000.00,168489578.00,168800000.00,168566000.00,167307000.00,123307012.00,138269000.00,136190000.00,48547000.00
investments,,,,,,,,,,-318371000.00,-356960000.00,-402782000.00,-355282000.00,-258473000.00,-299952000.00,-698076000.00,,,,,,,,,,,,,,,,,,,,,,,,,,,,,,,,,,,,,,,,,,,,,,,,,,,,,,,,,,,,,,,,,,,
changeToLiabilities,,,,,,,,,,527000.00,-663000.00,409000.00,221000.00,198000.00,-6076000.00,853000.00,,,,,,,,,,,,,,,,,,,,,,,,,,,,,,,,,,,,,,,,,,,,,,,,,,,,,,,,,,,,,,,,,,,
totalCashflowsFromInvestingActivities,,,,,,,,,,-209899000.00,206012000.00,-95720000.00,-77184000.00,1532730000.00,1614251000.00,115524000.00,,,,,,,,,,,,,,,,,,,,,,,,,,,,,,,,,,,,,,,,,,,,,,,,,,,,,,,,,,,,,,,,,,,
netBorrowings,,,,,,,,,,189036000.00,-149662000.00,146473000.00,81862000.00,-1609589000.00,-1544771000.00,-116669000.00,,,,,,,,,,,,,,,,,,,,,,,,,,,,,,,,,,,,,,,,,,,,,,,,,,,,,,,,,,,,,,,,,,,
totalCashFromFinancingActivities,,,-35316000.00,-106439000.00,208215000.00,66290000.00,-140795000.00,-739000.00,-184935000.00,154467000.00,-185909000.00,-1425771000.00,73521000.00,-1614608000.00,-1553891000.00,-107146000.00,,,,23991000.00,,,,26470000.00,,,,-20947000.00,,,,195572000.00,,,205908000.00,1439256000.00,,,291031000.00,320498000.00,,,-202907000.00,876809000.00,,,54020000.00,-1262224000.00,,,341974000.00,-678584000.00,,,,-6940527000.00,,,,-1454342000.00,,,775758000.00,2025968000.00,,,-985579000.00,4163111000.00,,,-7980916000.00,3569872000.00,,,576600000.00,860720000.00,,,258478000.00,,,,298741000.00
changeToOperatingActivities,,,,,,,,,,,,,,,,,,,,,,,,,,,,,,,,,,,,,,,,,,,,,,,,,,,,,,,,,,,,,,,,,,,,,,,,,,,,,,,,,,,
changeInCash,-1540000.00,6564000.00,-17379000.00,13865000.00,853000.00,-16364000.00,7208000.00,-19821000.00,-15315000.00,5678000.00,20790000.00,-49411000.00,3439000.00,-75280000.00,69740000.00,-7077000.00,,,,5099000.00,,,,-33180000.00,,,,17807000.00,,,,21672000.00,,,-18517000.00,-78460000.00,,,63664000.00,27543000.00,,,-14752000.00,10449000.00,,,5370000.00,-252437000.00,,,7907000.00,-452178000.00,,305000.00,,893671000.00,-187145000.00,-10166000.00,,279551000.00,-24898000.00,,-355319000.00,241381000.00,,,261023000.00,1242000.00,,,-49901000.00,81336000.00,,,-67092000.00,102292000.00,,,36547000.00,,56989000.00,,3959000.00
beginPeriodCashFlow,6564000.00,12833000.00,30212000.00,16347000.00,15494000.00,31858000.00,24650000.00,24650000.00,39965000.00,60755000.00,39965000.00,89376000.00,,89376000.00,19636000.00,26713000.00,,,,21614000.00,,,,54794000.00,,,,36987000.00,,,,15315000.00,,,33832000.00,112292000.00,,,48628000.00,21085000.00,,,35837000.00,25388000.00,,,20018000.00,262560000.00,,,12412000.00,706831000.00,,706526000.00,,-187145000.00,,254653000.00,,-24898000.00,337041000.00,,692360000.00,450979000.00,,,189956000.00,188714000.00,,,238615000.00,157279000.00,,,231527000.00,129235000.00,,,92688000.00,,93966000.00,,90007000.00
endPeriodCashFlow,-1540000.00,6564000.00,12833000.00,30212000.00,16347000.00,15494000.00,31858000.00,4829000.00,24650000.00,5678000.00,60755000.00,39965000.00,89376000.00,,89376000.00,19636000.00,,,,26713000.00,,,,21614000.00,,,,54794000.00,,,,36987000.00,,,15315000.00,33832000.00,,,112292000.00,48628000.00,,,21085000.00,35837000.00,,,25388000.00,10123000.00,,,20319000.00,254653000.00,,305000.00,,706526000.00,-187145000.00,-10166000.00,,254653000.00,-24898000.00,,337041000.00,692360000.00,,,450979000.00,189956000.00,,,188714000.00,238615000.00,,,164435000.00,231527000.00,,,129235000.00,,56989000.00,,93966000.00
totalCashFromOperatingActivities,-1540000.00,6564000.00,-4416000.00,5925000.00,-4665000.00,-362000.00,-2273000.00,5568000.00,4939000.00,5678000.00,687000.00,16534000.00,7102000.00,6598000.00,9380000.00,46565000.00,,,,63749000.00,,,,88030000.00,,,,88574000.00,,,,89384000.00,,,22160000.00,61802000.00,,,8148000.00,49710000.00,,,11658000.00,23445000.00,,,2230000.00,-66219000.00,,,-11392000.00,-90186000.00,,305000.00,,1012718000.00,-187145000.00,-10166000.00,,62631000.00,,,-62631000.00,468473000.00,,,-243556000.00,81956000.00,,,-224917000.00,-317899000.00,,,-378800000.00,315510000.00,,,71123000.00,,56989000.00,,12559000.00
issuanceOfCapitalStock,,,,,,,,,,,,,,,,,,,,,,,,,,,,,,,,,,,,,,,,,,,,,,,,,,,,,,,,,,,,,,,,,,,,,,,,,,,,,,,,,,,
depreciation,,,,4865000.00,-1171000.00,-1874000.00,-1820000.00,-1692000.00,-2742000.00,-940000.00,-357000.00,207000.00,311000.00,1670000.00,4587000.00,26463000.00,,,,31796000.00,,,,33353000.00,,,,28810000.00,,,,,,,320000.00,,,,-358000.00,3000.00,,,2000.00,2668000.00,,,-2621000.00,6345000.00,,,-4049000.00,11967000.00,,,,28311000.00,,,,-2495000.00,,,2495000.00,-9916000.00,,,7790000.00,51702000.00,,,2126000.00,82630000.00,,,16989000.00,66272000.00,,,18270000.00,,,,1063000.00
otherCashflowsFromInvestingActivities,,,,,,,,,,108472000.00,562972000.00,317755000.00,267405000.00,1791203000.00,1914203000.00,813600000.00,,,,,,,,,,,,,,,,,,,,,,,,,,,,,,,,,,,,,,,,,,,,,,,,,,,,,,,,,,,,,,,,,,,
dividendsPaid,,,660000.00,1617000.00,2951000.00,707000.00,742000.00,739000.00,2177000.00,723000.00,723000.00,2217000.00,736000.00,758000.00,9098000.00,44520000.00,,,,53920000.00,,,,59930000.00,,,,57870000.00,,,,54892000.00,,,20195000.00,54851000.00,,,14630000.00,43850000.00,,,,40063000.00,,,6785000.00,4655000.00,,,4655000.00,,,,,34218000.00,,,,,,,,8328000.00,,,8728000.00,78956000.00,,,33818000.00,172511000.00,,,64822000.00,192987000.00,,,56744000.00,,,,
changeToInventory,,,,,,,,,,,,,,,,,,,,,,,,,,,,,,,,,,,,,,,,,,,,,,,,,,,,,,,,,,,,,,,,,,,,,,,,,,,,,,,,,,,
changeToAccountReceivables,,,,,,,,,,,,,,,,,,,,,,,,,,,,,,,,,,,,,,,,,,,,,,,,,,,,,,,,,,,,,,,,,,,,,,,,,,,,,,,,,,,
salePurchaseOfStock,,,,-9193000.00,6616000.00,-3242000.00,-3497000.00,-3843000.00,-8109000.00,-3490000.00,-523000.00,-10377000.00,-6685000.00,-3873000.00,-22000.00,-20000.00,,,,,,,,,,,,,,,,-593000.00,,,,,,,,,,,,-786000.00,,,,-73090000.00,,,-229000.00,-33950000.00,,,,-122794000.00,,,,-33950000.00,,,,-122212000.00,,,-582000.00,,,,,,,,,,,,,,,,-8183000.00
otherCashflowsFromFinancingActivities,,,-29551000.00,-15777000.00,207372000.00,71334000.00,-135426000.00,38174000.00,-88182000.00,-30356000.00,-148134000.00,-1413183000.00,-920000.00,-388000.00,-1544787000.00,-111422000.00,,,,55585000.00,,,,25187000.00,,,,36923000.00,,,,251057000.00,,,226103000.00,1494107000.00,,,305661000.00,364348000.00,,,-202907000.00,917658000.00,,,60805000.00,-1184479000.00,,,346858000.00,-644634000.00,,,,-2812608000.00,,,,-1421183000.00,-24898000.00,,775758000.00,5303445000.00,,,-432761000.00,7531013000.00,,,-1373483000.00,3820135000.00,,,1022335000.00,1046374000.00,,,303799000.00,,,,306257000.00
changeToNetincome,,,,,,,,,,9599000.00,7327000.00,-7650000.00,-3327000.00,-9138000.00,100589000.00,-22367000.00,,,,,,,,,,,,,,,,,,,,,,,,,,,,,,,,,,,,,,,,,,,,,,,,,,,,,,,,,,,,,,,,,,,
capitalExpenditures,0,0,0,0,0,0,0,0,0,0,0,0,0,0,0,0,,,,0,,,,0,,,,0,,,,0,,,0,0,,,0,0,,,0,0,,,0,0,,,0,0,,0,,0,0,0,,1054000,0,,1054000,4529000,,,3207000,10249000,,,1322000,24028000,,,7997000,13459000,,,2401000,,0,,792000
changeReceivables,,,,,,,,,,-198000.00,510000.00,41000.00,16000.00,4522000.00,4536000.00,1021000.00,,,,,,,,,,,,,,,,,,,,,,,,,,,,,,,,,,,,,,,,,,,,,,,,,,,,,,,,,,,,,,,,,,,
cashFlowsOtherOperating,,,,,,,,,,-447000.00,-90000.00,347000.00,5122000.00,-888000.00,-86000.00,4890000.00,,,,,,,,,,,,,,,,,,,,,,,,,,,,,,,,,,,,,,,,,,,,,,,,,,,,,,,,,,,,,,,,,,,
exchangeRateChanges,,,,,,,,,,,,,,,,,,,,,,,,,,,,,,,,,,,,,,,,,,,,,,,,,,,,,,,,,,,,,,,,,,,,,,,,,,,,,,,,,,,
cashAndCashEquivalentsChanges,,,,,,,,,,-53950000.00,20790000.00,22430000.00,3439000.00,-75280000.00,69740000.00,7507000.00,,,,,,,,,,,,,,,,,,,,,,,,,,,,,,,,,,,,,,,,,,,,,,,,,,,,,,,,,,,,,,,,,,,
changeInWorkingCapital,,,,9202000.00,-531000.00,565000.00,4225000.00,-93318000.00,93318000.00,,,,,,,,,,,,,,,,,,,,,,,320000.00,,,-320000.00,-358000.00,,,358000.00,3934000.00,,,-3934000.00,-302000.00,,,302000.00,431000.00,,,-431000.00,-29348000.00,,,,-34320000.00,,,,10750000.00,,,-10750000.00,-28767000.00,,,30414000.00,1647000.00,,,-1647000.00,43344000.00,,,-43344000.00,-30222000.00,,,30222000.00,,,,14561000.00
stockBasedCompensation,,,-2959000.00,-1806000.00,4102000.00,640000.00,-1977000.00,1855000.00,-509000.00,,-1754000.00,1779000.00,,,-2794000.00,-106000.00,,,,-1283000.00,,,,-391000.00,,,,236000.00,,,,3608000.00,,,-4505000.00,4838000.00,,,-4355000.00,4445000.00,,,-403000.00,229000.00,,,-4863000.00,-13712000.00,,,-2892000.00,-2480000.00,,,,11798000.00,,,,12349000.00,,,-12349000.00,40203000.00,,,-5316000.00,12430000.00,,,-34887000.00,34438000.00,,,-65908000.00,61501000.00,,,-31184000.00,,28000.00,,-25898000.00
otherNonCashItems,1540000.00,-6564000.00,652000.00,-4865000.00,-3494000.00,-5021000.00,-8643000.00,-5568000.00,8440000.00,-5678000.00,8838000.00,-11906000.00,,,101757000.00,6466000.00,,,,124300000.00,,,,-1264000.00,,,,73545000.00,,,,88407000.00,,,56718000.00,14349000.00,,,1345000.00,-72793000.00,,,9926000.00,2067000.00,,,-1048000.00,-144584000.00,,,-24236000.00,434310000.00,,-305000.00,,1467444000.00,187145000.00,10166000.00,,87129000.00,,,-97879000.00,307629000.00,,,-60152000.00,124651000.00,,,-218710000.00,-274777000.00,,,-354293000.00,-35272000.00,,,-5602000.00,,-56989000.00,,31671000.00
freeCashFlow,-1540000.00,6564000.00,-4416000.00,5925000.00,-4665000.00,-362000.00,-2273000.00,5568000.00,4939000.00,5678000.00,687000.00,16534000.00,,,9380000.00,46565000.00,,,,63749000.00,,,,88030000.00,,,,88574000.00,,,,89384000.00,,,22160000.00,61802000.00,,,8148000.00,49710000.00,,,11658000.00,23445000.00,,,2230000.00,-66219000.00,,,-11392000.00,-90186000.00,,305000.00,,1012718000.00,-187145000.00,-10166000.00,,63685000.00,,,-63685000.00,473002000.00,,,-246763000.00,71707000.00,,,-226239000.00,-341927000.00,,,-386797000.00,302051000.00,,,68722000.00,,56989000.00,,11767000.00
researchDevelopment,,,,,,,,,,,,,,,,,,,,,,,,,,,,,,,,,,,,,,,,,,,,,,,,,,,,,,,,,,,,,,,,,,,,,,,,,,,,,,,,,,,
effectOfAccountingCharges,,,,,,,,,,,,,,,,,,,,,,,,,,,,,,,,,,,,,,,,,,,,,,,,,,,,,,,,,,,,,,,,,,,,,,,,,,,,,,,,,,,
incomeBeforeTax,-6414000.00,5129000.00,-2109000.00,344000.00,406000.00,1109000.00,5219000.00,4642000.00,186000.00,-7135000.00,-5642000.00,10728000.00,4033000.00,9476000.00,-94944000.00,27410000.00,-7737000.00,-23525000.00,17594000.00,-59944000.00,4127000.00,2885000.00,-38132000.00,20948000.00,23691000.00,-1191000.00,13590000.00,-19181000.00,34356000.00,3029000.00,-32164000.00,23486000.00,-37133000.00,12248000.00,-29443000.00,-5315000.00,18289000.00,30913000.00,11513000.00,3428000.00,5548000.00,5748000.00,-585000.00,13705000.00,3573000.00,2523000.00,11204000.00,7359000.00,-11384000.00,437000.00,20256000.00,-107475000.00,27988000.00,-13198000.00,119777000.00,-180764000.00,-201031000.00,-37025000.00,111119000.00,177068000.00,-187145000.00,-35025000.00,45102000.00,-317729000.00,-199429000.00,65715000.00,-185878000.00,15669000.00,-93454000.00,-29007000.00,24835000.00,-271752000.00,31135000.00,66406000.00,29984000.00,109624000.00,112478000.00,82089000.00,104529000.00,101042000.00,71444000.00,64953000.00,8566000.00
minorityInterest,,,,,,,,,,,,,,,,,,,,,,,,,,,,,,,,,,,,,,,,,,,,,,,,,,,,,,,,,,,,,,,,,,,,,,,,,,,,,,,,,,,
sellingGeneralAdministrative,1142000.00,2676000.00,1656000.00,2532000.00,3377000.00,3787000.00,5219000.00,1125000.00,1009000.00,1349000.00,1242000.00,1361000.00,1197000.00,1431000.00,1385000.00,1005000.00,1365000.00,1191000.00,1260000.00,1263000.00,1121000.00,1400000.00,1257000.00,1442000.00,1095000.00,1350000.00,1480000.00,8030000.00,1200000.00,,,,,,,,,,,,,,,,,,,,,,,,,,,,,,,,,,,,,,,,,,,,,,,,,,,,,,
sellingAndMarketingExpenses,,,,,,,,,,,,,,,,,,,,,,,,,,,,,,,,,,,,,,,,,,,,,,,,,,,,,,,,,,,,,,,,,,,,,,,,,,,,,,,,,,,
grossProfit,13575000.00,12716000.00,14000000.00,43283000.00,12388000.00,8763000.00,7406000.00,3992000.00,4458000.00,7045000.00,6259000.00,9497000.00,5410000.00,6134000.00,24973000.00,28255000.00,28674000.00,32717000.00,33832000.00,37174000.00,32864000.00,30055000.00,30860000.00,30609000.00,28835000.00,31461000.00,30343000.00,24577000.00,25654000.00,26351000.00,28754000.00,61470000.00,40575000.00,-19501000.00,-82544000.00,-37170000.00,-35291000.00,-31663000.00,-25662000.00,-24942000.00,-24620000.00,-24773000.00,-20425000.00,-21947000.00,-19218000.00,-18520000.00,-16627000.00,106763000.00,-24479000.00,-16322000.00,-15016000.00,-110629000.00,2556000.00,394000.00,144952000.00,-83736000.00,-164849000.00,14014000.00,132314000.00,-330863000.00,-196948000.00,38318000.00,45592000.00,189372000.00,-12428000.00,197806000.00,19229000.00,204213000.00,-37471000.00,124229000.00,208718000.00,-33475000.00,209137000.00,190571000.00,126308000.00,180253000.00,169931000.00,131300000.00,159429000.00,130843000.00,99442000.00,88650000.00,13653000.00
reconciledDepreciation,,,,,-1171000.00,-1874000.00,-1820000.00,,-2742000.00,,,,,,,,,,,,,,,,,,,,,,,,,,,,,,,,,,,,,,,,,,,,,,,,,,,,,,,,,,,,,,,,,,,,,,,,,,
ebit,,,5578000.00,5313000.00,7311000.00,9787000.00,6683000.00,5005000.00,2100000.00,-12222000.00,-9400000.00,5047000.00,981000.00,6469000.00,-103311000.00,20373000.00,,,,,,,,,,,,,,,,,,,,,,,,,,,,,,,,,,,,,,,,,,,,,,,,,,,,,,,,,,,,,,,,,,,
ebitda,4816000.00,5129000.00,5653000.00,4757000.00,6140000.00,7913000.00,4863000.00,7747000.00,-642000.00,-7858000.00,-6365000.00,81435000.00,4033000.00,9476000.00,-94944000.00,13668000.00,-7737000.00,-23525000.00,17594000.00,31557000.00,3976000.00,2736000.00,-38269000.00,-36055000.00,23691000.00,-1226000.00,13590000.00,-5221000.00,34356000.00,3029000.00,-32164000.00,54328000.00,-37133000.00,12248000.00,-29443000.00,-60715000.00,18289000.00,30913000.00,11513000.00,-10711000.00,5548000.00,5748000.00,-585000.00,-17300000.00,3573000.00,2523000.00,11204000.00,-9307030.00,-11384000.00,437000.00,20256000.00,-89581000.00,18033000.00,-12697000.00,110831000.00,-178589000.00,-205105000.00,-37025000.00,111119000.00,177068000.00,-187145000.00,-35025000.00,45102000.00,348894000.00,-199429000.00,65715000.00,-215180000.00,17626000.00,-219673000.00,-29007000.00,24835000.00,-127525000.00,31135000.00,66406000.00,29984000.00,-299096000.00,112478000.00,82089000.00,104529000.00,-144963000.00,71444000.00,64953000.00,8566000.00
depreciationAndAmortization,,,75000.00,-556000.00,-1171000.00,-1874000.00,-1820000.00,2742000.00,-2742000.00,,,,,,,,,,,,,,,,,,,,,,,,,,,,,,,,,,,,,,,,,,,,,,,,,,,,,,,,,,,,,,,,,,,,,,,,,,
nonOperatingIncomeNetOther,,,,,,,,,,-9032000.00,-6763000.00,8120000.00,3952000.00,9797000.00,-100068000.00,23308000.00,,,,,,,,,,,,,,,,,,,,,,,,,,,,,,,,,,,,,,,,,,,,,,,,,,,,,,,,,,,,,,,,,,,
operatingIncome,4816000.00,5129000.00,5578000.00,5313000.00,7311000.00,9787000.00,6683000.00,30991000.00,186000.00,-7858000.00,-6365000.00,81435000.00,4033000.00,9476000.00,-94944000.00,13668000.00,-7737000.00,-23525000.00,17594000.00,31557000.00,3976000.00,2736000.00,-38269000.00,-36055000.00,23691000.00,-1226000.00,13590000.00,-5221000.00,34356000.00,3029000.00,-32164000.00,54328000.00,-37133000.00,12248000.00,-29443000.00,-60715000.00,18289000.00,30913000.00,11513000.00,-10711000.00,5548000.00,5748000.00,-585000.00,-17300000.00,3573000.00,2523000.00,11204000.00,-9307030.00,-11384000.00,437000.00,20256000.00,-89581000.00,18033000.00,-12697000.00,110831000.00,-178589000.00,-205105000.00,-37025000.00,111119000.00,177068000.00,-187145000.00,-35025000.00,45102000.00,348894000.00,-199429000.00,65715000.00,-215180000.00,17626000.00,-219673000.00,-29007000.00,24835000.00,-127525000.00,31135000.00,66406000.00,29984000.00,-299096000.00,112478000.00,82089000.00,104529000.00,-144963000.00,71444000.00,64953000.00,8566000.00
otherOperatingExpenses,1142000.00,2676000.00,1656000.00,2532000.00,3377000.00,3787000.00,5219000.00,3013000.00,2897000.00,1349000.00,1242000.00,1361000.00,1197000.00,1431000.00,1385000.00,1005000.00,1365000.00,1191000.00,1260000.00,1263000.00,1121000.00,1400000.00,1257000.00,1442000.00,1095000.00,1350000.00,1480000.00,8030000.00,1200000.00,23322000.00,60918000.00,42671000.00,77708000.00,19501000.00,23170000.00,87615000.00,28305000.00,39565000.00,19745000.00,33914000.00,13514000.00,13512000.00,6888000.00,42811000.00,13549000.00,9835000.00,19427000.00,14203030.00,4276000.00,7830000.00,26234000.00,47602000.00,14314000.00,14086000.00,34121000.00,413957000.00,126759000.00,14558000.00,21195000.00,221952000.00,118602000.00,33010000.00,70340000.00,404708000.00,74743000.00,121852000.00,397078000.00,660145000.00,302115000.00,121882000.00,129981000.00,363744000.00,130764000.00,121513000.00,111467000.00,293342000.00,117989000.00,81425000.00,93928000.00,181193000.00,85518000.00,59789000.00,35886000.00
interestExpense,8759000.00,172000.00,8347000.00,212000.00,258000.00,4459000.00,1464000.00,1833000.00,1914000.00,1958000.00,2501000.00,3083000.00,1632000.00,2369000.00,15832000.00,21218000.00,23982000.00,26135000.00,25915000.00,26550000.00,22526000.00,19193000.00,16556000.00,14952000.00,13968000.00,12528000.00,10066000.00,8436000.00,7390000.00,6703000.00,6693000.00,5421000.00,5165000.00,4575000.00,3728000.00,3454000.00,2976000.00,2676000.00,2285000.00,2391000.00,2314000.00,2220000.00,1604000.00,1783000.00,1248000.00,1117000.00,817000.00,827000.00,657000.00,592000.00,432000.00,262000.00,310000.00,583000.00,,25937000.00,25387000.00,582000.00,,70895000.00,25387000.00,21858000.00,23650000.00,52583000.00,112072000.00,143231000.00,169551000.00,164891000.00,165237000.00,128189000.00,153483000.00,211393000.00,156373000.00,103725000.00,74822000.00,53549000.00,44265000.00,34276000.00,32066000.00,24656000.00,22972000.00,19721000.00,1646000.00
taxProvision,,,,,,,,,,,,,,,,,,,,,,,,,,,,,,,,,,,,,,,,,,,,,,,,,,,,,,,,,,,,,,,,,,,,,,,,,,,,,,,,,,,
interestIncome,,,,,,,,,,,,,,,,,,,,,,,,,,,,,,,,,,,,,,,,,,,,,,,,,,,,,,,,,,,,,,,,,,,,,,,,,,,,,,,,,,,
netInterestIncome,,,,,,,,,,,,,,,,,,,,,,,,,,,,,,,,,,,,,,,,,,,,,,,,,,,,,,,,,,,,,,,,,,,,,,,,,,,,,,,,,,,
extraordinaryItems,,,,,,,,,,,,,,,,,,,,,,,,,,,,,,,,,,,,,,,,,,,,,,,,,,,,,,,,,,,,,,,,,,,,,,,,,,,,,,,,,,,
nonRecurring,,,,,,,,,,,,,,,,,,,,,,,,,,,,,,,,,,,,,,,,,,,,,,,,,,,,,,,,,,,,,,,,,,,,,,,,,,,,,,,,,,,
otherItems,,,,,,,,,,,,,,,,,,,,,,,,,,,,,,,,,,,,,,,,,,,,,,,,,,,,,,,,,,,,,,,,,,,,,,,,,,,,,,,,,,,
incomeTaxExpense,199000.00,921000.00,109000.00,344000.00,406000.00,802000.00,-723000.00,808000.00,436000.00,-76000.00,398000.00,,,,,774000.00,774000.00,774000.00,278000.00,-33639000.00,9628000.00,6493000.00,18251000.00,13707000.00,823000.00,16737000.00,8336000.00,22255000.00,15543000.00,-9865000.00,-546000.00,4675000.00,15497000.00,5647000.00,12742000.00,27450000.00,5442000.00,12074000.00,4480000.00,-36569000.00,2455000.00,2554000.00,-3762000.00,-162092000.00,450000.00,379000.00,442000.00,419000.00,259000.00,346000.00,471000.00,-11523000.00,3584000.00,-501000.00,8946000.00,10777000.00,-18123000.00,-310000.00,9555000.00,28097000.00,-18123000.00,-9974000.00,,-47367000.00,15288000.00,55011000.00,,11859000.00,-26062000.00,1240000.00,-1719000.00,-142000.00,8090000.00,13163000.00,5572000.00,23032000.00,20329000.00,910000.00,14890000.00,21084000.00,14483000.00,6181000.00,2843000.00
totalRevenue,13575000.00,12716000.00,14000000.00,43283000.00,12388000.00,8763000.00,7406000.00,5880000.00,6346000.00,7045000.00,6259000.00,9497000.00,5410000.00,6134000.00,24973000.00,28255000.00,28674000.00,32717000.00,33832000.00,37174000.00,32864000.00,30055000.00,30860000.00,30609000.00,28835000.00,31461000.00,30343000.00,24577000.00,25654000.00,26351000.00,28754000.00,173392000.00,40575000.00,,-59374000.00,-33701000.00,-6986000.00,7902000.00,-5917000.00,-11871000.00,-11106000.00,-11261000.00,-13537000.00,801000.00,-5669000.00,-8685000.00,2800000.00,70022000.00,-20203000.00,-8492000.00,11218000.00,-110493000.00,3719000.00,1389000.00,144952000.00,-1446000.00,-78346000.00,28572000.00,132314000.00,-108911000.00,-78346000.00,71328000.00,115932000.00,19073000.00,62315000.00,319658000.00,181898000.00,340652000.00,82442000.00,246111000.00,338699000.00,105546000.00,339901000.00,312084000.00,237775000.00,298100000.00,287920000.00,212725000.00,253357000.00,245587000.00,184960000.00,148439000.00,49539000.00
totalOperatingExpenses,1142000.00,2676000.00,1656000.00,2532000.00,3377000.00,3787000.00,5219000.00,1125000.00,1009000.00,1349000.00,1242000.00,1361000.00,1197000.00,1431000.00,1385000.00,1005000.00,1365000.00,1191000.00,1260000.00,1263000.00,1121000.00,1400000.00,1257000.00,1442000.00,1095000.00,1350000.00,1480000.00,8030000.00,1200000.00,-23322000.00,-60918000.00,-154593000.00,-77708000.00,31749000.00,53101000.00,-91084000.00,53580000.00,62576000.00,37175000.00,-46985000.00,30168000.00,30521000.00,19840000.00,-65559000.00,22791000.00,21043000.00,27831000.00,50944030.00,13095000.00,16759000.00,35272000.00,47466000.00,-15477000.00,13091000.00,-34121000.00,331667000.00,40256000.00,-51039000.00,-21195000.00,-443904000.00,9803000.00,-73343000.00,-490000.00,-234409000.00,-187001000.00,-132091000.00,234409000.00,523706000.00,182202000.00,-153236000.00,-183883000.00,-502765000.00,-178002000.00,-124165000.00,-96324000.00,-411189000.00,-57453000.00,-49211000.00,-54900000.00,-295937000.00,-27998000.00,-23697000.00,-5087000.00
costOfRevenue,,,,,,,,1888000.00,1888000.00,,,,,,,,,,,,,,,,,,,,,,,111922000.00,,19501000.00,23170000.00,3469000.00,28305000.00,39565000.00,19745000.00,13071000.00,13514000.00,13512000.00,6888000.00,22748000.00,13549000.00,9835000.00,19427000.00,-36741000.00,4276000.00,7830000.00,26234000.00,136000.00,1163000.00,995000.00,,82290000.00,86503000.00,14558000.00,,221952000.00,118602000.00,33010000.00,70340000.00,-170299000.00,74743000.00,121852000.00,162669000.00,136439000.00,119913000.00,121882000.00,129981000.00,139021000.00,130764000.00,121513000.00,111467000.00,117847000.00,117989000.00,81425000.00,93928000.00,114744000.00,85518000.00,59789000.00,35886000.00
totalOtherIncomeExpenseNet,-11230000.00,1704000.00,-7687000.00,-4969000.00,-6905000.00,-8678000.00,-1464000.00,-26349000.00,-3263000.00,723000.00,723000.00,-70707000.00,,,,13742000.00,,,,-91501000.00,151000.00,149000.00,137000.00,57003000.00,,35000.00,,-13960000.00,,,,-30842000.00,,,,55400000.00,,,,14139000.00,,,,31005000.00,,,,16666030.00,,,,-17894000.00,9955000.00,-501000.00,8946000.00,-2175000.00,4074000.00,,,,,,,-666623000.00,,,29302000.00,-1957000.00,126219000.00,,,-144227000.00,,,,408720000.00,,,,246005000.00,,,
discontinuedOperations,,,,,,,,,,,,,,,,,,,,,,,,,,,,,,,,,,,,,,,,,,,,,,,,,,,,,,,,,,,,,,,,,,,,,,,,,,,,,,,,,,,
netIncomeFromContinuingOps,,,,,,,,,,-7059000.00,-6040000.00,11461000.00,4759000.00,10234000.00,-94170000.00,27410000.00,,,,,,,,,,,,,,,,,,,,,,,,,,,,,,,,,,,,,,,,,,,,,,,,,,,,,,,,,,,,,,,,,,,
netIncomeApplicableToCommonShares,,,,,,,,,,-7782000.00,-6763000.00,10728000.00,4033000.00,9476000.00,-94944000.00,26636000.00,,,,,,,,,,,,,,,,,,,,,,,,,,,,,,,,,,,,,,,,,,,,,,,,,,,,,,,,,,,,,,,,,,,
preferredStockAndOtherAdjustments,,,,,,,,,,723000.00,723000.00,733000.00,726000.00,758000.00,774000.00,774000.00,,,,,,,,,,,,,,,,,,,,,,,,,,,,,,,,,,,,,,,,,,,,,,,,,,,,,,,,,,,,,,,,,,,
