,2023-09-30,2023-06-30,2023-03-31,2022-12-31,2022-09-30,2022-06-30,2022-03-31,2021-12-31,2021-09-30,2021-06-30,2021-03-31,2020-12-31,2020-09-30,2020-06-30,2020-03-31,2019-12-31,2019-09-30,2019-06-30,2019-03-31,2018-12-31,2018-09-30,2018-06-30,2018-03-31,2017-12-31,2017-09-30,2017-06-30,2017-03-31,2016-12-31,2016-09-30,2016-06-30,2016-03-31,2015-12-31,2015-09-30,2015-06-30,2015-03-31,2014-12-31,2014-09-30,2014-06-30,2014-03-31,2013-12-31,2013-09-30,2013-06-30,2013-03-31,2012-12-31,2012-09-30,2012-06-30,2012-03-31,2011-12-31,2011-09-30,2011-06-30,2011-03-31,2010-12-31,2010-09-30,2010-06-30,2010-03-31,2009-12-31,2009-09-30,2009-06-30,2009-03-31,2008-12-31,2008-09-30,2008-06-30,2008-03-31,2007-12-31,2007-09-30,2007-06-30,2007-03-31,2006-12-31,2006-09-30,2006-06-30,2006-03-31,2005-12-31,2005-09-30,2005-06-30,2005-03-31,2004-12-31,2004-09-30,2004-06-30,2004-03-31,2003-12-31,2003-09-30,2003-06-30,2003-03-31,2002-12-31,2002-09-30,2002-06-30,2002-03-31,2001-12-31,2001-09-30,2001-06-30,2001-03-31,2000-12-31,2000-09-30,2000-06-30,2000-03-31,1999-12-31,1999-09-30,1999-06-30,1999-03-31,1998-12-31,1998-09-30,1998-06-30,1998-03-31,1997-12-31,1997-09-30,1997-06-30,1997-03-31,1996-12-31,1996-09-30,1996-06-30,1996-03-31,1995-12-31,1995-09-30,1995-06-30,1995-03-31,1994-12-31,1994-09-30,1994-06-30,1994-03-31,1993-12-31,1993-09-30,1993-06-30,1993-03-31,1992-12-31,1992-09-30,1992-06-30,1992-03-31,1991-12-31,1991-09-30,1991-06-30,1991-03-31,1990-12-31,1990-09-30,1990-06-30,1990-03-31,1989-12-31,1989-09-30,1989-06-30,1989-03-31,1988-12-31,1988-09-30,1988-06-30,1988-03-31,1987-12-31,1987-09-30,1987-06-30,1987-03-31,1986-12-31,1986-09-30,1986-06-30,1986-03-31,1985-12-31,1985-09-30
date,2023-09-30,2023-06-30,2023-03-31,2022-12-31,2022-09-30,2022-06-30,2022-03-31,2021-12-31,2021-09-30,2021-06-30,2021-03-31,2020-12-31,2020-09-30,2020-06-30,2020-03-31,2019-12-31,2019-09-30,2019-06-30,2019-03-31,2018-12-31,2018-09-30,2018-06-30,2018-03-31,2017-12-31,2017-09-30,2017-06-30,2017-03-31,2016-12-31,2016-09-30,2016-06-30,2016-03-31,2015-12-31,2015-09-30,2015-06-30,2015-03-31,2014-12-31,2014-09-30,2014-06-30,2014-03-31,2013-12-31,2013-09-30,2013-06-30,2013-03-31,2012-12-31,2012-09-30,2012-06-30,2012-03-31,2011-12-31,2011-09-30,2011-06-30,2011-03-31,2010-12-31,2010-09-30,2010-06-30,2010-03-31,2009-12-31,2009-09-30,2009-06-30,2009-03-31,2008-12-31,2008-09-30,2008-06-30,2008-03-31,2007-12-31,2007-09-30,2007-06-30,2007-03-31,2006-12-31,2006-09-30,2006-06-30,2006-03-31,2005-12-31,2005-09-30,2005-06-30,2005-03-31,2004-12-31,2004-09-30,2004-06-30,2004-03-31,2003-12-31,2003-09-30,2003-06-30,2003-03-31,2002-12-31,2002-09-30,2002-06-30,2002-03-31,2001-12-31,2001-09-30,2001-06-30,2001-03-31,2000-12-31,2000-09-30,2000-06-30,2000-03-31,1999-12-31,1999-09-30,1999-06-30,1999-03-31,1998-12-31,1998-09-30,1998-06-30,1998-03-31,1997-12-31,1997-09-30,1997-06-30,1997-03-31,1996-12-31,1996-09-30,1996-06-30,1996-03-31,1995-12-31,1995-09-30,1995-06-30,1995-03-31,1994-12-31,1994-09-30,1994-06-30,1994-03-31,1993-12-31,1993-09-30,1993-06-30,1993-03-31,1992-12-31,1992-09-30,1992-06-30,1992-03-31,1991-12-31,1991-09-30,1991-06-30,1991-03-31,1990-12-31,1990-09-30,1990-06-30,1990-03-31,1989-12-31,1989-09-30,1989-06-30,1989-03-31,1988-12-31,1988-09-30,1988-06-30,1988-03-31,1987-12-31,1987-09-30,1987-06-30,1987-03-31,1986-12-31,1986-09-30,1986-06-30,1986-03-31,1985-12-31,1985-09-30
filing_date,2023-10-25,2023-07-26,2023-03-31,2023-01-30,2022-10-26,2022-07-27,2022-03-31,2021-12-31,2021-09-30,2021-06-30,2021-03-31,2020-12-31,2020-09-30,2020-06-30,2020-03-31,2019-12-31,2019-09-30,2019-06-30,2019-03-31,2018-12-31,2018-09-30,2018-06-30,2018-03-31,2017-12-31,2017-09-30,2017-06-30,2017-03-31,2016-12-31,2016-09-30,2016-06-30,2016-03-31,2015-12-31,2015-09-30,2015-06-30,2015-03-31,2014-12-31,2014-09-30,2014-06-30,2014-03-31,2013-12-31,2013-09-30,2013-06-30,2013-03-31,2013-03-28,2012-09-30,2012-06-30,2012-03-31,2012-03-29,2011-09-30,2011-06-30,2011-03-31,2011-03-28,2010-09-30,2010-06-30,2010-03-31,2010-03-26,2009-09-30,2009-06-30,2009-03-31,2009-03-31,2008-09-30,2008-06-30,2008-03-31,2008-03-28,2007-09-30,2007-06-30,2007-03-31,2007-03-30,2006-09-30,2006-06-30,2006-03-31,2006-03-28,2005-09-30,2005-06-30,2005-04-01,2004-12-31,2004-09-30,2004-06-30,2004-05-18,2003-12-31,2003-09-30,2003-06-30,2003-05-20,2002-12-31,2002-09-30,2002-06-30,2002-05-13,2001-12-31,2001-09-30,2001-06-30,2001-03-31,2000-12-31,2000-09-30,2000-06-30,2000-03-31,1999-12-31,1999-09-30,1999-06-30,1999-03-31,1998-12-31,1998-09-30,1998-06-30,1998-03-31,1997-12-31,1997-09-30,1997-06-30,1997-03-31,1996-12-31,1996-09-30,1996-06-30,1996-03-31,1995-12-31,1995-09-30,1995-06-30,1995-03-31,1994-12-31,1994-09-30,1994-06-30,1994-03-31,1993-12-31,1993-09-30,1993-06-30,1993-03-31,1992-12-31,1992-09-30,1992-06-30,1992-03-31,1991-12-31,1991-09-30,1991-06-30,1991-03-31,1990-12-31,1990-09-30,1990-06-30,1990-03-31,1989-12-31,1989-09-30,1989-06-30,1989-03-31,1988-12-31,1988-09-30,1988-06-30,1988-03-31,1987-12-31,1987-09-30,1987-06-30,1987-03-31,1986-12-31,1986-09-30,1986-06-30,1986-03-31,1985-12-31,1985-09-30
currency_symbol,USD,USD,USD,USD,USD,USD,USD,USD,USD,USD,USD,USD,USD,USD,USD,USD,USD,USD,USD,USD,USD,USD,USD,USD,USD,USD,USD,USD,USD,USD,USD,USD,USD,USD,USD,USD,USD,USD,USD,USD,USD,USD,USD,USD,USD,USD,USD,USD,USD,USD,USD,USD,USD,USD,USD,USD,USD,USD,USD,USD,USD,USD,USD,USD,USD,USD,USD,USD,USD,USD,USD,USD,USD,USD,USD,USD,USD,USD,USD,USD,USD,USD,USD,USD,USD,USD,USD,USD,USD,USD,USD,USD,USD,USD,USD,USD,USD,USD,USD,USD,USD,USD,USD,USD,USD,USD,USD,USD,USD,USD,USD,USD,USD,USD,USD,USD,USD,USD,USD,USD,USD,USD,USD,USD,USD,USD,USD,USD,USD,USD,USD,USD,USD,USD,USD,USD,USD,USD,USD,USD,USD,USD,USD,USD,USD,USD,USD,USD,USD,USD,USD,USD,USD
totalAssets,29225681000.00,29311652000.00,29646416000.00,23494808000.00,23273755000.00,23186108000.00,23330519000.00,10186776000.00,10051444000.00,9918990000.00,9552816000.00,9614755000.00,9201507000.00,9059029000.00,9695930000.00,8789885000.00,8306705000.00,8090680000.00,7912944000.00,7852843000.00,8355839000.00,8278687000.00,7876444000.00,7865601000.00,7875200000.00,7695042000.00,7397269000.00,7107951000.00,7172879000.00,7024195000.00,6716564000.00,6683180000.00,6805608000.00,6749815000.00,6767125000.00,6840538000.00,6674869000.00,6708478000.00,4995126000.00,4959359000.00,5440070000.00,5250800000.00,5250820000.00,5255842000.00,5218625000.00,5067550000.00,4998423000.00,5034262000.00,5544051000.00,5641656000.00,5523201000.00,5500351000.00,5511972000.00,4494772000.00,4309745000.00,4247357000.00,4113303000.00,3812633000.00,3630004000.00,3378824000.00,3221864000.00,2976867000.00,2819484000.00,2735498000.00,2531554000.00,2411346000.00,1535457000.00,1521488000.00,1413259000.00,1362174000.00,1066184000.00,976069000.00,766727000.00,736355000.00,718164000.00,718164000.00,687523000.00,650627000.00,637120000.00,637120000.00,602838000.00,588724000.00,593807000.00,593807000.00,433491000.00,434960000.00,395512000.00,395512000.00,446034000.00,450112000.00,370692000.00,364752000.00,333520000.00,326769000.00,307468000.00,294244000.00,271510000.00,275243000.00,276064000.00,278103000.00,276953000.00,289876000.00,,234053000.00,,,,300636000.00,302798963.51,307332933.03,301146455.68,282511145.00,278111868.38,268000116.46,255212974.51,256234760.66,258323765.79,247540876.82,245264322.76,144113115.20,,,,,,,,,,,,,,,,,,,,,,,,,,,,,,,,,
intangibleAssets,4174000.00,14668000.00,11654000.00,13318000.00,50455000.00,56061000.00,61667000.00,,,,,,,,,,,,,,696809000.00,696809000.00,696809000.00,696809000.00,696809000.00,696809000.00,696809000.00,696809000.00,696809000.00,696809000.00,696809000.00,696809000.00,696809000.00,696809000.00,601190000.00,582461000.00,638393000.00,39017000.00,39017000.00,39017000.00,235414000.00,235414000.00,229279000.00,229279000.00,229279000.00,229279000.00,229279000.00,229279000.00,200064000.00,200064000.00,200064000.00,200064000.00,,,,,,,,,,,,,,,,,,,,,,,,,,,,,,,,,,,,,,,,,,,,,,,,,,,,,,,,,,,,,,,,,,,,,,,,,,,,,,,,,,,,,,,,,,,,,,,,,,,,,
earningAssets,,,,,,,,,,,,,,,,,,,,,,,,,,,,,,,,,,,,,,,,,,,,,,,,,,,,,,,,,,,,,,,,,,,,,,,,,,,,,,,,,,,,,,,,,,,,,,,,,,,,,,,,,,,,,,,,,,,,,,,,,,,,,,,,,,,,,,,,,,,,,,,,,,,,,,,,,
otherCurrentAssets,38954000.00,36879000.00,35836000.00,259952000.00,299550000.00,4861000.00,2537000.00,198846000.00,24962000.00,35810000.00,162661000.00,159212000.00,19559000.00,163754000.00,18706000.00,179218000.00,21707000.00,241672000.00,13584000.00,165824000.00,206527000.00,200898000.00,145682000.00,150626000.00,174968000.00,149762000.00,130087000.00,136810000.00,168500000.00,181342000.00,186850000.00,194689000.00,171835000.00,146529000.00,127830000.00,123401000.00,130176000.00,122224000.00,101779000.00,116993000.00,142967000.00,115242000.00,97988000.00,92977000.00,99227000.00,100575000.00,92109000.00,110369000.00,117782000.00,101477000.00,92572000.00,89776000.00,87148000.00,86292000.00,65515000.00,61159000.00,46617000.00,136565000.00,36074000.00,6189000.00,158711000.00,56111000.00,78165000.00,48692000.00,77322000.00,142816000.00,152646000.00,146940000.00,89714000.00,107117000.00,75833000.00,90787000.00,71432000.00,56407000.00,44615000.00,44615000.00,41529000.00,42082000.00,42740000.00,42740000.00,23609000.00,32053000.00,32649000.00,32649000.00,18511000.00,29567000.00,21637000.00,21637000.00,19995000.00,23719000.00,18217000.00,22317000.00,3405000.00,810000.00,6001000.00,6221000.00,9949000.00,6817000.00,6493000.00,7235000.00,6338000.00,4966000.00,,6575000.00,,,,7516000.00,7267175.12,8201403.03,7046078.42,5205889.25,7201508.60,5968497.98,6558545.71,5275840.93,4473138.80,3908540.16,5062961.54,4909513.88,,,,,,,,,,,,,,,,,,,,,,,,,,,,,,,,,
totalLiab,9292415000.00,9358449000.00,9860375000.00,7253463000.00,7147056000.00,6915096000.00,7068452000.00,4205941000.00,4156814000.00,4054518000.00,3863498000.00,3931542000.00,3717488000.00,3822287000.00,4655332000.00,3678371000.00,3525055000.00,3444971000.00,3345840000.00,3302831000.00,3406984000.00,3346529000.00,2936395000.00,2918610000.00,2955649000.00,2844616000.00,2618767000.00,2615477000.00,2714415000.00,2644948000.00,2461450000.00,2542160000.00,2650352000.00,2590046000.00,2667383000.00,2772048000.00,2705101000.00,2418367000.00,1889521000.00,1982210000.00,1980633000.00,1833974000.00,1787439000.00,1845630000.00,1828573000.00,1793739000.00,1746575000.00,1819099000.00,1821287000.00,1814672000.00,1781738000.00,1834901000.00,1897342000.00,1545233000.00,1504612000.00,1495596000.00,1426615000.00,1145588000.00,1011245000.00,861068000.00,1058297000.00,839533000.00,693875000.00,676564000.00,637630000.00,580910000.00,247941000.00,269083000.00,192453000.00,197057000.00,180446000.00,321002000.00,255656000.00,240059000.00,247938000.00,247938000.00,238788000.00,86278000.00,236385000.00,236385000.00,206805000.00,192176000.00,196114000.00,196114000.00,214991000.00,219847000.00,184197000.00,184197000.00,229421000.00,230752000.00,231953000.00,228297000.00,201376000.00,193656000.00,171321000.00,155105000.00,132416000.00,131178000.00,129452000.00,131461000.00,127693000.00,132387000.00,,133955000.00,,,,148493000.00,145416908.29,144256821.08,140554585.09,155370131.39,147222593.43,141060354.62,140367135.98,146226347.83,138369093.59,133324647.69,133155888.59,29154959.36,,,,,,,,,,,,,,,,,,,,,,,,,,,,,,,,,
totalStockholderEquity,19933266000.00,19953203000.00,19786041000.00,16241345000.00,16126699000.00,16271012000.00,16262067000.00,5980835000.00,5894630000.00,5864472000.00,5689318000.00,5683213000.00,5484019000.00,5236742000.00,5040598000.00,5111514000.00,4781650000.00,4645709000.00,4567104000.00,4550012000.00,4948855000.00,4932158000.00,4940049000.00,4946991000.00,4919551000.00,4850426000.00,4778502000.00,4492474000.00,4458464000.00,4379247000.00,4255114000.00,4141020000.00,4155256000.00,4159769000.00,4099742000.00,4068490000.00,3969768000.00,4290111000.00,3105605000.00,2977149000.00,3459437000.00,3416826000.00,3463381000.00,3410212000.00,3390052000.00,3273811000.00,3251848000.00,3202972000.00,3722764000.00,3826984000.00,3741463000.00,3665450000.00,3614630000.00,2949539000.00,2805133000.00,2751761000.00,2686688000.00,2667045000.00,2618759000.00,2517756000.00,2163567000.00,2137334000.00,2125609000.00,2058934000.00,1893924000.00,1820241000.00,1287516000.00,1252405000.00,1220806000.00,1165117000.00,885738000.00,655067000.00,511071000.00,496296000.00,470226000.00,470226000.00,448735000.00,564349000.00,400735000.00,400735000.00,396033000.00,396548000.00,397693000.00,397693000.00,218500000.00,215113000.00,211315000.00,211315000.00,214888000.00,217399000.00,136778000.00,133890000.00,128881000.00,129802000.00,132836000.00,135821000.00,135823000.00,140451000.00,143034000.00,143089000.00,144489000.00,152523000.00,,94992000.00,,,,146816000.00,152023431.13,157657327.81,155160518.47,126994368.84,130740790.24,126721402.16,114631972.91,109794527.38,119954672.19,114216229.13,112108434.17,114958155.84,,,,,,,,,,,,,,,,,,,,,,,,,,,,,,,,,
deferredLongTermLiab,,,,,,,,,,,,,,,,,,,,,,,,827341000.00,,,,819562000.00,,,,802114000.00,,,,797192000.00,,,,,,,,,,,,,,,,,,,,,,,,,,,,,,,,,,,,,,,,,,,,,,,,,,,,,,,,,,,,,,,,,,,,,,,,,,,,,,,,,,,,,,,,,,,,,,,,,,,,,,,,,,,,,,,,,,,,,
otherCurrentLiab,41778000.00,18156000.00,159524000.00,137453000.00,267842000.00,97309000.00,90433000.00,22089000.00,26035000.00,14635000.00,1508000.00,904000.00,4860000.00,10197000.00,36956000.00,242628000.00,678000.00,635000.00,1482000.00,8325000.00,623000.00,5508000.00,275000.00,186274000.00,56591000.00,679000.00,223000.00,1120000.00,1104000.00,719000.00,1709000.00,8073000.00,14356000.00,12796000.00,21858000.00,8249000.00,535000.00,34718000.00,1878000.00,467000.00,484000.00,1968000.00,700000.00,174424000.00,9275000.00,4129000.00,39746000.00,30473000.00,17308000.00,71800000.00,102908000.00,132344000.00,1928000.00,1622000.00,549000.00,35028000.00,8959000.00,7554000.00,5046000.00,61619000.00,896000.00,438000.00,5086000.00,33323000.00,647000.00,17768000.00,18069000.00,29397000.00,13623000.00,14780000.00,643000.00,6052000.00,1684000.00,3254000.00,5825000.00,5825000.00,1586000.00,3159000.00,6488000.00,6488000.00,1066000.00,2702000.00,5840000.00,5840000.00,1187000.00,2663000.00,5136000.00,5136000.00,3445000.00,5598000.00,3017000.00,6672000.00,2833000.00,2702000.00,3173000.00,4631000.00,3271000.00,3340000.00,3246000.00,4522000.00,5490000.00,5307000.00,,6085000.00,,,,9195000.00,5505435.70,5418784.14,3816625.81,7845495.07,4157571.98,2620316.18,2138656.21,5846202.11,2311121.71,2750454.19,7015818.14,6420133.54,,,,,,,,,,,,,,,,,,,,,,,,,,,,,,,,,
commonStock,18279698000.00,18224982000.00,18161019000.00,16251221000.00,16196664000.00,16216512000.00,16167944000.00,5863512000.00,5828276000.00,5794462000.00,5752660000.00,5751479000.00,5723218000.00,5676839000.00,5611517000.00,5589352000.00,5557709000.00,5464573000.00,5373951000.00,5362169000.00,5343703000.00,5322229000.00,5292409000.00,5288432000.00,5262855000.00,5244150000.00,5205803000.00,4987694000.00,4976257000.00,4926048000.00,4799138000.00,4707940000.00,4695297000.00,4685089000.00,4622015000.00,4599788000.00,4469249000.00,4451910000.00,3298010000.00,3294007000.00,3279648000.00,3265068000.00,3249744000.00,3241922000.00,3213756000.00,3194581000.00,3182900000.00,3181400000.00,3117100000.00,3102100000.00,3090200000.00,3078200000.00,3003500000.00,2397100000.00,2382200000.00,2378759000.00,2371000000.00,2348900000.00,2329100000.00,2299700000.00,1982400000.00,1976100000.00,1972400000.00,1931700000.00,1791800000.00,1724500000.00,1230700000.00,1230654000.00,1225900000.00,1215925000.00,973116000.00,764659000.00,631067000.00,623087000.00,620704000.00,620704000.00,618436000.00,453970000.00,601323000.00,601323000.00,600447000.00,594341000.00,591969000.00,591969000.00,423639000.00,420179000.00,247965000.00,247965000.00,243066000.00,241516000.00,159238000.00,158252000.00,154200000.00,153900000.00,153500000.00,153000000.00,152400000.00,151900000.00,151600000.00,151700000.00,151500000.00,157800000.00,,169900000.00,,,,127100000.00,,127500000.00,127000000.00,125100000.00,127100000.00,124000000.00,121300000.00,,,,,,,,,,,,,,,,,,,,,,,,,,,,,,,,,,,,,,
capitalStock,18279698000.00,18224982000.00,18161019000.00,16251221000.00,16196664000.00,16216512000.00,16167944000.00,5863512000.00,5828276000.00,5794462000.00,,,,,,,,,,,,,,,,,,,,,,,,,,,,,,,,,,,,,,,,,,,,,,,,,,,,,,,,,,,,,,,,,,,,,,,,,,,,,,,,,,,,,,,,,,,,,,,,,,,,,,,,,,,,,,,,,,,,,,,,,,,,,,,,,,,,,,,,,,,,,,,
retainedEarnings,1539065000.00,1558021000.00,1429346000.00,-201580000.00,-224005000.00,-123090000.00,-217654000.00,-165319000.00,-186889000.00,-209245000.00,-315251000.00,-366412000.00,-485959000.00,-660018000.00,-716902000.00,-647330000.00,-933158000.00,-981795000.00,-980412000.00,-988913000.00,-569795000.00,-561025000.00,-540263000.00,-595797000.00,-604288000.00,-652094000.00,-690859000.00,-744453000.00,-785342000.00,-812421000.00,-813517000.00,-823734000.00,-791153000.00,-775073000.00,-768011000.00,-779382000.00,-740445000.00,-394821000.00,-418532000.00,-513441000.00,-22345000.00,-31468000.00,31000000.00,7046000.00,-3450000.00,-75505000.00,-84579000.00,-129021000.00,472740000.00,554354000.00,485529000.00,440265000.00,460311000.00,338850000.00,238490000.00,216158000.00,196143000.00,213109000.00,211882000.00,157541000.00,163533000.00,149495000.00,141148000.00,112240000.00,72711000.00,61259000.00,23450000.00,3015000.00,-25049000.00,-70252000.00,-107344000.00,-138697000.00,-147457000.00,-149513000.00,-172756000.00,-172756000.00,-185785000.00,-63296000.00,-218061000.00,-218061000.00,-217908000.00,-206039000.00,-196023000.00,-196023000.00,-194013000.00,-193383000.00,-56731000.00,-56731000.00,-48259000.00,-43622000.00,-37134000.00,-36880000.00,-35537000.00,-34190000.00,-30761000.00,-27302000.00,-21195000.00,-16159000.00,-13250000.00,-11370000.00,-9606000.00,-7415000.00,,-78274000.00,,,,10143000.00,14240727.01,18013795.93,15119709.94,17157437.82,18337862.12,14266165.90,9481375.87,5632316.66,7977097.53,5211386.88,2531480.77,-679778.85,,,,,,,,,,,,,,,,,,,,,,,,,,,,,,,,,
otherLiab,,,,,4689711000.00,4589312000.00,4632769000.00,2005460000.00,1838675000.00,1816222000.00,1747938000.00,1751180000.00,1564665000.00,1499723000.00,1460999000.00,1436490000.00,1298426000.00,1250498000.00,1231464000.00,1220074000.00,1224131000.00,1255864000.00,412841000.00,383682000.00,326657000.00,314533000.00,302797000.00,293184000.00,347783000.00,359472000.00,345319000.00,300790000.00,274745000.00,290973000.00,284796000.00,267583000.00,284156000.00,176897000.00,172657000.00,166393000.00,121748000.00,119894000.00,125289000.00,115627000.00,145485000.00,118072000.00,127493000.00,119804000.00,138720000.00,150033000.00,151303000.00,107517000.00,113886000.00,107465000.00,100652000.00,74274000.00,88442000.00,81348000.00,83274000.00,72514000.00,64567000.00,70477000.00,57990000.00,51476000.00,36727000.00,32392000.00,26922000.00,27457000.00,17485000.00,17309000.00,28496000.00,25919000.00,20615000.00,15115000.00,18418000.00,14815000.00,15886000.00,15325000.00,14917000.00,53600000.00,41748000.00,30971000.00,29827000.00,31278000.00,27920000.00,28283000.00,29328000.00,22372000.00,24312000.00,23892000.00,23683000.00,23771000.00,15102000.00,15699000.00,14198000.00,,,,,,,,,,,,,,,,,,,,,,,,,,,,,,,,,,,,,,,,,,,,,,,,,,,,,,,,,,
goodWill,4576454000.00,4574777000.00,3774892000.00,2044123000.00,2163198000.00,2216311000.00,2212251000.00,407792000.00,407792000.00,407792000.00,407792000.00,407792000.00,407792000.00,407792000.00,407792000.00,407792000.00,407792000.00,407792000.00,407792000.00,407792000.00,696809000.00,696809000.00,696809000.00,696809000.00,696809000.00,696809000.00,696809000.00,696809000.00,696809000.00,696809000.00,696809000.00,696809000.00,696809000.00,696809000.00,601190000.00,582461000.00,638393000.00,39017000.00,39017000.00,39017000.00,235414000.00,235414000.00,229279000.00,229279000.00,229279000.00,229279000.00,229279000.00,229279000.00,200064000.00,200064000.00,200064000.00,200064000.00,,,,,,,,,,,,,,,,,,,,,,,,,,,,,,,,,,,,,,,,,,,,,,,,,,,,,,,,,,,,,,,,,,,,,,,,,,,,,,,,,,,,,,,,,,,,,,,,,,,,,
otherAssets,720940000.00,737380000.00,700186000.00,478484000.00,404787000.00,435198000.00,384177000.00,486806000.00,394383000.00,416006000.00,297369000.00,352001000.00,281449000.00,208187000.00,199390000.00,184868000.00,165177000.00,156067000.00,124678000.00,138297000.00,128334000.00,105978000.00,783124000.00,777515000.00,777845000.00,784021000.00,778937000.00,771736000.00,772734000.00,764335000.00,775096000.00,764788000.00,736338000.00,739442000.00,650647000.00,630982000.00,704780000.00,1737217000.00,102287000.00,105411000.00,275406000.00,278815000.00,279964000.00,285117000.00,278737000.00,315479000.00,323636000.00,317327000.00,252668000.00,266130000.00,261075000.00,261566000.00,101409000.00,103521000.00,67227000.00,61519000.00,51948000.00,38312000.00,28512000.00,30030000.00,32109000.00,42388000.00,40308000.00,22341000.00,34625000.00,31274000.00,20702000.00,38796000.00,56720000.00,39016000.00,58194000.00,71538000.00,87800000.00,83681000.00,79295000.00,79330000.00,71341000.00,64343000.00,54681000.00,55172000.00,36528000.00,32122000.00,33763000.00,34520000.00,41642000.00,40247000.00,43274000.00,34206000.00,39521000.00,40081000.00,38805000.00,39511000.00,37028000.00,36479000.00,34582000.00,,,,,,,,,,,,,,,,,0.00,0.00,0.00,,,0.00,0.00,,0.00,,,,,,,,,,,,,,,,,,,,,,,,,,,,,,,,,
cash,355491000.00,432526000.00,744645000.00,658625000.00,821758000.00,1006855000.00,1061995000.00,185786000.00,241512000.00,277670000.00,126466000.00,402527000.00,315884000.00,329557000.00,1255273000.00,321897000.00,258419000.00,118732000.00,190038000.00,301826000.00,520255000.00,708270000.00,452258000.00,632978000.00,855466000.00,943936000.00,793187000.00,539974000.00,618561000.00,467902000.00,162746000.00,124150000.00,201964000.00,158331000.00,138006000.00,177537000.00,158823000.00,240773000.00,181775000.00,170041000.00,112111000.00,107379000.00,232285000.00,332008000.00,274442000.00,250470000.00,155476000.00,179447000.00,110425000.00,132950000.00,108433000.00,95560000.00,141192000.00,147807000.00,113615000.00,160280000.00,208609000.00,173905000.00,176811000.00,68382000.00,112209000.00,148961000.00,252199000.00,314794000.00,358823000.00,495334000.00,427615000.00,288575000.00,254918000.00,363473000.00,75319000.00,61155000.00,65726000.00,87590000.00,33005000.00,33005000.00,50506000.00,99263000.00,110368000.00,110368000.00,114873000.00,121078000.00,152934000.00,152934000.00,17699000.00,28311000.00,21180000.00,21180000.00,76413000.00,87335000.00,14091000.00,13906000.00,9215000.00,21690000.00,18001000.00,22602000.00,34825000.00,43772000.00,59691000.00,75517000.00,88615000.00,110005000.00,,64704000.00,,,,63557000.00,66946098.11,67148987.27,89910896.47,91286367.90,105349904.23,105103793.64,108144715.74,122556358.81,131137519.20,128330401.93,132143296.28,38671863.20,,,,,,,,,,,,,,,,,,,,,,,,,,,,,,,,,
cashAndEquivalents,355491000.00,432526000.00,744645000.00,658625000.00,821758000.00,1006855000.00,1061995000.00,185786000.00,241512000.00,277670000.00,,,,,,,,,,,,,,,,,,,,,,,,,,,,,,,,,,,,,,,,,,,,,,,,,,,,,,,,,,,,,,,,,,,,,,,,,,,,,,,,,,,,,,,,,,,,,,,,,,,,,,,,,,,,,,,,,,,,,,,,,,,,,,,,,,,,,,,,,,,,,,,
totalCurrentLiabilities,1103060000.00,1005956000.00,996316000.00,946422000.00,1116337000.00,984427000.00,985342000.00,761813000.00,883897000.00,701273000.00,455268000.00,515698000.00,490216000.00,412565000.00,747376000.00,775638000.00,799478000.00,763291000.00,323073000.00,361449000.00,461304000.00,369792000.00,335577000.00,333821000.00,443135000.00,347706000.00,420346000.00,423622000.00,482537000.00,415403000.00,261944000.00,311522000.00,333769000.00,316486000.00,318750000.00,328666000.00,341579000.00,318306000.00,199519000.00,210654000.00,276145000.00,249316000.00,238897000.00,276668000.00,295961000.00,317849000.00,263912000.00,254444000.00,355495000.00,293807000.00,271412000.00,303311000.00,232978000.00,192810000.00,147052000.00,190460000.00,179161000.00,138103000.00,117928000.00,173059000.00,192425000.00,172418000.00,130602000.00,134507000.00,93243000.00,89729000.00,53663000.00,71935000.00,44195000.00,50616000.00,28491000.00,43845000.00,28398000.00,24441000.00,34492000.00,34492000.00,27807000.00,25613000.00,36404000.00,36404000.00,18109000.00,16455000.00,21086000.00,21086000.00,13321000.00,17814000.00,14559000.00,14559000.00,13906000.00,16719000.00,19174000.00,23860000.00,16630000.00,14392000.00,14553000.00,16243000.00,10972000.00,9613000.00,9209000.00,13178000.00,13789000.00,19321000.00,,20495000.00,,,,22548000.00,16956741.96,17940569.12,15193106.59,23169873.30,16927257.34,13319940.61,15897344.50,23955169.61,15954195.06,14476074.67,16129148.92,18807214.72,,,,,,,,,,,,,,,,,,,,,,,,,,,,,,,,,
currentDeferredRevenue,156453000.00,133149000.00,,,,,,67063000.00,88393000.00,60818000.00,68858000.00,130141000.00,80846000.00,40413000.00,62468000.00,-187255000.00,51223000.00,45927000.00,46634000.00,40613000.00,50762000.00,37794000.00,55948000.00,-146587000.00,,37279000.00,69344000.00,58505000.00,58322000.00,37358000.00,34091000.00,35623000.00,38979000.00,39765000.00,39875000.00,39913000.00,39262000.00,38212000.00,42136000.00,24778000.00,32209000.00,28850000.00,48952000.00,-96040000.00,41788000.00,86136000.00,39062000.00,9356000.00,101111000.00,,,,24334000.00,29085000.00,9752000.00,,,,,32991000.00,,,,33040000.00,,,,,,,,,,,,,,,,,,,,,,,,,,,,,,,,,,,,,,,,,,,,,,,,0.00,,,0.00,,,,,,,,,,,,,,,,,,,,,,,,,,,,,,,,,,,,,,
netDebt,1752358000.00,1682917000.00,1768883000.00,834787000.00,648776000.00,568831000.00,649450000.00,1510870000.00,1450069000.00,1409829000.00,1556255000.00,1282989000.00,1366196000.00,1595331000.00,1565251000.00,1519039000.00,1545736000.00,1687569000.00,1615945000.00,1421396000.00,1204034000.00,1014697000.00,922921000.00,742285000.00,520426000.00,432868000.00,415274000.00,668247000.00,591193000.00,742400000.00,925990000.00,1018077000.00,1029767000.00,1053246000.00,1151547000.00,1219248000.00,1241967000.00,1088941000.00,748229000.00,841994000.00,848776000.00,753580000.00,579062000.00,510947000.00,537783000.00,591706000.00,685933000.00,751716000.00,550237000.00,478295000.00,502567000.00,554440000.00,583295000.00,595318000.00,634037000.00,554720000.00,476391000.00,311095000.00,238189000.00,141496000.00,187791000.00,-73961000.00,-252199000.00,-305088000.00,-358823000.00,-495334000.00,-427615000.00,-288575000.00,-254918000.00,-356241000.00,-72055000.00,69901000.00,76299000.00,53736000.00,108490000.00,108490000.00,93244000.00,-99263000.00,33386000.00,33386000.00,28877000.00,22672000.00,-9184000.00,-9184000.00,156051000.00,145439000.00,126086000.00,126086000.00,114790000.00,102806000.00,176731000.00,166760000.00,161218000.00,143789000.00,125388000.00,103404000.00,74147000.00,65316000.00,47303000.00,30620000.00,16533000.00,-5035000.00,,38682000.00,,,,36339000.00,30903845.73,30901714.97,5945128.66,19063819.80,3043936.63,4221620.52,-499019.78,-13902553.79,-23856740.27,-20411265.28,-25821103.87,-38671863.20,,,,,,,,,,,,,,,,,,,,,,,,,,,,,,,,,
shortTermDebt,148762000.00,47964000.00,142644000.00,136466000.00,129526000.00,234329000.00,261104000.00,257988000.00,257339000.00,150476000.00,22429000.00,20852000.00,19473000.00,14889000.00,373567000.00,374693000.00,377004000.00,375119000.00,14680000.00,1914000.00,2740000.00,2094000.00,2799000.00,3412000.00,3483000.00,4856000.00,135102000.00,135431000.00,136663000.00,137548000.00,23986000.00,24040000.00,28465000.00,31251000.00,69415000.00,74324000.00,77734000.00,9714000.00,10004000.00,12035000.00,10887000.00,10959000.00,11347000.00,12955000.00,12225000.00,12176000.00,11409000.00,11068000.00,10662000.00,11245000.00,11000000.00,,9487000.00,8125000.00,12652000.00,,,,,9878000.00,,,,9706000.00,,,,,,7232000.00,3264000.00,,,,,,,,,,,,,,,,,,,,1726000.00,,789000.00,1892000.00,759000.00,1866000.00,818000.00,1909000.00,795000.00,1873000.00,784000.00,1905000.00,,1889000.00,,,,1897000.00,807463.90,1903897.13,807363.15,1906381.98,742423.57,1892450.58,784173.94,1924968.99,820075.45,1881889.71,795608.24,,,,,,,,,,,,,,,,,,,,,,,,,,,,,,,,,,
shortLongTermDebt,100000000.00,,100000000.00,100000000.00,100000000.00,200000000.00,225000000.00,225000000.00,225000000.00,125000000.00,,,,,360000000.00,360000000.00,360000000.00,360000000.00,14680000.00,,,1722967000.00,1375179000.00,1377178000.00,1375892000.00,1376804000.00,1208461000.00,129896000.00,,,,14451000.00,,,,52182000.00,,,,1011234000.00,,,,,,,,,,,,,,,,,,,,,,,,,,,,,,,,,,,,,,,,,,,,,,,,,,,,,,,,,,,,,,,,,,,,,,,,,,,,,,,,,,,,,,,,,,,,,,,,,,,,,,,,,,,,,,,,,
shortLongTermDebtTotal,2107849000.00,2115443000.00,2513528000.00,1493412000.00,1470534000.00,1575686000.00,1711445000.00,1696656000.00,1691581000.00,1687499000.00,1682721000.00,1685516000.00,1682080000.00,1924888000.00,2820524000.00,1840936000.00,1804155000.00,1806301000.00,1805983000.00,1723222000.00,1724289000.00,1722967000.00,1375179000.00,1375263000.00,1375892000.00,1376804000.00,1208461000.00,1208221000.00,1209754000.00,1210302000.00,1088736000.00,1142227000.00,1231731000.00,1211577000.00,1289553000.00,1396785000.00,1400790000.00,1329714000.00,930004000.00,1012035000.00,960887000.00,860959000.00,811347000.00,842955000.00,812225000.00,842176000.00,841409000.00,931163000.00,660662000.00,611245000.00,611000000.00,650000000.00,724487000.00,743125000.00,747652000.00,715000000.00,685000000.00,485000000.00,415000000.00,209878000.00,300000000.00,75000000.00,,9706000.00,,,,,,7232000.00,3264000.00,131056000.00,142025000.00,141326000.00,141495000.00,141495000.00,143750000.00,,143754000.00,143754000.00,143750000.00,143750000.00,143750000.00,143750000.00,173750000.00,173750000.00,147266000.00,147266000.00,191203000.00,190141000.00,190822000.00,180666000.00,170433000.00,165479000.00,143389000.00,126006000.00,108972000.00,109088000.00,106994000.00,106137000.00,105148000.00,104970000.00,,103386000.00,,,,99896000.00,97849943.84,98050702.25,95856025.13,110350187.71,108393840.85,109325414.16,107645695.95,108653805.02,107280778.92,107919136.65,106322192.41,,,,,,,,,,,,,,,,,,,,,,,,,,,,,,,,,,
otherStockholderEquity,224765000.00,222374000.00,222235000.00,220710000.00,222548000.00,217331000.00,230459000.00,228366000.00,225980000.00,222130000.00,219901000.00,212894000.00,210166000.00,211469000.00,217427000.00,217414000.00,215966000.00,226489000.00,237368000.00,234851000.00,232347000.00,229664000.00,228542000.00,224008000.00,222443000.00,219673000.00,221663000.00,217106000.00,213289000.00,219020000.00,240836000.00,253486000.00,250856000.00,246783000.00,243865000.00,238084000.00,234545000.00,223176000.00,220432000.00,211724000.00,210243000.00,204358000.00,198960000.00,188555000.00,184653000.00,178402000.00,3353408000.00,3339099000.00,3267216000.00,3245304000.00,3225341000.00,3196795000.00,3136858000.00,2527085000.00,2506347000.00,105795000.00,2471379000.00,2447308000.00,2422489000.00,2314913000.00,1997593000.00,1991241000.00,1987565000.00,1946833000.00,1806905000.00,1739624000.00,1250550000.00,1245782000.00,1233112000.00,7181000.00,7181000.00,7181000.00,7181000.00,7181000.00,7181000.00,7181000.00,-349000.00,55032000.00,7181000.00,7181000.00,7181000.00,7181000.00,7181000.00,7181000.00,7181000.00,7181000.00,14521000.00,14521000.00,14521000.00,14521000.00,9412000.00,7853000.00,6160000.00,24000.00,-8525000.00,-8470000.00,-13783000.00,142000.00,46000.00,-1892000.00,16384000.00,14860000.00,,15537000.00,,,,16359000.00,144095603.73,16097779.76,15976674.54,-12013.14,-516781.74,-117273.71,-252058.46,120845275.27,126366171.14,122467591.69,121655733.08,126967582.10,,,,,,,,,,,,,,,,,,,,,,,,,,,,,,,,,
propertyPlantEquipment,21426291000.00,21223554000.00,22486340000.00,18459400000.00,17972350000.00,17694487000.00,17690519000.00,7646281000.00,7606293000.00,7566608000.00,7518813000.00,7325418000.00,7128672000.00,7093562000.00,7024966000.00,7003665000.00,6566366000.00,6507737000.00,6400211000.00,6234302000.00,6173019000.00,5990183000.00,5874610000.00,5626552000.00,5389334000.00,5224272000.00,5124758000.00,5106036000.00,5045798000.00,5063100000.00,5069152000.00,5088967000.00,5082342000.00,5120069000.00,5247513000.00,5301496000.00,5057099000.00,4067096000.00,4057627000.00,4049117000.00,4311713000.00,4241107000.00,4129137000.00,4067456000.00,3985906000.00,3943179000.00,3907085000.00,3895355000.00,4493849000.00,4647580000.00,4595545000.00,4564563000.00,4796886000.00,3739239000.00,3653294000.00,3581798000.00,3450584000.00,3296595000.00,3150222000.00,2997500000.00,2792623000.00,2543312000.00,2258058000.00,2107063000.00,1893634000.00,1714628000.00,914737000.00,859859000.00,805504000.00,770588000.00,743083000.00,661196000.00,453490000.00,444189000.00,436402000.00,427037000.00,416104000.00,413740000.00,407855000.00,401744000.00,396561000.00,377686000.00,362729000.00,353059000.00,341919000.00,323746000.00,312221000.00,304180000.00,296711000.00,291422000.00,289312000.00,282497000.00,263048000.00,249092000.00,233533000.00,,,,,,,,,,,,,,,,,,,,,,,,,,,,,,,,,,,,,,,,,,,,,,,,,,,,,,,,,,
totalCurrentAssets,2192169000.00,2109251000.00,2307536000.00,2180059000.00,2419807000.00,2544218000.00,2569629000.00,1302388000.00,1410768000.00,1270830000.00,1046684000.00,1247188000.00,1163118000.00,1349488000.00,2063782000.00,1193560000.00,1136805000.00,987969000.00,956140000.00,1072452000.00,1357677000.00,1485717000.00,1218710000.00,1461534000.00,1708021000.00,1686749000.00,1493574000.00,1230179000.00,1354347000.00,1196760000.00,872316000.00,829425000.00,986928000.00,890304000.00,868965000.00,908060000.00,912990000.00,904165000.00,835212000.00,804831000.00,852951000.00,730878000.00,841719000.00,903269000.00,953982000.00,808892000.00,767702000.00,821580000.00,797534000.00,727946000.00,666581000.00,674222000.00,613677000.00,652012000.00,589224000.00,604040000.00,610771000.00,477726000.00,451270000.00,351294000.00,397132000.00,391167000.00,521118000.00,606094000.00,603295000.00,665444000.00,600018000.00,622833000.00,551035000.00,552570000.00,264907000.00,243335000.00,225437000.00,208485000.00,211797000.00,211797000.00,200078000.00,172516000.00,177021000.00,177021000.00,162162000.00,172706000.00,206228000.00,206228000.00,49930000.00,70967000.00,57126000.00,57126000.00,109802000.00,118609000.00,42575000.00,42744000.00,33444000.00,41285000.00,39382000.00,40781000.00,49613000.00,68998000.00,88709000.00,105750000.00,118218000.00,141026000.00,,98699000.00,,,,109966000.00,118330164.65,130416953.47,134976439.68,123841506.34,131260486.73,130579089.88,128747103.90,135888551.43,148433655.90,141937912.12,143715779.80,52947218.95,,,,,,,,,,,,,,,,,,,,,,,,,,,,,,,,,
longTermInvestments,274166000.00,641919000.00,328773000.00,332742000.00,263158000.00,289229000.00,412276000.00,343509000.00,291529000.00,257754000.00,224306000.00,375103000.00,281857000.00,,,,30565000.00,31115000.00,24123000.00,,,,,801000.00,,,,764000.00,,,,741000.00,,,,20899000.00,,,,,,,,,,,,,,,,,,,,,,,,,,,,,,,,,,,,,,,,,,,,,,,,,,,,,,,,,,,,,,,,,,,,,,,,,,,,,,,,,,,,,,,,,,,,,,,,,,,,,,,,,,,,,,,,,,,,,
netTangibleAssets,,,,,13913046000.00,14054701000.00,13988149000.00,5573043000.00,5486838000.00,5456680000.00,5281526000.00,5275421000.00,5076227000.00,4828950000.00,4632806000.00,4703722000.00,4373858000.00,4237917000.00,4159312000.00,4142220000.00,4252046000.00,4235349000.00,4243240000.00,4250182000.00,4222742000.00,4153617000.00,4081693000.00,3795665000.00,,,,3444211000.00,,,,3371681000.00,,,,2678389000.00,,,,,,,,,,,,,,,,,,,,,,,,,,,,,,,,,,,,,,,,,,,,,,,,,,,,,,,,,,,,,,,,,,,,,,,,,,,,,,,,,,,,,,,,,,,,,,,,,,,,,,,,,,,,,,,,,
shortTermInvestments,9372000.00,9328000.00,9517000.00,9896000.00,8402000.00,9418000.00,2161000.00,5288000.00,2112000.00,3270000.00,5486000.00,3936000.00,5635000.00,184835000.00,84363000.00,92257000.00,81679000.00,81725000.00,77321000.00,82612000.00,89346000.00,86157000.00,113389000.00,133694000.00,133363000.00,136519000.00,137145000.00,100734000.00,112223000.00,91330000.00,71559000.00,39307000.00,38104000.00,51698000.00,51610000.00,61089000.00,71546000.00,75759000.00,108035000.00,74581000.00,85265000.00,73683000.00,62495000.00,44719000.00,101638000.00,79533000.00,138370000.00,151981000.00,150912000.00,2470000.00,106359000.00,105684000.00,67994000.00,153846000.00,130510000.00,115280000.00,84441000.00,96500000.00,81943000.00,70383000.00,89000000.00,78512000.00,72199000.00,78770000.00,68771000.00,,170042000.00,170042000.00,170042000.00,32304000.00,50811000.00,59827000.00,51914000.00,30184000.00,78629000.00,78629000.00,69836000.00,,4426000.00,4426000.00,,,,3886000.00,,,,,,,,,16500000.00,11014000.00,10300000.00,,4800000.00,18400000.00,22500000.00,23300000.00,23265000.00,26055000.00,,27420000.00,,,,38893000.00,44116891.41,55066563.17,38019464.79,27349249.18,18709073.90,19506798.26,14043842.45,8056351.68,12822997.90,9698970.03,6509521.98,9365841.87,,,,,,,,,,,,,,,,,,,,,,,,,,,,,,,,,
netReceivables,189532000.00,173003000.00,149115000.00,43633000.00,36372000.00,257112000.00,224800000.00,21219000.00,109437000.00,92752000.00,22581000.00,15523000.00,66265000.00,11151000.00,66006000.00,10601000.00,119910000.00,32774000.00,123393000.00,27860000.00,44975000.00,44379000.00,29610000.00,25598000.00,7744000.00,8828000.00,10060000.00,8185000.00,12267000.00,14330000.00,10519000.00,8531000.00,64372000.00,73033000.00,79487000.00,61374000.00,63268000.00,57800000.00,74411000.00,85982000.00,78080000.00,81805000.00,97603000.00,87063000.00,77044000.00,75892000.00,90892000.00,76270000.00,78779000.00,64821000.00,71566000.00,112949000.00,83814000.00,65355000.00,73181000.00,93571000.00,71647000.00,78151000.00,60837000.00,101565000.00,60811000.00,81264000.00,93525000.00,124630000.00,74619000.00,76500000.00,85000000.00,85000000.00,12189000.00,12604000.00,16992000.00,7723000.00,7546000.00,7590000.00,20245000.00,20245000.00,11006000.00,9850000.00,4039000.00,4039000.00,9796000.00,6599000.00,10025000.00,10025000.00,18000000.00,29600000.00,21600000.00,21600000.00,20000000.00,20900000.00,14400000.00,17200000.00,700000.00,700000.00,2300000.00,4200000.00,700000.00,700000.00,700000.00,700000.00,,,,,,,,,,,,,,,,,,,,,,,,,,,,,,,,,,,,,,,,,,,,,,,,,,,,,
longTermDebt,1842553000.00,1942019000.00,2242503000.00,1242070000.00,1241637000.00,1241196000.00,1340715000.00,1340223000.00,1342127000.00,1441476000.00,1565888000.00,1565241000.00,1564590000.00,1813945000.00,2351907000.00,1364108000.00,1363408000.00,1362708000.00,1722008000.00,1721308000.00,1721549000.00,1720873000.00,1372380000.00,1373766000.00,1372409000.00,1371948000.00,1073359000.00,1079109000.00,1073091000.00,1072754000.00,1064750000.00,1127734000.00,1203266000.00,1180326000.00,1220138000.00,1343598000.00,1323056000.00,1320000000.00,920000000.00,1011843000.00,950000000.00,850000000.00,800000000.00,842108000.00,800000000.00,830000000.00,830000000.00,946279000.00,650000000.00,600000000.00,600000000.00,688019000.00,715000000.00,735000000.00,735000000.00,736981000.00,685000000.00,485000000.00,415000000.00,212079000.00,300000000.00,75000000.00,,6465000.00,,,,,,,,131056000.00,142025000.00,141326000.00,141083000.00,141495000.00,143750000.00,,,,,,,143750000.00,173750000.00,173750000.00,173750000.00,147266000.00,191203000.00,190141000.00,189096000.00,180666000.00,169644000.00,163623000.00,142619000.00,,,,,,,,,,,,,,,,,,,,,,,,,,,,,,,,,,,,,,,,,,,,,,,,,,,,,,,,,,
inventory,1403677000.00,1253112000.00,1238640000.00,1209075000.00,1258930000.00,1086348000.00,1133619000.00,878944000.00,878374000.00,712143000.00,669551000.00,630474000.00,651673000.00,604937000.00,558042000.00,580068000.00,577498000.00,508448000.00,493441000.00,494150000.00,491900000.00,440047000.00,467048000.00,500976000.00,511327000.00,432090000.00,420066000.00,443714000.00,441487000.00,438726000.00,435447000.00,461976000.00,490833000.00,439875000.00,442278000.00,446660000.00,452335000.00,362745000.00,334756000.00,351644000.00,397833000.00,321528000.00,321116000.00,344667000.00,361141000.00,266848000.00,250887000.00,268072000.00,336342000.00,319887000.00,283597000.00,267743000.00,230642000.00,196872000.00,205271000.00,173750000.00,170400000.00,89105000.00,68068000.00,69896000.00,65401000.00,26319000.00,22679000.00,23197000.00,23760000.00,27294000.00,19757000.00,17276000.00,18249000.00,17378000.00,17173000.00,23843000.00,22502000.00,23690000.00,26393000.00,26393000.00,17616000.00,15251000.00,14179000.00,14179000.00,13884000.00,12976000.00,10620000.00,10620000.00,10087000.00,9580000.00,9074000.00,9074000.00,9494000.00,7555000.00,10267000.00,6521000.00,20824000.00,7771000.00,15380000.00,11958000.00,4839000.00,18409000.00,22525000.00,22998000.00,,,,,,,,,,,,,,,,,,,,,,,,,,,,,,,,,,,,,,,,,,,,,,,,,,,,,
accountsPayable,756067000.00,806687000.00,694148000.00,672503000.00,718969000.00,652789000.00,633805000.00,414673000.00,512130000.00,475344000.00,362473000.00,363801000.00,385037000.00,347066000.00,274385000.00,345572000.00,370573000.00,341610000.00,260277000.00,310597000.00,407179000.00,324396000.00,276555000.00,290722000.00,383061000.00,304892000.00,215677000.00,228566000.00,286448000.00,239778000.00,202158000.00,243786000.00,251969000.00,232674000.00,187602000.00,206180000.00,224048000.00,235662000.00,145501000.00,173374000.00,232565000.00,207539000.00,177898000.00,185329000.00,232673000.00,215408000.00,173695000.00,203547000.00,226414000.00,210762000.00,157504000.00,170967000.00,197229000.00,153978000.00,124099000.00,155432000.00,170202000.00,130549000.00,112882000.00,68571000.00,191529000.00,171980000.00,125516000.00,58438000.00,92596000.00,71961000.00,35594000.00,42538000.00,30572000.00,28604000.00,24584000.00,37793000.00,26714000.00,21187000.00,28667000.00,28667000.00,26221000.00,22454000.00,29916000.00,29916000.00,17043000.00,13753000.00,15246000.00,15246000.00,12134000.00,15151000.00,9423000.00,9423000.00,10461000.00,11121000.00,14431000.00,17188000.00,13008000.00,9798000.00,10621000.00,9746000.00,6883000.00,4364000.00,5168000.00,6783000.00,7515000.00,12109000.00,,12521000.00,,,,11456000.00,10643842.35,10617887.85,10569117.63,13417996.25,12027261.79,8807173.84,12974514.35,16183998.52,12822997.90,9843730.77,8317722.54,12387081.18,,,,,,,,,,,,,,,,,,,,,,,,,,,,,,,,,
totalPermanentEquity,,,,,,,,,,,,,,,,,,,,,,,,,,,,,,,,,,,,,,,,,,,,,,,,,,,,,,,,,,,,,,,,,,,,,,,,,,,,,,,,,,,,,,,,,,,,,,,,,,,,,,,,,,,,,,,,,,,,,,,,,,,,,,,,,,,,,,,,,,,,,,,,,,,,,,,,,
noncontrollingInterestInConsolidatedEntity,,,,,,,,,,,,,,,,,,,,,,,,,,,,,,,,,,,,,,,,,,,,,,,,,,,,,,,,,,,,,,,,,,,,,,,,,,,,,,,,,,,,,,,,,,,,,,,,,,,,,,,,,,,,,,,,,,,,,,,,,,,,,,,,,,,,,,,,,,,,,,,,,,,,,,,,,
temporaryEquityRedeemableNoncontrollingInterests,,,,,,,,,,,,,,,,,,,,,,,,,,,,,,,,,,,,,,,,,,,,,,,,,,,,,,,,,,,,,,,,,,,,,,,,,,,,,,,,,,,,,,,,,,,,,,,,,,,,,,,,,,,,,,,,,,,,,,,,,,,,,,,,,,,,,,,,,,,,,,,,,,,,,,,,,
accumulatedOtherComprehensiveIncome,-110262000.00,-52174000.00,-26559000.00,-29006000.00,-68508000.00,-39741000.00,81318000.00,54276000.00,27263000.00,57125000.00,32008000.00,85252000.00,36594000.00,8452000.00,-71444000.00,-47922000.00,-58867000.00,-63558000.00,-63803000.00,-58095000.00,-57400000.00,-58710000.00,-40639000.00,30348000.00,38541000.00,38697000.00,41895000.00,32127000.00,54260000.00,46600000.00,28657000.00,3328000.00,256000.00,2970000.00,1873000.00,10000000.00,6419000.00,9846000.00,5695000.00,-15141000.00,-8109000.00,-21132000.00,-16323000.00,-27311000.00,-4907000.00,-23667000.00,-16981000.00,-7106000.00,-17192000.00,27326000.00,30593000.00,28390000.00,17461000.00,83604000.00,60296000.00,51049000.00,19166000.00,6628000.00,-15612000.00,45302000.00,2441000.00,-3402000.00,-3104000.00,-139000.00,14308000.00,19358000.00,13516000.00,3608000.00,12743000.00,12263000.00,12785000.00,21924000.00,20280000.00,15541000.00,15097000.00,15097000.00,16084000.00,118643000.00,10292000.00,10292000.00,6313000.00,1065000.00,-5434000.00,-5434000.00,-18307000.00,-18864000.00,5560000.00,5560000.00,5560000.00,4984000.00,5262000.00,4665000.00,4058000.00,10068000.00,18622000.00,18593000.00,18401000.00,4568000.00,4638000.00,4651000.00,-13789000.00,-12722000.00,,-12171000.00,,,,-6786000.00,-6312899.60,-3954247.89,-2935866.01,-15251055.84,-14180290.14,-11427490.03,-15897344.50,-16683064.55,-14388596.48,-13462749.44,-12078779.68,-11329647.42,,,,,,,,,,,,,,,,,,,,,,,,,,,,,,,,,
additionalPaidInCapital,,,,,,,,,,,,,,,,,,,,,,,,,,,,,,,,,,,,,,,,,,,,,,,,,,,,,,,,,,,,,,,,,,,,,,,,,,,,,,,,,,,,,,,,,,,,,,,,,,,,,,,,,,,,,,,,,,,,,,,,,,,,,,,,,,,,,,,,,,,,,,,,,,,,,,,,,
commonStockTotalEquity,,,,,,,,,,5794462000.00,5752660000.00,5751479000.00,5723218000.00,5676839000.00,5611517000.00,5589352000.00,5557709000.00,5464573000.00,5373951000.00,5362169000.00,5343703000.00,5322200000.00,5292400000.00,5288400000.00,5262900000.00,5244200000.00,5205800000.00,4987700000.00,4976300000.00,4926000000.00,4799100000.00,4707900000.00,4695300000.00,4685100000.00,4622000000.00,4599800000.00,4469200000.00,4451900000.00,3298000000.00,3294000000.00,3279600000.00,3265100000.00,3249700000.00,3241900000.00,3213800000.00,3194600000.00,3182900000.00,3181400000.00,3117100000.00,3102100000.00,3090200000.00,3078200000.00,3003500000.00,2397100000.00,2382200000.00,2378800000.00,2371000000.00,2348900000.00,2329100000.00,2299700000.00,1982400000.00,1976100000.00,1972400000.00,1931700000.00,1791800000.00,1724500000.00,1230700000.00,1230700000.00,1225900000.00,1215900000.00,973100000.00,764700000.00,631100000.00,623100000.00,622200000.00,620700000.00,472700000.00,453900000.00,452400000.00,601300000.00,600400000.00,594300000.00,593200000.00,441400000.00,263900000.00,260800000.00,253300000.00,248000000.00,243100000.00,241500000.00,159200000.00,158300000.00,154200000.00,153900000.00,153500000.00,153000000.00,152400000.00,151900000.00,151600000.00,151700000.00,151500000.00,157800000.00,,169900000.00,,,,127100000.00,,127500000.00,127000000.00,125100000.00,127100000.00,124000000.00,121300000.00,,,,,,,,,,,,,,,,,,,,,,,,,,,,,,,,,,,,,,
preferredStockTotalEquity,,,,,,,,,,,,,,,,,,,,,,,,,,,,,,,,,,,,,,,,,,,,,,,,,,,,,,,,,,,,,,,,,,,,,,,,,,,,,,,,,,,,,,,,,,,,,,,,,,,,,,,,,,,,,,,,,,,,,,,,,,,,,,,,,,,,,,,,,,,,,,,,,,,,,,,,,
retainedEarningsTotalEquity,,,,,,,,,,,,,,,,,,,,,,,,,,,,,,,,,,,,,,,,,,,,,,,,,,,,,,,,,,,,,,,,,,,,,,,,,,,,,,,,,,,,,,,,,,,,,,,,,,,,,,,,,,,,,,,,,,,,,,,,,,,,,,,,,,,,,,,,,,,,,,,,,,,,,,,,,
treasuryStock,,,,,,,,,,,,,,,,,,,,,,,,,,,,,,,,,,,,,,,,,,,,,,,,,,,,,,,,,,,,,,,,,,,,,,,,,,,,,,,,,,,,,,,,,,-909000.00,-5109000.00,-6682000.00,-8424000.00,-8500000.00,-8500000.00,,,,,,,,,,,,,,,,,,,,,,,,,,,,,,,,,,,,,,,,,,,,,,,,,,,,,,,,,,
accumulatedAmortization,,,,,,,,,,,,,,,,,,,,,,,,,,,,,,,,,,,,,,,,,,,,,,,,,,,,,,,,,,,,,,,,,,,,,,,,,,,,,,,,,,,,,,,,,,,,,,,,,,,,,,,,,,,,,,,,,,,,,,,,,,,,,,,,,,,,,,,,,,,,,,,,,,,,,,,,,
nonCurrrentAssetsOther,738910000.00,734880000.00,724713000.00,466910000.00,442801000.00,385802000.00,384177000.00,353198000.00,256604000.00,259042000.00,297369000.00,259254000.00,181321000.00,208187000.00,199390000.00,184868000.00,148267000.00,187182000.00,109102000.00,138297000.00,128334000.00,105978000.00,86315000.00,80706000.00,81036000.00,87212000.00,82128000.00,74927000.00,75925000.00,67526000.00,78287000.00,67979000.00,39529000.00,42633000.00,49457000.00,48521000.00,66387000.00,59416000.00,63270000.00,66394000.00,39992000.00,43401000.00,50685000.00,55838000.00,49458000.00,86200000.00,94357000.00,88048000.00,52604000.00,63295000.00,58396000.00,61502000.00,71566000.00,77652000.00,39522000.00,33641000.00,23944000.00,11429000.00,6734000.00,8383000.00,8944000.00,15996000.00,16127000.00,16436000.00,15494000.00,15317000.00,14561000.00,7737000.00,31669000.00,3411000.00,3891000.00,7995000.00,27456000.00,26001000.00,27923000.00,27923000.00,27835000.00,21937000.00,18788000.00,18788000.00,19465000.00,16055000.00,10630000.00,10630000.00,14756000.00,13068000.00,12151000.00,12151000.00,16198000.00,40081000.00,38805000.00,39511000.00,37028000.00,36353000.00,34554000.00,33661000.00,19219000.00,17523000.00,17689000.00,17442000.00,14050000.00,10137000.00,,8465000.00,,,,6129000.00,7707609.98,8201403.03,7853441.57,9238620.37,7869689.82,10190118.50,12190340.40,12690536.28,11182847.00,13245608.32,13019043.97,2870177.35,,,,,,,,,,,,,,,,,,,,,,,,,,,,,,,,,
deferredLongTermAssetCharges,,,,,,,,,,,,,,,,,,,,,,,,,,,,,,,,,,,,,,,,,,,,,,,,,,,,,,,,,,,,,,,,,,,,,,,,,,,,,,,,,,,,,,,,,,,,,,,,,,,,,,,,,,,,,,,,,,,,,,,,,,,,,,,,,,,,,,,,,,,,,,,,,,,,,,,,,
nonCurrentAssetsTotal,27033512000.00,27202401000.00,27338880000.00,21314749000.00,20853948000.00,20641890000.00,20760890000.00,8884388000.00,8640676000.00,8648160000.00,8506132000.00,8367567000.00,8038389000.00,7709541000.00,7632148000.00,7596325000.00,7169900000.00,7102711000.00,6956804000.00,6780391000.00,6998162000.00,6792970000.00,6657734000.00,6404067000.00,6167179000.00,6008293000.00,5903695000.00,5877772000.00,5818532000.00,5827435000.00,5844248000.00,5853755000.00,5818680000.00,5859511000.00,5898160000.00,5932478000.00,5761879000.00,5804313000.00,4159914000.00,4154528000.00,4587119000.00,4519922000.00,4409101000.00,4352573000.00,4264643000.00,4258658000.00,4230721000.00,4212682000.00,4746517000.00,4913710000.00,4856620000.00,4826129000.00,4898295000.00,3842760000.00,3720521000.00,3643317000.00,3502532000.00,3334907000.00,3178734000.00,3027530000.00,2824732000.00,2585700000.00,2298366000.00,2129404000.00,1928259000.00,1745902000.00,935439000.00,898655000.00,862224000.00,809604000.00,801277000.00,732734000.00,541290000.00,527870000.00,506367000.00,506367000.00,487445000.00,478111000.00,460099000.00,460099000.00,440676000.00,416018000.00,387579000.00,387579000.00,383561000.00,363993000.00,338386000.00,338386000.00,336232000.00,331503000.00,328117000.00,322008000.00,300076000.00,285484000.00,268086000.00,253463000.00,221897000.00,206245000.00,187355000.00,172353000.00,158735000.00,148850000.00,,135354000.00,,,,190670000.00,184468798.86,176915979.56,166170016.00,158669638.67,146851381.65,137421026.58,126465870.61,120346209.24,109890109.89,105602964.70,101548542.95,91165896.25,,,,,,,,,,,,,,,,,,,,,,,,,,,,,,,,,
capitalLeaseObligations,165296000.00,173424000.00,171025000.00,151342000.00,128897000.00,134490000.00,145730000.00,131433000.00,124454000.00,121023000.00,116833000.00,120275000.00,117490000.00,110943000.00,108617000.00,116828000.00,80747000.00,83593000.00,83975000.00,,,,,,,,,,,,,,,,,,,,,,,,,,,,,,,,,,,,,,,,,,,,,,,,,,,,,,,,,,,,,,,,,,,,,,,,,,,,,,,,,,,,,,,,,,,,,,,,,,,,,,,,,,,,,,,,,,,,,,,,,,,,,,,,,,,,,,
longTermDebtTotal,1959087000.00,2067479000.00,2370884000.00,1356946000.00,1341008000.00,1341357000.00,1450341000.00,1438668000.00,1434242000.00,1537023000.00,1660292000.00,1664664000.00,1662607000.00,1909999000.00,2446957000.00,1466243000.00,1427151000.00,1431182000.00,1791303000.00,1721308000.00,,,,,,,,,,,,,,,,,,,,,,,,,,,,,,,,,,,,,,,,,,,,,,,,,,,,,,,,,,,,,,,,,,,,,,,,,,,,,,,,,,,,,,,,,,,,,,,,,,,,,,,,,,,,,,,,,,,,,,,,,,,,,,,,,,,,,
nonCurrentLiabilitiesOther,365325000.00,359643000.00,81417000.00,72615000.00,72991000.00,76103000.00,81426000.00,70261000.00,70695000.00,73339000.00,67940000.00,63336000.00,54956000.00,54343000.00,52204000.00,20512000.00,56870000.00,43463000.00,42379000.00,,,,,,,,,,,,,,,,,,,,,,,,,,,,,,,,,,,,,,,,,,,,,,,,,,,,,,,,,,,,,,,,,,,,,,,,,,,,,,,,,,,,,,,,,,,,,,,,,,,,,,,,,,,,,,,,,,,,,,,,,,,,,,,,,,,,,,
nonCurrentLiabilitiesTotal,8189355000.00,8352493000.00,8864059000.00,6307041000.00,6030719000.00,5930669000.00,6083110000.00,3444128000.00,3272917000.00,3353245000.00,3408230000.00,3415844000.00,3227272000.00,3409722000.00,3907956000.00,2902733000.00,2725577000.00,2681680000.00,3022767000.00,2941382000.00,2945680000.00,2976737000.00,2600818000.00,2584789000.00,2512514000.00,2496910000.00,2198421000.00,2191855000.00,2231878000.00,2229545000.00,2199506000.00,2230638000.00,2316583000.00,2273560000.00,2348633000.00,2443382000.00,2363522000.00,2100061000.00,1690002000.00,1771556000.00,1704488000.00,1584658000.00,1548542000.00,1568962000.00,1532612000.00,1475890000.00,1482663000.00,1564655000.00,1465792000.00,1520865000.00,1510326000.00,1531590000.00,1664364000.00,1352423000.00,1357560000.00,1305136000.00,1247454000.00,1007485000.00,893317000.00,688009000.00,865872000.00,667115000.00,563273000.00,542057000.00,544387000.00,491181000.00,194278000.00,197148000.00,148258000.00,146441000.00,151955000.00,277157000.00,227258000.00,215618000.00,213446000.00,213446000.00,210981000.00,60665000.00,199981000.00,199981000.00,188696000.00,175721000.00,175028000.00,175028000.00,201670000.00,202033000.00,169638000.00,169638000.00,215515000.00,214033000.00,212779000.00,204437000.00,184746000.00,179264000.00,156768000.00,138862000.00,121444000.00,121565000.00,120243000.00,118283000.00,113904000.00,113066000.00,,113460000.00,,,,125945000.00,128460166.34,126316251.96,125361478.50,132200258.09,130295336.10,127740414.01,124469791.48,122271178.22,122414898.53,118848573.02,117026739.67,10347744.64,,,,,,,,,,,,,,,,,,,,,,,,,,,,,,,,,
negativeGoodwill,,,,,,,,,,,,,,,,,,,,,,,,,,,,,,,,,,,,,,,,,,,,,,,,,,,,,,,,,,,,,,,,,,,,,,,,,,,,,,,,,,,,,,,,,,,,,,,,,,,,,,,,,,,,,,,,,,,,,,,,,,,,,,,,,,,,,,,,,,,,,,,,,,,,,,,,,
warrants,,,,,,,,,,,,,,,,,,,,,,,,,,,,,,,,,,,,,,,,,,,,,,,,,,,,,,,,,,,,,,,,,,,,,,,,,,,,,,,,,,,,,,,,,,,,,,,,,,,,,,,,,,,,,,,,,,,,,,,,,,,,,,,,,,,,,,,,,,,,,,,,,,,,,,,,,
preferredStockRedeemable,,,,,,,,,,,,,,,,,,,,,,,,,,,,,,,,,,,,,,,,,,,,,,,,,,,,,,,,,,,,,,,,,,,,,,,,,,,,,,,,,,,,,,,,,,,,,,,,,,,,,,,,,,,,,,,,,,,,,,,,,,,,,,,,,,,,,,,,,,,,,,,,,,,,,,,,,
capitalSurpluse,22074000.00,22074000.00,22074000.00,23280000.00,24097000.00,22118000.00,37254000.00,37254000.00,37254000.00,37254000.00,37254000.00,37254000.00,37254000.00,37254000.00,37254000.00,37254000.00,37254000.00,37254000.00,37254000.00,37254000.00,,,,,,,,,,,,,,,,,,,,,,,,,,,,,,,,,,,,,,,,,,,,,,,,,,,,,,,,,,,,,,,,,,,,,,,,,,,,,,,,,,,,,,,,,,,,,,,,,,,,,,,,,,,,,,,,,,,,,,,,,,,,,,,,,,,,,
liabilitiesAndStockholdersEquity,29225681000.00,29311652000.00,29646416000.00,23494808000.00,23273755000.00,23186108000.00,23330519000.00,10186776000.00,10051444000.00,9918990000.00,9552816000.00,9614755000.00,9201507000.00,9059029000.00,9695930000.00,8789885000.00,8306705000.00,8090680000.00,7912944000.00,7852843000.00,8355839000.00,8278687000.00,7876444000.00,7865601000.00,7875200000.00,7695042000.00,7397269000.00,7107951000.00,7172879000.00,7024195000.00,6716564000.00,6683180000.00,6805608000.00,6749815000.00,6767125000.00,6840538000.00,6674869000.00,6708478000.00,4995126000.00,4959359000.00,5440070000.00,5250800000.00,5250820000.00,5255842000.00,5218625000.00,5067550000.00,4998423000.00,5034262000.00,5544051000.00,5641656000.00,5523201000.00,5500351000.00,5511972000.00,4494772000.00,4309745000.00,4247357000.00,4113303000.00,3812633000.00,3630004000.00,3378824000.00,3221864000.00,2976867000.00,2819484000.00,2735498000.00,2531554000.00,2411346000.00,1535457000.00,1521488000.00,1413259000.00,1362174000.00,1066184000.00,976069000.00,766727000.00,736355000.00,718164000.00,718164000.00,687523000.00,650627000.00,637120000.00,637120000.00,602838000.00,588724000.00,593807000.00,593807000.00,433491000.00,434960000.00,395512000.00,395512000.00,446034000.00,450112000.00,370692000.00,364752000.00,333520000.00,326769000.00,307468000.00,294244000.00,271510000.00,275243000.00,276064000.00,278103000.00,276953000.00,289876000.00,,234053000.00,,,,300636000.00,302798963.51,307332933.03,301146455.68,282511145.00,278111868.38,268000116.46,255212974.51,256234760.66,258323765.79,247540876.82,245264322.76,144113115.20,,,,,,,,,,,,,,,,,,,,,,,,,,,,,,,,,
cashAndShortTermInvestments,364863000.00,441854000.00,754162000.00,658625000.00,821758000.00,1016273000.00,1064156000.00,191074000.00,243624000.00,280940000.00,131952000.00,406463000.00,321519000.00,514392000.00,1339636000.00,414154000.00,340098000.00,200457000.00,267359000.00,384438000.00,609601000.00,794427000.00,565647000.00,766672000.00,988829000.00,1080455000.00,930332000.00,640708000.00,730784000.00,559232000.00,234305000.00,163457000.00,240068000.00,210029000.00,189616000.00,238626000.00,230369000.00,316532000.00,289810000.00,244622000.00,197376000.00,181062000.00,294780000.00,376727000.00,376080000.00,330003000.00,293846000.00,331428000.00,261337000.00,135420000.00,214792000.00,201244000.00,209186000.00,301653000.00,244125000.00,275560000.00,293050000.00,173905000.00,258754000.00,138765000.00,112209000.00,227473000.00,324398000.00,393564000.00,427594000.00,495334000.00,427615000.00,458617000.00,424960000.00,395777000.00,126130000.00,120982000.00,117640000.00,117774000.00,111634000.00,111634000.00,120342000.00,99263000.00,114794000.00,114794000.00,114873000.00,121078000.00,152934000.00,152934000.00,17699000.00,28311000.00,21180000.00,21180000.00,76413000.00,87335000.00,14091000.00,13906000.00,9215000.00,32704000.00,18001000.00,22602000.00,34825000.00,43772000.00,59691000.00,75517000.00,111880000.00,136060000.00,,92124000.00,,,,102450000.00,111062989.52,122215550.45,127930361.26,118635617.08,124058978.13,124610591.90,122188558.19,130612710.50,143960517.09,138029371.96,138652818.26,48037705.07,,,,,,,,,,,,,,,,,,,,,,,,,,,,,,,,,
propertyPlantAndEquipmentGross,,,,,,,,,,7566608000.00,7518813000.00,7325418000.00,7128672000.00,7093562000.00,7024966000.00,7003665000.00,6566366000.00,6507737000.00,6400211000.00,6234302000.00,6173019000.00,5990200000.00,5874600000.00,5626600000.00,5389300000.00,5224300000.00,5124800000.00,5106000000.00,5045800000.00,5063100000.00,5069200000.00,5089000000.00,5082300000.00,5120100000.00,5247500000.00,5155900000.00,5057100000.00,4067100000.00,4057600000.00,3694500000.00,4311700000.00,4241100000.00,4129100000.00,4067500000.00,3985900000.00,3943200000.00,3907100000.00,3895400000.00,4493800000.00,4647600000.00,4595500000.00,4564600000.00,4796900000.00,3739200000.00,3653300000.00,3581800000.00,3450600000.00,3296600000.00,3150200000.00,2997500000.00,2792600000.00,2543300000.00,2258100000.00,2123400000.00,1893600000.00,1714600000.00,859900000.00,859900000.00,805500000.00,770600000.00,743100000.00,661200000.00,453500000.00,444200000.00,436400000.00,427000000.00,419600000.00,413700000.00,407900000.00,399700000.00,397500000.00,376200000.00,361300000.00,356400000.00,345300000.00,327100000.00,315600000.00,304200000.00,296700000.00,291400000.00,289300000.00,282500000.00,263000000.00,249100000.00,233500000.00,219800000.00,202700000.00,188800000.00,169700000.00,156800000.00,144700000.00,139100000.00,,126900000.00,,,,184500000.00,176761188.88,169000000.00,158700000.00,149400000.00,139600000.00,127400000.00,114500000.00,107655672.95,98707262.89,92357356.38,88529498.98,88295718.90,,,,,,,,,,,,,,,,,,,,,,,,,,,,,,,,,
propertyPlantAndEquipmentNet,21426291000.00,21223554000.00,22486340000.00,18459400000.00,17972350000.00,17694487000.00,17690519000.00,7646281000.00,7606293000.00,7566608000.00,7518813000.00,7325418000.00,7128672000.00,7093562000.00,7024966000.00,7003665000.00,6566366000.00,6507737000.00,6400211000.00,6234302000.00,6173019000.00,5990183000.00,5874610000.00,5626552000.00,5389334000.00,5224272000.00,5124758000.00,5106036000.00,5045798000.00,5063100000.00,5069152000.00,5088967000.00,5082342000.00,5120069000.00,5247513000.00,5301496000.00,5057099000.00,4067096000.00,4057627000.00,4049117000.00,4311713000.00,4241107000.00,4129137000.00,4067456000.00,3985906000.00,3943179000.00,3907085000.00,3895355000.00,4493849000.00,4647580000.00,4595545000.00,4564563000.00,4796886000.00,3739239000.00,3653294000.00,3581798000.00,3450584000.00,3296595000.00,3150222000.00,2997500000.00,2792623000.00,2543312000.00,2258058000.00,2107063000.00,1893634000.00,1714628000.00,914737000.00,859859000.00,805504000.00,770588000.00,743083000.00,661196000.00,453490000.00,444189000.00,427037000.00,427037000.00,416104000.00,413764000.00,399731000.00,399731000.00,397452000.00,376204000.00,353059000.00,353059000.00,341919000.00,323746000.00,304180000.00,304180000.00,296711000.00,291422000.00,289312000.00,282497000.00,263048000.00,249131000.00,233532000.00,219802000.00,202678000.00,188722000.00,169666000.00,154911000.00,144685000.00,138713000.00,,126889000.00,,,,184541000.00,176761188.88,168714576.53,158316574.43,149431018.30,138981691.83,127230908.09,114275530.21,107655672.95,98707262.89,92357356.38,88529498.98,88295718.90,,,,,,,,,,,,,,,,,,,,,,,,,,,,,,,,,
accumulatedDepreciation,,,,,,,,,,,,,,,,,,,,,,,,,,,,,,,,,,,,,,,,,,,,,,,,,,,,,,,,,,,,,,,,,,,,,,,,,,,,,,,,,,,,,,,,,,,,,,,,,,,,,,,,,,,,,,,,,,,,,,,,,,,,,,,,,,,,,,,,,,,,,,,,,,,,,,,,,
netWorkingCapital,1089109000.00,1103295000.00,1311220000.00,1233637000.00,1303470000.00,1559791000.00,1584287000.00,540575000.00,526871000.00,569557000.00,591416000.00,731490000.00,672902000.00,936923000.00,1316406000.00,,,,,,,,,,,,,,,,,,,,,,,,,,,,,,,,,,,,,,,,,,,,,,,,,,,,,,,,,,,,,,,,,,,,,,,,,,,,,,,,,,,,,,,,,,,,,,,,,,,,,,,,,,,,,,,,,,,,,,,,,,,,,,,,,,,,,,,,,,
netInvestedCapital,21875819000.00,21895222000.00,22128544000.00,17583415000.00,17468336000.00,17712208000.00,17827782000.00,7546058000.00,7461757000.00,7430948000.00,7255206000.00,7248454000.00,7048609000.00,7050687000.00,7752505000.00,,,,,,,,,,,,,,,,,,,,,,,,,,,,,,,,,,,,,,,,,,,,,,,,,,,,,,,,,,,,,,,,,,,,,,,,,,,,,,,,,,,,,,,,,,,,,,,,,,,,,,,,,,,,,,,,,,,,,,,,,,,,,,,,,,,,,,,,,,
commonStockSharesOutstanding,496404000.00,495509000.00,470455000.00,456439000.00,456274000.00,456787000.00,385588000.00,245323000.00,244940000.00,244761000.00,244187000.00,244119000.00,243867000.00,242757000.00,240222000.00,240952000.00,240115000.00,237011000.00,236218000.00,234096000.00,235317000.00,234949000.00,234575000.00,234065000.00,233792000.00,233531000.00,229345000.00,227444000.00,227654000.00,225169000.00,221906000.00,217484000.00,217712000.00,216722000.00,215692000.00,213273000.00,209687000.00,186282000.00,174467000.00,173616000.00,173452000.00,172572000.00,172623000.00,173432000.00,171596000.00,171279000.00,171017000.00,171017000.00,169238000.00,172448000.00,172863000.00,172863000.00,170679000.00,159920000.00,159093000.00,159093000.00,158907000.00,157763000.00,157196000.00,157196000.00,144975000.00,144851000.00,144375000.00,144375000.00,140223000.00,138056000.00,125649000.00,125649000.00,123822000.00,117817000.00,108598000.00,108598000.00,87096000.00,86627000.00,86545000.00,86545000.00,85278000.00,88050000.00,85051000.00,85051000.00,84778571.00,83636000.00,84552000.00,84552000.00,80923000.00,80546000.00,79283000.00,79283000.00,77953000.00,66799612.00,56303184.00,56303184.00,54389000.00,55563777.00,56659095.00,56659095.00,56921948.00,60009219.00,52015094.00,52015094.00,48756695.00,50002450.00,47152989.00,47152989.00,46678636.00,39981597.00,40016616.00,40016616.00,38000000.00,41428571.00,32500000.00,32500000.00,36153846.00,36250000.00,35454545.00,35454545.00,38571429.00,37142857.00,45714286.00,45714286.00,30000000.00,31666667.00,30000000.00,30000000.00,30000000.00,31428571.00,40000000.00,40000000.00,27142857.00,28888889.00,28888889.00,28888889.00,24444444.00,25384615.00,25000000.00,25000000.00,25000000.00,25000000.00,25000000.00,25000000.00,25000000.00,25000000.00,25000000.00,25000000.00,25000000.00,25000000.00,25000000.00,25000000.00,25000000.00,25000000.00,25000000.00,25000000.00,25000000.00
investments,-435666000.00,-450202000.00,-1398745000.00,-412685000.00,-3920000.00,-25668000.00,535652000.00,-11957000.00,-17913000.00,-16464000.00,-5546000.00,-247015000.00,-205893000.00,-177738000.00,-178166000.00,-167211000.00,-245829000.00,-233238000.00,-227606000.00,5666000.00,-1265000.00,12940000.00,-6166000.00,-53886000.00,-8627000.00,-11156000.00,-25067000.00,-25293000.00,,,,38437000.00,,,,15042000.00,,,,-53360000.00,,,,,,,,,,,,,,,,,,,,,,,,,,,,,,,,,,,,,,,,,,,,,,,,,,,,,,,,,,,,,,,,,,,,,,,,,,,,,,,,,,,,,,,,,,,,,,,,,,,,,,,,,,,,,,,,,
changeToLiabilities,,,,,72905000.00,32689000.00,-7644000.00,-108727000.00,43341000.00,86996000.00,-21685000.00,-39787000.00,30151000.00,62804000.00,-58690000.00,-37666000.00,70504000.00,90039000.00,-38033000.00,-44218000.00,53433000.00,30258000.00,1932000.00,42526000.00,97857000.00,27650000.00,-21159000.00,-35408000.00,21838000.00,,,21174000.00,39131000.00,15648000.00,,-3391000.00,16703000.00,56180000.00,,-12695000.00,43473000.00,12740000.00,,,40248000.00,11302000.00,,31450000.00,76151000.00,48921000.00,7899000.00,31213000.00,78453000.00,24119000.00,,30072000.00,38984000.00,1373000.00,,34638000.00,71749000.00,52200000.00,17289000.00,55661000.00,40030000.00,18221000.00,,2502000.00,,,,10519000.00,,,,1304000.00,,,,17414000.00,1971000.00,,,8148000.00,2712000.00,5742000.00,,,,,,8936000.00,2131000.00,3000.00,825000.00,,,,,,,,,,,,,,,,,,,,,,,,,,,,,,,,,,,,,,,,,,,,,,,,,,,,,,,,,,
totalCashflowsFromInvestingActivities,-2284613000.00,-1848947000.00,-1398745000.00,-710458000.00,-439296000.00,-394129000.00,535652000.00,-247208000.00,-262000000.00,-197613000.00,-527868000.00,-247015000.00,-205893000.00,-177738000.00,-178166000.00,-167211000.00,-706673000.00,-460844000.00,-227606000.00,-336376000.00,-311870000.00,-201405000.00,-354717000.00,-1000052000.00,-265617000.00,-203444000.00,-153687000.00,-553490000.00,,,,-374519000.00,,,,-851619000.00,,,,-687220000.00,,,,,,,,,,,,,,,,,,,,,,,,,,65506000.00,90748000.00,,,,,,,7562000.00,37149000.00,,,,,,,,,,,,,,,,,,,,,,,,,,,,,,,,,,,,,,,,,,,,,,,,,,,,,,,,,,,,,,,,,,,,,,,,,,,,,,
netBorrowings,,,,,-108239000.00,-133476000.00,-8310000.00,-7726000.00,-1823000.00,-10047000.00,-5424000.00,-4272000.00,-254119000.00,-913750000.00,996271000.00,-4941000.00,-3676000.00,-3456000.00,-3378000.00,-820000.00,-817000.00,349175000.00,-920000.00,160831000.00,-1346000.00,165993000.00,-1682000.00,56207000.00,,,,-236432000.00,,,,263397000.00,,,,170323000.00,,,,,,,,,,,,,,,,,,,,,,,,,,,,,,,,,,,,,,,,,,,,,,,,,,,,,,,,,,,,,,,,,,,,,,,,,,,,,,,,,,,,,,,,,,,,,,,,,,,,,,,,,,,,,,,,,
totalCashFromFinancingActivities,-144239000.00,-582351000.00,836433000.00,-134703000.00,-317985000.00,-294307000.00,-167858000.00,-70543000.00,-62404000.00,-64161000.00,-100134000.00,-74432000.00,-268802000.00,-914418000.00,954830000.00,-28091000.00,37249000.00,34906000.00,-33454000.00,-18099000.00,-13952000.00,340498000.00,-34348000.00,-10101000.00,-12139000.00,169836000.00,181571000.00,-19360000.00,11840000.00,199494000.00,-1588000.00,-100460000.00,7396000.00,-64514000.00,-123182000.00,-18685000.00,-35943000.00,395895000.00,-98087000.00,30811000.00,68745000.00,18677000.00,-69504000.00,14136000.00,-55406000.00,-29258000.00,-132078000.00,244461000.00,29106000.00,-22180000.00,-68842000.00,-10408000.00,531000.00,-10422000.00,-1646000.00,37534000.00,217590000.00,88247000.00,216447000.00,262015000.00,214174000.00,78493000.00,6484000.00,124181000.00,15361000.00,1853000.00,-10663000.00,4406000.00,2268000.00,246449000.00,45456000.00,2433000.00,9431000.00,920000.00,2149000.00,2149000.00,21801000.00,1404000.00,911000.00,911000.00,4640000.00,1125000.00,154288000.00,154288000.00,3477000.00,7110000.00,-44613000.00,-44613000.00,2754000.00,81711000.00,8715000.00,15475000.00,5597000.00,20263000.00,17036000.00,18039000.00,409000.00,318000.00,-795000.00,-334000.00,-6973000.00,65207000.00,-987000.00,-3115000.00,-314000.00,41012000.00,1589000.00,2397896.23,-2016341.40,-1284767.62,17248212.79,318128.80,542985.99,1872359.88,-4419889.50,-2753040.65,2352316.81,-4127544.46,97425845.70,,,,,,,,,,,,,,,,,,,,,,,,,,,,,,,,,,
changeToOperatingActivities,,,,,79930000.00,-91574000.00,-28286000.00,36399000.00,-12129000.00,-66194000.00,9988000.00,-16995000.00,18917000.00,-37333000.00,30432000.00,17970000.00,46251000.00,-84413000.00,17225000.00,23547000.00,10776000.00,-67707000.00,17124000.00,-15890000.00,-11574000.00,-35507000.00,16326000.00,51873000.00,,,,-73396000.00,,,,661000.00,,,,-23823000.00,,,,,,,,,,,,,,,,,,,,,,,,,,,,,,,,,,,,,,,,,,,,,,,,,,,,,,,,,,,,,,,,,,,,,,,,,,,,,,,,,,,,,,,,,,,,,,,,,,,,,,,,,,,,,,,,,
changeInCash,-77035000.00,-312119000.00,86020000.00,-163133000.00,-185097000.00,-55140000.00,876209000.00,-55726000.00,-36158000.00,151204000.00,-276061000.00,86643000.00,-13673000.00,-925716000.00,933376000.00,63478000.00,139687000.00,-71306000.00,-111788000.00,-218429000.00,-188015000.00,256012000.00,-180720000.00,-222488000.00,-88470000.00,150749000.00,253213000.00,-78587000.00,150659000.00,305156000.00,38596000.00,-77814000.00,43633000.00,20325000.00,-39531000.00,18714000.00,-100746000.00,58998000.00,42674000.00,28373000.00,4732000.00,-124906000.00,-65783000.00,11201000.00,23972000.00,94994000.00,-23971000.00,69022000.00,-22525000.00,24517000.00,12873000.00,-45632000.00,-6615000.00,34192000.00,-46665000.00,-48329000.00,69922000.00,-2906000.00,108429000.00,-43827000.00,-36752000.00,-103238000.00,-62595000.00,-44029000.00,-136511000.00,67719000.00,139040000.00,33657000.00,-108555000.00,288154000.00,14164000.00,-4571000.00,-21864000.00,-9568000.00,-17501000.00,-17501000.00,-48757000.00,-6924000.00,-4505000.00,-4505000.00,-6205000.00,-20160000.00,135235000.00,135235000.00,-10612000.00,8016000.00,-55233000.00,-55233000.00,-10922000.00,73244000.00,185000.00,4691000.00,-12475000.00,3689000.00,-4621000.00,-12223000.00,-8947000.00,-15919000.00,-16629000.00,-13098000.00,-21390000.00,29353000.00,-12197000.00,-23008000.00,-11728000.00,32324000.00,-6861000.00,-8686395.33,-11005928.30,-5788037.63,9174581.27,-5423361.05,-551613.77,2422033.71,-8412047.76,-13273254.28,5856592.83,-623446.31,92652196.24,,,,,,,,,,,,,,,,,,,,,,,,,,,,,,,,,,
beginPeriodCashFlow,432526000.00,744645000.00,658625000.00,821758000.00,1006855000.00,1061995000.00,185786000.00,241512000.00,277670000.00,126466000.00,402527000.00,315884000.00,329557000.00,1255273000.00,321897000.00,258419000.00,118732000.00,190038000.00,301826000.00,520255000.00,708270000.00,452258000.00,632978000.00,855466000.00,943936000.00,793187000.00,539974000.00,618561000.00,467902000.00,162746000.00,124150000.00,201964000.00,158331000.00,138006000.00,177537000.00,158823000.00,259569000.00,181775000.00,139101000.00,141668000.00,107379000.00,232285000.00,298068000.00,320807000.00,250470000.00,155476000.00,179447000.00,110425000.00,132950000.00,108433000.00,95560000.00,141192000.00,147807000.00,113615000.00,160280000.00,208609000.00,138687000.00,176811000.00,68382000.00,112209000.00,148961000.00,252199000.00,314794000.00,358823000.00,495334000.00,427615000.00,288575000.00,254918000.00,363473000.00,75319000.00,61155000.00,65726000.00,87590000.00,97158000.00,50506000.00,50506000.00,99263000.00,106187000.00,114873000.00,114873000.00,121078000.00,141238000.00,17699000.00,17699000.00,28311000.00,20295000.00,76413000.00,76413000.00,87335000.00,14091000.00,13906000.00,9215000.00,21690000.00,18001000.00,22622000.00,34825000.00,43772000.00,59691000.00,76320000.00,88615000.00,110005000.00,80652000.00,92849000.00,115132000.00,126860000.00,94536000.00,101397000.00,111136395.33,122142323.63,127930361.26,118755779.99,124058978.13,124610591.90,122188558.19,130600605.95,143885964.78,138029371.96,138652818.26,46000622.02,,,,,,,,,,,,,,,,,,,,,,,,,,,,,,,,,,
endPeriodCashFlow,355491000.00,432526000.00,744645000.00,658625000.00,821758000.00,1006855000.00,1061995000.00,185786000.00,241512000.00,277670000.00,126466000.00,402527000.00,315884000.00,329557000.00,1255273000.00,321897000.00,258419000.00,118732000.00,190038000.00,301826000.00,520255000.00,708270000.00,452258000.00,632978000.00,855466000.00,943936000.00,793187000.00,539974000.00,618561000.00,467902000.00,162746000.00,124150000.00,201964000.00,158331000.00,138006000.00,177537000.00,158823000.00,240773000.00,181775000.00,170041000.00,112111000.00,107379000.00,232285000.00,332008000.00,274442000.00,250470000.00,155476000.00,179447000.00,110425000.00,132950000.00,108433000.00,95560000.00,141192000.00,147807000.00,113615000.00,160280000.00,208609000.00,173905000.00,176811000.00,68382000.00,112209000.00,148961000.00,252199000.00,314794000.00,358823000.00,495334000.00,427615000.00,288575000.00,254918000.00,363473000.00,75319000.00,61155000.00,65726000.00,87590000.00,33005000.00,33005000.00,50506000.00,99263000.00,110368000.00,110368000.00,114873000.00,121078000.00,152934000.00,152934000.00,17699000.00,28311000.00,21180000.00,21180000.00,76413000.00,87335000.00,14091000.00,13906000.00,9215000.00,21690000.00,18001000.00,22602000.00,34825000.00,43772000.00,59691000.00,75517000.00,88615000.00,110005000.00,80652000.00,92124000.00,115132000.00,126860000.00,94536000.00,102450000.00,111136395.33,122142323.63,127930361.26,118635617.08,124058978.13,124610591.90,122188558.19,130612710.50,143885964.78,138029371.96,138652818.26,,,,,,,,,,,,,,,,,,,,,,,,,,,,,,,,,,
totalCashFromOperatingActivities,502088000.00,722000000.00,649613000.00,380500000.00,575438000.00,633266000.00,507432000.00,261723000.00,290963000.00,406921000.00,356387000.00,403510000.00,462538000.00,162648000.00,163358000.00,257468000.00,349233000.00,126301000.00,148690000.00,140284000.00,137573000.00,120087000.00,207706000.00,166930000.00,194066000.00,183950000.00,222611000.00,120601000.00,282856000.00,229456000.00,145704000.00,140747000.00,143687000.00,188349000.00,143455000.00,163956000.00,71244000.00,197709000.00,247729000.00,135944000.00,80982000.00,75298000.00,146072000.00,105964000.00,199464000.00,194082000.00,196497000.00,132028000.00,197570000.00,162821000.00,171043000.00,90576000.00,156829000.00,161574000.00,74491000.00,53701000.00,-13787000.00,26369000.00,48823000.00,-46443000.00,17908000.00,92792000.00,53824000.00,43345000.00,49946000.00,79832000.00,56066000.00,84501000.00,73945000.00,48095000.00,19711000.00,24622000.00,11150000.00,19103000.00,11722000.00,11722000.00,13420000.00,15051000.00,5703000.00,5703000.00,761000.00,-2823000.00,-3999000.00,-3999000.00,8301000.00,15867000.00,-594000.00,-594000.00,-3538000.00,-818000.00,771000.00,10382000.00,-2967000.00,678000.00,-6759000.00,-10536000.00,6474000.00,3478000.00,-2319000.00,877000.00,513000.00,3738000.00,-1833000.00,-4765000.00,-291000.00,1814000.00,794000.00,-1523653.97,99539.31,8342421.85,2348692.81,9097313.62,8098253.04,10648426.58,4491178.04,1861990.03,9298131.89,9845091.91,1880528.57,,,,,,,,,,,,,,,,,,,,,,,,,,,,,,,,,,
issuanceOfCapitalStock,8115000.00,7304000.00,6606000.00,4738000.00,5121000.00,5124000.00,5282000.00,4557000.00,4686000.00,4680000.00,,,,,,,,,,,,,,,,,,,,,,,,,,,,,,,,,,,,,,,,,,,,,,,,,,,,,,,,,,,,,,,,,,,,,,,,,,,,,,,,,,,,,,,,,,,,,,,,,,,,,,,,,,,,,,,,,,,,,,,,,,,,,,,,,,,,,,,,,,,,,,,
depreciation,414994000.00,381262000.00,303959000.00,269700000.00,273191000.00,291052000.00,260748000.00,191618000.00,192392000.00,175309000.00,181115000.00,174954000.00,173173000.00,129465000.00,153509000.00,150319000.00,143293000.00,124203000.00,128242000.00,137235000.00,143859000.00,138469000.00,134370000.00,129478000.00,118312000.00,128440000.00,132509000.00,151399000.00,161472000.00,154658000.00,145631000.00,157129000.00,157968000.00,157615000.00,135897000.00,139095000.00,117396000.00,77570000.00,73537000.00,79825000.00,76054000.00,70128000.00,70071000.00,72680000.00,68318000.00,66310000.00,64553000.00,73513000.00,67104000.00,59235000.00,61929000.00,69835000.00,48145000.00,44003000.00,30503000.00,21661000.00,23200000.00,15470000.00,12130000.00,12538000.00,9049000.00,7516000.00,7030000.00,-2835000.00,-172000.00,19387000.00,11377000.00,-17387000.00,23001000.00,12078000.00,7851000.00,6636000.00,10131000.00,6417000.00,6370000.00,6370000.00,6720000.00,7187000.00,8840000.00,8840000.00,5273000.00,3909000.00,4294000.00,4294000.00,3776000.00,4533000.00,3700000.00,3700000.00,3762000.00,4167000.00,3988000.00,3221000.00,2256000.00,2519000.00,2414000.00,-1968000.00,2655000.00,2388000.00,2385000.00,3002000.00,2571000.00,3094000.00,2961000.00,3199000.00,2894000.00,2979000.00,2889000.00,3160737.74,2876251.31,2776334.90,2715676.06,1953669.68,2704755.60,2747031.48,2566387.45,3151822.33,2279301.85,2100339.61,1808200.55,,,,,,,,,,,,,,,,,,,,,,,,,,,,,,,,,,
otherCashflowsFromInvestingActivities,-1045276000.00,-1040392000.00,-1013811000.00,827779000.00,839633000.00,843270000.00,828803000.00,-367005000.00,-356695000.00,23077000.00,-345982000.00,-49470000.00,-27193000.00,-16634000.00,-9355000.00,8780000.00,-19730000.00,-26560000.00,-24253000.00,-22000.00,-3000.00,793000.00,22000.00,-24000.00,-25000.00,3000.00,19000.00,287000.00,233000.00,9000.00,10000.00,49785000.00,30971000.00,13183000.00,3703000.00,8783000.00,8290000.00,,,-3273000.00,,,,,23665000.00,32158000.00,,,,5121000.00,6892000.00,,14004000.00,1381000.00,465000.00,,41077000.00,6393000.00,3242000.00,,,1609000.00,1609000.00,,,,,,,30461000.00,22269000.00,,,,,,,,842000.00,,,,,,,,,,,35000.00,6000.00,,,10000.00,38000.00,,,,,,,,,,,,,,,,,,,,,,,,,,,,,,,,,,,,,,,,,,,,,,,,,,,,,,,,,,
dividendsPaid,-161259000.00,-165258000.00,156163000.00,-143603000.00,160121000.00,149801000.00,154782000.00,69564000.00,65586000.00,67038000.00,72970000.00,71848000.00,39844000.00,41069000.00,37494000.00,34187000.00,21979000.00,23764000.00,25478000.00,20821000.00,21073000.00,19418000.00,22649000.00,20285000.00,17563000.00,18769000.00,19458000.00,20281000.00,20896000.00,15352000.00,14846000.00,14940000.00,15374000.00,14423000.00,14775000.00,14606000.00,14546000.00,12940000.00,11973000.00,31999000.00,32618000.00,31759000.00,29890000.00,29331000.00,27992000.00,30283000.00,30515000.00,25650000.00,23571000.00,23313000.00,25820000.00,26830000.00,26830000.00,26830000.00,26830000.00,27132000.00,27132000.00,27132000.00,27132000.00,23779000.00,23779000.00,23779000.00,23779000.00,13406000.00,13406000.00,13406000.00,13406000.00,3166000.00,3166000.00,3166000.00,3166000.00,17000.00,2542000.00,2542000.00,2542000.00,2480000.00,2480000.00,2480000.00,2480000.00,2431000.00,2431000.00,2431000.00,2431000.00,1344000.00,25000.00,30000.00,1289000.00,1114000.00,1114000.00,2000.00,1116000.00,36000.00,19000.00,23000.00,1104000.00,84000.00,1000.00,37000.00,1060000.00,56000.00,32000.00,30000.00,846000.00,128000.00,2000.00,12000.00,3755000.00,21290.47,8949.83,8491.87,3669832.51,46918.62,74245.60,76399.04,3635715.56,156343.95,104253.12,,,,,,,,,,,,,,,,,,,,,,,,,,,,,,,,,,,,
changeToInventory,-118251000.00,-28815000.00,2068000.00,-54978000.00,-159300000.00,-10110000.00,178152000.00,-9806000.00,-154611000.00,-46515000.00,25842000.00,10737000.00,-51084000.00,-50279000.00,7677000.00,-10362000.00,-60043000.00,-37243000.00,16212000.00,-13418000.00,-76216000.00,12768000.00,24550000.00,7750000.00,-63850000.00,-16725000.00,7936000.00,-12000.00,-11138000.00,6894000.00,24611000.00,8928000.00,-71510000.00,11623000.00,10412000.00,23705000.00,-54962000.00,-9670000.00,25512000.00,21706000.00,-76719000.00,3789000.00,27992000.00,6811000.00,-53210000.00,-9295000.00,11549000.00,23827000.00,-12631000.00,-37667000.00,-16595000.00,-19394000.00,-30303000.00,-16068000.00,-25542000.00,1227000.00,-79994000.00,-13928000.00,1923000.00,-2656000.00,-39885000.00,-3510000.00,147000.00,862000.00,3959000.00,-3417000.00,-2591000.00,767000.00,-871000.00,-238000.00,-2151000.00,-1341000.00,1189000.00,999000.00,-6438000.00,-6438000.00,-2366000.00,600000.00,-295000.00,-295000.00,-908000.00,-1533000.00,-533000.00,-533000.00,-507000.00,198000.00,420000.00,420000.00,-1939000.00,2712000.00,-3746000.00,9515000.00,-10865000.00,5407000.00,-3380000.00,-4093000.00,13560000.00,4112000.00,729000.00,,,,,,,,,,,,,,,,,,,,,,,,,,,,,,,,,,,,,,,,,,,,,,,,,,,,,,
changeToAccountReceivables,2572000.00,-2930000.00,8395000.00,-2430000.00,-24295000.00,-233000.00,39068000.00,-647000.00,3386000.00,87000.00,-4504000.00,-2700000.00,-2457000.00,328000.00,1282000.00,278000.00,112000.00,1553000.00,-208000.00,-1429000.00,4853000.00,255000.00,-1734000.00,-4256000.00,651000.00,1218000.00,-1428000.00,-286000.00,-2456000.00,198000.00,2073000.00,-1815000.00,55296000.00,22000.00,-1484000.00,2012000.00,6972000.00,16611000.00,-7111000.00,-3129000.00,-4170000.00,10525000.00,-2776000.00,9294000.00,-1152000.00,15000000.00,-14993000.00,2880000.00,-13958000.00,6745000.00,41383000.00,-29135000.00,-18459000.00,7826000.00,20390000.00,-21923000.00,6504000.00,-17314000.00,-15197000.00,15200000.00,20500000.00,12200000.00,-14100000.00,-4800000.00,1900000.00,-1300000.00,-4900000.00,-4900000.00,16800000.00,-31700000.00,-8900000.00,-10200000.00,-10600000.00,6200000.00,1700000.00,-1900000.00,600000.00,300000.00,-7800000.00,-15700000.00,10300000.00,-3700000.00,4200000.00,-12000000.00,11900000.00,500000.00,-9100000.00,-1000000.00,900000.00,-6500000.00,800000.00,,,,,,,,,,,,,,,,,,,,,,,,,,,,,,,,,,,,,,,,,,,,,,,,,,,,,,,,,,,,,,
salePurchaseOfStock,100471000.00,-1786000.00,-14564000.00,-4999000.00,-54809000.00,-22258000.00,-4766000.00,149743000.00,-3811000.00,-8816000.00,-21740000.00,64900000.00,63212000.00,239979000.00,-3947000.00,11037000.00,-325000.00,62126000.00,-24070000.00,-3559000.00,-171000.00,-76000.00,-26256000.00,-25000.00,-119000.00,-302000.00,-24238000.00,-34000.00,-15000.00,-632000.00,-14895000.00,114662000.00,301052000.00,-1257000.00,-10642000.00,2400000.00,236538000.00,11300000.00,-7518000.00,3900000.00,3900000.00,4000000.00,-19000000.00,12031000.00,200000000.00,255000000.00,-12031000.00,270000000.00,125000000.00,5400000.00,10000000.00,46700000.00,19500000.00,10700000.00,100000000.00,4700000.00,16400000.00,18500000.00,28900000.00,362700000.00,4600000.00,3500000.00,30300000.00,124100000.00,15400000.00,1900000.00,3100000.00,3100000.00,9600000.00,256200000.00,46300000.00,2400000.00,9400000.00,1000000.00,1400000.00,2400000.00,18500000.00,1600000.00,1400000.00,1100000.00,4700000.00,1100000.00,1200000.00,193400000.00,3500000.00,7400000.00,5200000.00,3500000.00,2600000.00,87100000.00,2300000.00,5500000.00,600000.00,300000.00,600000.00,6000000.00,500000.00,200000.00,300000.00,134000.00,-253000.00,78000.00,-282000.00,1739000.00,-500000.00,44600000.00,-217000.00,5600000.00,-2100000.00,-1200000.00,20800000.00,1100000.00,600000.00,2100000.00,-855462.48,1497923.10,-674608.35,-1376117.07,-1229576.37,,,,,,,,,,,,,,,,,,,,,,,,,,,,,,,,,,
otherCashflowsFromFinancingActivities,21899000.00,589809000.00,1010302000.00,17837000.00,63000.00,6104000.00,89952000.00,-2553000.00,110319000.00,108244000.00,213795000.00,-2325000.00,96236000.00,-1597000.00,992144000.00,7110000.00,139422000.00,198274000.00,15547000.00,53818000.00,4531000.00,357318000.00,262080000.00,8232000.00,3709000.00,597840000.00,10913000.00,632000.00,32798000.00,490834000.00,139424000.00,-196000.00,-1493000.00,79735000.00,8223000.00,50000000.00,-2127000.00,730000000.00,1027000.00,60928000.00,150000000.00,50000000.00,40000000.00,47969000.00,-2806000.00,-327000.00,-88908000.00,-51000.00,-2494000.00,80000000.00,-89957000.00,47059000.00,73669000.00,1088512000.00,3005000.00,147852000.00,202437000.00,76316000.00,215000000.00,-100755000.00,209577000.00,75000000.00,-121766000.00,-212490000.00,-213199000.00,-25242000.00,90748000.00,1351000.00,-7381000.00,-10649000.00,3264000.00,5000.00,-42467000.00,-29587000.00,-253000.00,-253000.00,3261000.00,-148000.00,-270000.00,-270000.00,-11660000.00,-18370000.00,-23430000.00,-23430000.00,-21990000.00,143552000.00,-55595000.00,-55595000.00,1246000.00,-538000.00,9066000.00,9639000.00,5141000.00,20093000.00,17657000.00,12027000.00,1000.00,141000.00,-66000.00,214000.00,-4061000.00,-3010000.00,-9377000.00,-2776000.00,-429000.00,-3260000.00,72000.00,42580.93,73226.81,-129639.72,73396.65,92917.26,147028.92,853964.46,-71288.54,296764.58,5948943.72,-3475335.83,98510766.03,,,,,,,,,,,,,,,,,,,,,,,,,,,,,,,,,,
changeToNetincome,,,,,205530000.00,139058000.00,-4488000.00,43453000.00,106766000.00,67281000.00,97966000.00,6639000.00,38554000.00,-49615000.00,72843000.00,127649000.00,55362000.00,5316000.00,5564000.00,306188000.00,-5876000.00,16082000.00,1236000.00,86744000.00,18621000.00,6914000.00,16280000.00,-57798000.00,,,,26839000.00,,,,107802000.00,,,,437221000.00,,,,,,,,,,,,,252000.00,14695000.00,3924000.00,,960000.00,1977000.00,,,,,4648000.00,,,2890000.00,3191000.00,,,,,,,,,,,,,,,,,,,,,,,,,,,,,,,,,,,,,,,,,,,,,,,,,,,,,,,,,,,,,,,,,,,,,,,,,,,,,,,,,,,,,,
capitalExpenditures,430782000,423621000,384934000,400831000,435659000,408596000,293151000,236898000,244594000,204306000,231886000,224738000,195334000,170459000,168811000,195721000,252659000,230931000,203353000,342183000,310602000,250221000,186094000,296277000,256965000,192272000,128639000,166567000,125526000,123263000,100694000,132958000,122402000,111511000,82887000,133353000,125442000,101512000,98793000,133095000,142287000,171773000,130634000,151843000,113344000,104368000,75995000,107577000,164003000,114402000,96849000,108003000,174058000,117017000,112563000,173994000,172832000,155002000,155347000,230546000,253684000,266593000,158030000,199766000,141721000,106416000,62974000,20782000,73895000,33533000,20975000,25382000,15685000,14021000,19541000,19541000,11778000,11776000,13063000,13063000,7468000,10671000,13896000,13896000,21486000,15202000,9802000,9802000,9421000,7454000,9601000,21206000,15288000,16927000,14966000,18414000,15454000,20470000,14575000,13025000,11954000,9555000,8813000,11096000,8969000,8214000,8305000,9379806.55,8934190.94,12061024.58,9247977.92,12070136.89,10377935.64,12275813.7,9196221.71,10090971.5,5853521.89,5649700.17,5569257.7,,,,,,,,,,,,,,,,,,,,,,,,,,,,,,,,,,
changeReceivables,,,,,,,,,,,,,,,,,,,,,,,,,,,,,,,,,,,,,,,,,,,,,,,,,,,,,,,,,,,,,,,,,,,,,,,,,,,,,,,,,,,,,,,,,,,,,,,,,,,,,,,,,,,,,,,,,,,,,,,,,,,,,,,,,,,,,,,,,,,,,,,,,,,,,,,,,
cashFlowsOtherOperating,,,,,,,,,,,,,,,,,,,,,,,,,,,,,,,,,,,,,,,,,,,,,,,,,,,,,,,,,,,,,,,,,,,,,,,,,,,,,,,,,,,,,,,,,,,,,,,,,,,,,,,,,,,,,,,,,,,,,,,,,,,,,,,,,,,,,,,,,,,,,,,,,,,,,,,,,
exchangeRateChanges,,,,,,,,,,,,,,,,,,,,,,,,,,,,,,,,,,,,,,,,,,,,,,,,,,,,,,,,,,,,,,,,,,,,,,,,,,,,,,,,,,,,,,,,,,,,,,,,,,,,,,,,,,,,,,,,,,,,,,,,,,,,,,,,,,,,,,,,,,,,,,,,,,,,,,,,,
cashAndCashEquivalentsChanges,,,,,,,,,,,,,,,,,,,,,,,,,,,,,,,,,,,,,,,,,,,,,,,,,,,,,,,,,,,,,,,,,,,,,,,,,,,,,,,,,,,,,,,,,,,,,,,,,,,,,,,,,,,,,,,,,,,,,,,,,,,,,,,,,,,,,,,,,,,,,,,,,,,,,,,,,
changeInWorkingCapital,-166568000.00,28976000.00,40814000.00,-105037000.00,17074000.00,-72689000.00,141420000.00,-74454000.00,-122677000.00,-25230000.00,-58842000.00,16700000.00,28157000.00,-22503000.00,-41429000.00,-6374000.00,73911000.00,-30990000.00,-22148000.00,-10159000.00,-17463000.00,-39436000.00,27170000.00,-42575000.00,-13822000.00,-13288000.00,-2128000.00,336000.00,49130000.00,36740000.00,-21775000.00,28149000.00,-74120000.00,35561000.00,-33383000.00,12382000.00,-57945000.00,58187000.00,53992000.00,-8790000.00,-73100000.00,11700000.00,11607000.00,-63356000.00,-24409000.00,52080000.00,15220000.00,-39537000.00,-15955000.00,1125000.00,24096000.00,-88837000.00,-14049000.00,22675000.00,-18040000.00,-45350000.00,-52338000.00,-27390000.00,7648000.00,-12049000.00,-44716000.00,60774000.00,-1016000.00,-19078000.00,-2046000.00,11967000.00,-421000.00,28866000.00,4435000.00,-22302000.00,-22141000.00,2048000.00,-6585000.00,7245000.00,-9318000.00,-9318000.00,-1929000.00,-3255000.00,-4773000.00,-4773000.00,7341000.00,-3455000.00,-9415000.00,-9415000.00,5958000.00,8391000.00,-2128000.00,-2128000.00,-10623000.00,1277000.00,-5137000.00,1587000.00,-4426000.00,3526000.00,-3932000.00,485000.00,11858000.00,4387000.00,-1524000.00,-400000.00,800000.00,3300000.00,-1600000.00,8900000.00,1300000.00,-400000.00,-1200000.00,-16000000.00,2900000.00,1100000.00,-2200000.00,-1300000.00,3300000.00,600000.00,-3900000.00,,,,,,,,,,,,,,,,,,,,,,,,,,,,,,,,,,,,,,
stockBasedCompensation,11939000.00,13380000.00,13147000.00,5558000.00,13805000.00,6959000.00,22248000.00,12771000.00,13449000.00,13543000.00,18036000.00,15762000.00,12194000.00,11512000.00,15018000.00,14994000.00,12269000.00,12123000.00,14875000.00,11870000.00,11331000.00,12133000.00,15324000.00,9417000.00,9337000.00,9530000.00,15390000.00,8731000.00,7427000.00,7860000.00,9786000.00,7045000.00,8928000.00,8131000.00,11718000.00,7533000.00,7552000.00,9587000.00,13903000.00,9074000.00,10221000.00,9332000.00,16277000.00,10658000.00,10630000.00,11296000.00,15772000.00,10199000.00,10183000.00,10465000.00,17303000.00,5924000.00,9376000.00,11167000.00,15168000.00,5241000.00,5745000.00,,-12340000.00,-9657000.00,-33206000.00,25619000.00,-9710000.00,15197000.00,31135000.00,-1337000.00,-1865000.00,,,,,,,,,,,,,,,,,,,,-1535000.00,-1535000.00,2681000.00,939000.00,871000.00,,,,,-832000.00,,,-596000.00,,,,,,,,,,,,,,,,,,,,,,,,,,,,,,,,,,,,,,,,,,,,,,,,,,,,,,
otherNonCashItems,35700000.00,-35908000.00,-1561301000.00,-32952000.00,142063000.00,51228000.00,-26079000.00,5149000.00,42046000.00,3985000.00,28494000.00,-9529000.00,-20567000.00,-64818000.00,33093000.00,-357657000.00,6306000.00,-3158000.00,-4277000.00,417083000.00,-2069000.00,-13939000.00,-2466000.00,19762000.00,6039000.00,6055000.00,359000.00,-112197000.00,4183000.00,7543000.00,1260000.00,814000.00,11834000.00,-9361000.00,-18820000.00,15360000.00,12309000.00,13082000.00,-9287000.00,548397000.00,4264000.00,9080000.00,17232000.00,-22146000.00,17201000.00,6055000.00,12084000.00,917622000.00,291200000.00,6136000.00,13572000.00,-4535000.00,-41280000.00,-17062000.00,11433000.00,5791000.00,16756000.00,19853000.00,12182000.00,-42488000.00,66275000.00,-20639000.00,12913000.00,-1260000.00,1617000.00,6075000.00,5723000.00,-5714000.00,-11968000.00,1094000.00,-14891000.00,4023000.00,4312000.00,-3439000.00,951000.00,951000.00,-39000.00,-41000.00,410000.00,410000.00,-171000.00,-236000.00,-336000.00,-336000.00,-803000.00,4884000.00,107000.00,107000.00,5686000.00,-5686000.00,-34000.00,415000.00,644000.00,-2059000.00,552000.00,70000.00,-2998000.00,-384000.00,-132000.00,423000.00,780000.00,3390000.00,-1621000.00,86598000.00,-1014000.00,142000.00,-1156000.00,-4462956.85,2859783.62,1030440.34,-2275296.16,3270343.59,-361024.45,718261.05,-3920869.72,-2589425.48,1245669.93,3905189.68,-4628993.41,,,,,,,,,,,,,,,,,,,,,,,,,,,,,,,,,,
freeCashFlow,71306000.00,298379000.00,264679000.00,-20331000.00,139779000.00,224670000.00,214281000.00,24825000.00,46369000.00,202615000.00,124501000.00,178772000.00,267204000.00,-7811000.00,-5453000.00,61747000.00,96574000.00,-104630000.00,-54663000.00,-201899000.00,-173029000.00,-130134000.00,21612000.00,-129347000.00,-62899000.00,-8322000.00,93972000.00,-45966000.00,157330000.00,106193000.00,45010000.00,7789000.00,21285000.00,76838000.00,60568000.00,30603000.00,-54198000.00,96197000.00,148936000.00,2849000.00,-61305000.00,-96475000.00,15438000.00,-45879000.00,86120000.00,89714000.00,120502000.00,24451000.00,33567000.00,48419000.00,74194000.00,-17427000.00,-17229000.00,44557000.00,-38072000.00,-120293000.00,-186619000.00,-128633000.00,-106524000.00,-276989000.00,-235776000.00,-173801000.00,-104206000.00,-156421000.00,-91775000.00,-26584000.00,-6908000.00,63719000.00,50000.00,14562000.00,-1264000.00,-760000.00,-4535000.00,5082000.00,-7819000.00,-7819000.00,1642000.00,3275000.00,-7360000.00,-7360000.00,-6707000.00,-13494000.00,-17895000.00,-17895000.00,-13185000.00,665000.00,-10396000.00,-10396000.00,-12959000.00,-8272000.00,-8830000.00,-10824000.00,-18255000.00,-16249000.00,-21725000.00,-28950000.00,-8980000.00,-16992000.00,-16894000.00,-12148000.00,-11441000.00,-5817000.00,-10646000.00,-15861000.00,-9260000.00,-6400000.00,-7511000.00,-10903460.53,-8834651.63,-3718602.73,-6899285.12,-2972823.27,-2279682.60,-1627387.12,-4705043.66,-8228981.47,3444609.99,4195391.74,-3688729.12,,,,,,,,,,,,,,,,,,,,,,,,,,,,,,,,,,
researchDevelopment,,,,,,,,,,,,,,14337000.00,29643000.00,23750000.00,28227000.00,27352000.00,25450000.00,27572000.00,40939000.00,38900000.00,30200000.00,31700000.00,50100000.00,34300000.00,25300000.00,35800000.00,44600000.00,38100000.00,28400000.00,26000000.00,37100000.00,30600000.00,16700000.00,14400000.00,20500000.00,11600000.00,9400000.00,8800000.00,15600000.00,11300000.00,8600000.00,16100000.00,36000000.00,34300000.00,23100000.00,31800000.00,9600000.00,17300000.00,17000000.00,15000000.00,19500000.00,13000000.00,7500000.00,7600000.00,11800000.00,10600000.00,6200000.00,8500000.00,8300000.00,8900000.00,8900000.00,6800000.00,3800000.00,9000000.00,10300000.00,10300000.00,7800000.00,6800000.00,5500000.00,6200000.00,4300000.00,3400000.00,2800000.00,2300000.00,600000.00,500000.00,300000.00,1500000.00,2200000.00,1000000.00,1500000.00,1000000.00,1100000.00,900000.00,700000.00,1800000.00,2700000.00,900000.00,1000000.00,1200000.00,700000.00,700000.00,700000.00,1800000.00,700000.00,1000000.00,400000.00,800000.00,500000.00,400000.00,800000.00,1700000.00,1000000.00,700000.00,1100000.00,700000.00,1100000.00,600000.00,1500000.00,1000000.00,700000.00,800000.00,900000.00,,,,,,,,,,,,,,,,,,,,,,,,,,,,,,,,,,,,,,
effectOfAccountingCharges,,,,,,,,,,,,,,,,,,,,0.00,0.00,0.00,0.00,0.00,0.00,0.00,0.00,0.00,0.00,0.00,0.00,0.00,0.00,0.00,0.00,0.00,0.00,0.00,0.00,0.00,0.00,0.00,0.00,0.00,0.00,0.00,0.00,0.00,0.00,0.00,0.00,0.00,0.00,0.00,0.00,0.00,0.00,0.00,0.00,0.00,0.00,0.00,0.00,0.00,0.00,0.00,0.00,0.00,0.00,0.00,0.00,0.00,0.00,0.00,0.00,0.00,0.00,0.00,0.00,0.00,0.00,0.00,0.00,0.00,0.00,0.00,0.00,0.00,0.00,0.00,0.00,0.00,0.00,0.00,0.00,,,,,,,,,,,,,,,,,,,,,,,,,,,,,,,,,,,,,,,,,,,,,,,,,,,,,,,,,,
incomeBeforeTax,271312000.00,466340000.00,1945499000.00,278882000.00,226284000.00,435690000.00,174567000.00,188831000.00,200438000.00,282247000.00,229588000.00,293994000.00,332689000.00,117551000.00,23331000.00,503945000.00,139456000.00,42820000.00,52521000.00,-387273000.00,18460000.00,40408000.00,69353000.00,62974000.00,105002000.00,71758000.00,102647000.00,115413000.00,87941000.00,37910000.00,27197000.00,19021000.00,-14015000.00,20909000.00,56713000.00,2288000.00,6315000.00,58361000.00,153905000.00,-474621000.00,78791000.00,-23460000.00,48608000.00,98108000.00,152347000.00,77176000.00,107510000.00,-850172000.00,-110584000.00,104766000.00,77362000.00,121903000.00,163477000.00,108549000.00,41274000.00,66726000.00,-6609000.00,18585000.00,29336000.00,10796000.00,20668000.00,13353000.00,51174000.00,46542000.00,20904000.00,48625000.00,43207000.00,81801000.00,62235000.00,64510000.00,52097000.00,12249000.00,3400000.00,9253000.00,11529000.00,11529000.00,11430000.00,10538000.00,49000.00,49000.00,-11466000.00,-3157000.00,676000.00,676000.00,-410000.00,3662000.00,14195000.00,14195000.00,-4801000.00,-1349000.00,-353000.00,5076000.00,-2579000.00,-5812000.00,-5655000.00,-9113000.00,-8178000.00,-3341000.00,-2319000.00,-2424000.00,-2876000.00,-2653000.00,-3103000.00,-94581000.00,-1955000.00,-1086000.00,-795000.00,-181000.00,-3800000.00,2900000.00,1300000.00,2500000.00,3800000.00,4600000.00,3900000.00,1300000.00,2700000.00,2600000.00,3200000.00,3400000.00,200000.00,1900000.00,300000.00,100000.00,3000000.00,2200000.00,-400000.00,-69400000.00,500000.00,700000.00,-2600000.00,-37100000.00,-2200000.00,-3300000.00,1500000.00,,,,,,,,,,,,,,,,,,
minorityInterest,,,,,,,,,,,,,,,,,,,,0.00,0.00,0.00,0.00,0.00,0.00,0.00,0.00,0.00,0.00,0.00,0.00,0.00,0.00,0.00,0.00,0.00,0.00,0.00,0.00,0.00,0.00,0.00,0.00,0.00,0.00,0.00,0.00,0.00,0.00,0.00,0.00,0.00,0.00,0.00,0.00,0.00,0.00,0.00,0.00,0.00,0.00,0.00,0.00,0.00,0.00,0.00,0.00,0.00,0.00,0.00,0.00,0.00,0.00,0.00,0.00,0.00,0.00,0.00,0.00,0.00,0.00,0.00,0.00,0.00,0.00,0.00,0.00,0.00,0.00,0.00,0.00,0.00,0.00,0.00,0.00,,,,,,,,,,,,,,,,,,,,,,,,,,,,,,,,,,,,,,,,,,,,,,,,,,,,,,,,,,
sellingGeneralAdministrative,38930000.00,47312000.00,48208000.00,54582000.00,49462000.00,49275000.00,67542000.00,34430000.00,31315000.00,31325000.00,44933000.00,33908000.00,26291000.00,25546000.00,30543000.00,35432000.00,27336000.00,29126000.00,29093000.00,31361000.00,29404000.00,30647000.00,33461000.00,28570000.00,27986000.00,27754000.00,30754000.00,32147000.00,21474000.00,24337000.00,24823000.00,22505000.00,25675000.00,23572000.00,25221000.00,25995000.00,24991000.00,24791000.00,27239000.00,25890000.00,24205000.00,28385000.00,37320000.00,27726000.00,25400000.00,32000000.00,33900000.00,28200000.00,20400000.00,24100000.00,35200000.00,22700000.00,19900000.00,23200000.00,28400000.00,17900000.00,14700000.00,12400000.00,18800000.00,6700000.00,10800000.00,9800000.00,19868000.00,13700000.00,7700000.00,7600000.00,9200000.00,9200000.00,5900000.00,5300000.00,5500000.00,3000000.00,2500000.00,2400000.00,3700000.00,1200000.00,1900000.00,2000000.00,1800000.00,1800000.00,1600000.00,2200000.00,1500000.00,1700000.00,1400000.00,1500000.00,1000000.00,1500000.00,900000.00,1000000.00,1100000.00,1300000.00,1000000.00,1000000.00,1000000.00,1100000.00,900000.00,1100000.00,1000000.00,1300000.00,1300000.00,1300000.00,1200000.00,1100000.00,1400000.00,1500000.00,1300000.00,1300000.00,1400000.00,1400000.00,1100000.00,2200000.00,1100000.00,1200000.00,800000.00,,,,,,,,,,,,,,,,,,,,,,,,,,,,,,,,,,,,,,
sellingAndMarketingExpenses,,,,,,,,,,,,,,,,,,,,,,,,,,,,,,,,,,,,,,,,,,,,4066000.00,,,,,,,,,,,,,,,,,,,,,,,,,,,,,,,,,,,,,,,,,,,,,,,,,,,,,,,,,,,,,,,,,,,,,,,,,,,,,,,,,,,,,,,,,,,,,,,,,,,,,,,,,,,,,
grossProfit,468006000.00,593682000.00,552558000.00,448142000.00,519433000.00,632370000.00,403205000.00,292454000.00,329586000.00,363839000.00,340877000.00,378641000.00,394636000.00,147316000.00,162267000.00,227811000.00,223320000.00,122911000.00,127088000.00,116114000.00,97962000.00,114118000.00,148739000.00,148087000.00,199523000.00,153802000.00,174611000.00,92699000.00,172020000.00,127534000.00,100927000.00,95984000.00,96243000.00,88882000.00,100419000.00,76678000.00,76199000.00,121218000.00,194139000.00,120027000.00,136731000.00,40345000.00,120298000.00,134340000.00,315428000.00,239655000.00,257899000.00,227936000.00,283347000.00,220937000.00,213501000.00,243006000.00,201804000.00,180883000.00,121078000.00,128804000.00,60598000.00,77515000.00,60806000.00,26967000.00,41774000.00,40995000.00,79135000.00,74203000.00,66202000.00,81095000.00,63490000.00,143621000.00,71613000.00,94425000.00,56841000.00,42003000.00,25673000.00,23485000.00,24433000.00,24433000.00,22064000.00,19478000.00,11162000.00,11162000.00,-983000.00,7270000.00,7862000.00,7862000.00,6742000.00,10968000.00,5966000.00,5966000.00,5690000.00,8595000.00,9597000.00,13712000.00,3338000.00,-472000.00,690000.00,-5277000.00,-1295000.00,681000.00,2650000.00,3510000.00,2876000.00,3334000.00,3737000.00,-1698000.00,5069000.00,5868000.00,6066000.00,13233000.00,13200000.00,17900000.00,14700000.00,15200000.00,15500000.00,17700000.00,15300000.00,10700000.00,15300000.00,14900000.00,12800000.00,17200000.00,14400000.00,15700000.00,12500000.00,11800000.00,15700000.00,15400000.00,13900000.00,20000000.00,17700000.00,16500000.00,12400000.00,12900000.00,15100000.00,15200000.00,18100000.00,8200000.00,7400000.00,7800000.00,9800000.00,7500000.00,9400000.00,8000000.00,10400000.00,11200000.00,11600000.00,9200000.00,7700000.00,6300000.00,7000000.00,7100000.00,6700000.00,6700000.00,11300000.00
reconciledDepreciation,414994000.00,381262000.00,303959000.00,269700000.00,273191000.00,291052000.00,260748000.00,191618000.00,192392000.00,175309000.00,181115000.00,174954000.00,173173000.00,129465000.00,153509000.00,150319000.00,143293000.00,124203000.00,128242000.00,137235000.00,143859000.00,138469000.00,134370000.00,129478000.00,118312000.00,128440000.00,132509000.00,151399000.00,161472000.00,154658000.00,145631000.00,157129000.00,157968000.00,157615000.00,135897000.00,139095000.00,117396000.00,77570000.00,73537000.00,79825000.00,76054000.00,70128000.00,70071000.00,72680000.00,68318000.00,66310000.00,64553000.00,73513000.00,67104000.00,59235000.00,61929000.00,69835000.00,48145000.00,44003000.00,30503000.00,21661000.00,23200000.00,15470000.00,12130000.00,12538000.00,9049000.00,7516000.00,7030000.00,-2835000.00,-172000.00,19387000.00,-17387000.00,7100000.00,23001000.00,12078000.00,7851000.00,6636000.00,10131000.00,6417000.00,9892000.00,6370000.00,6720000.00,7187000.00,6278000.00,8840000.00,5273000.00,3909000.00,4861000.00,4294000.00,3776000.00,4533000.00,4235000.00,3700000.00,3762000.00,4167000.00,3988000.00,3221000.00,2256000.00,2519000.00,2414000.00,-1968000.00,2655000.00,2388000.00,2385000.00,3002000.00,2571000.00,3094000.00,2961000.00,3199000.00,2894000.00,2979000.00,2889000.00,3160737.74,2876251.31,2776334.90,2715676.06,1953669.68,2704755.60,2747031.48,2566387.45,3151822.33,2279301.85,2100339.61,1808200.55,,,,,,,,,,,,,,,,,,,,,,,,,,,,,,,,,,
ebit,345128000.00,479758000.00,436995000.00,281834000.00,392457000.00,499822000.00,260661000.00,201189000.00,254892000.00,293364000.00,269744000.00,267342000.00,337197000.00,83698000.00,102154000.00,177441000.00,166208000.00,71403000.00,70677000.00,41695000.00,33175000.00,74016000.00,86378000.00,91394000.00,123880000.00,87396000.00,119329000.00,13377000.00,109376000.00,58349000.00,42028000.00,45435000.00,29312000.00,32477000.00,52947000.00,42514000.00,30775000.00,81505000.00,157899000.00,80329000.00,97117000.00,-1596000.00,74195000.00,92029000.00,182471000.00,103043000.00,136579000.00,85114000.00,186223000.00,120291000.00,99690000.00,202507000.00,121177000.00,100726000.00,45778000.00,83581000.00,12975000.00,37584000.00,22518000.00,-13078000.00,5436000.00,15943000.00,34044000.00,56718000.00,79195000.00,63750000.00,44676000.00,135090000.00,52775000.00,87149000.00,27508000.00,39241000.00,18408000.00,7066000.00,18334000.00,18334000.00,13765000.00,10636000.00,4387000.00,4387000.00,-9264000.00,348000.00,2263000.00,2263000.00,545000.00,4397000.00,-1976000.00,-1976000.00,702000.00,3230000.00,3782000.00,8764000.00,-424000.00,-2838000.00,-3035000.00,-5174000.00,-2385000.00,-5319000.00,-994000.00,-1879000.00,-1590000.00,-1800000.00,-1692000.00,78514000.00,-649000.00,-72000.00,-73000.00,-37335000.00,13200000.00,17900000.00,14700000.00,15200000.00,15500000.00,17700000.00,15300000.00,10700000.00,15300000.00,14900000.00,12800000.00,,,,,,,,,,,,,,,,,,,,,,,,,,,,,,,,,,
ebitda,760122000.00,861020000.00,740954000.00,551534000.00,665648000.00,790874000.00,521409000.00,392807000.00,447284000.00,468673000.00,450859000.00,442296000.00,510370000.00,213163000.00,255663000.00,327760000.00,309501000.00,195606000.00,198919000.00,178930000.00,177034000.00,212485000.00,220748000.00,220872000.00,242192000.00,215836000.00,251838000.00,164776000.00,270848000.00,213007000.00,187659000.00,202564000.00,187280000.00,190092000.00,188844000.00,181609000.00,148171000.00,159075000.00,231436000.00,160154000.00,173171000.00,68532000.00,144266000.00,164709000.00,250789000.00,169353000.00,201132000.00,158627000.00,253327000.00,179526000.00,161619000.00,272342000.00,169322000.00,144729000.00,76281000.00,105242000.00,36175000.00,53054000.00,34648000.00,-540000.00,14485000.00,23459000.00,41074000.00,53883000.00,79023000.00,83137000.00,56053000.00,117703000.00,75776000.00,99227000.00,35359000.00,45877000.00,28539000.00,13483000.00,24704000.00,24704000.00,20485000.00,17823000.00,13227000.00,13227000.00,-3991000.00,4257000.00,6557000.00,6557000.00,4321000.00,8930000.00,1724000.00,1724000.00,4464000.00,7397000.00,7770000.00,11985000.00,1832000.00,-319000.00,-621000.00,-7142000.00,270000.00,-2931000.00,1391000.00,1123000.00,981000.00,1294000.00,1269000.00,81713000.00,2245000.00,2907000.00,2816000.00,-34174262.26,16076251.31,20676334.90,17415676.06,17153669.68,18204755.60,20447031.48,17866387.45,13851822.33,17579301.85,17000339.61,14608200.55,17200000.00,14400000.00,15700000.00,12500000.00,11800000.00,15700000.00,15400000.00,13900000.00,20000000.00,17700000.00,16500000.00,12400000.00,12900000.00,15100000.00,15200000.00,18100000.00,8200000.00,7400000.00,7800000.00,9800000.00,7500000.00,9400000.00,8000000.00,10400000.00,11200000.00,11600000.00,9200000.00,7700000.00,6300000.00,7000000.00,7100000.00,6700000.00,6700000.00,11300000.00
depreciationAndAmortization,414994000.00,381262000.00,303959000.00,269700000.00,273191000.00,291052000.00,260748000.00,191618000.00,192392000.00,175309000.00,181115000.00,174954000.00,173173000.00,129465000.00,153509000.00,150319000.00,143293000.00,124203000.00,128242000.00,137235000.00,143859000.00,138469000.00,134370000.00,129478000.00,118312000.00,128440000.00,132509000.00,151399000.00,161472000.00,154658000.00,145631000.00,157129000.00,157968000.00,157615000.00,135897000.00,139095000.00,117396000.00,77570000.00,73537000.00,79825000.00,76054000.00,70128000.00,70071000.00,72680000.00,68318000.00,66310000.00,64553000.00,73513000.00,67104000.00,59235000.00,61929000.00,69835000.00,48145000.00,44003000.00,30503000.00,21661000.00,23200000.00,15470000.00,12130000.00,12538000.00,9049000.00,7516000.00,7030000.00,-2835000.00,-172000.00,19387000.00,11377000.00,-17387000.00,23001000.00,12078000.00,7851000.00,6636000.00,10131000.00,6417000.00,6370000.00,6370000.00,6720000.00,7187000.00,8840000.00,8840000.00,5273000.00,3909000.00,4294000.00,4294000.00,3776000.00,4533000.00,3700000.00,3700000.00,3762000.00,4167000.00,3988000.00,3221000.00,2256000.00,2519000.00,2414000.00,-1968000.00,2655000.00,2388000.00,2385000.00,3002000.00,2571000.00,3094000.00,2961000.00,3199000.00,2894000.00,2979000.00,2889000.00,3160737.74,2876251.31,2776334.90,2715676.06,1953669.68,2704755.60,2747031.48,2566387.45,3151822.33,2279301.85,2100339.61,1808200.55,,,,,,,,,,,,,,,,,,,,,,,,,,,,,,,,,,
nonOperatingIncomeNetOther,,,,,,,,,,,,,,,,,,,,,,,,,,,,,,,,,,,,,,,,,,,,,,,,,,,,,,,,,,,,,,,,,,,,,,,,,,,,,,,,,,,,,,,,,,,,,,,,,,,,,,,,,,,,,,,,,,,,,,,,,,,,,,,,,,,,,,,,,,,,,,,,,,,,,,,,,
operatingIncome,345128000.00,479758000.00,436995000.00,281834000.00,392457000.00,499822000.00,260661000.00,208193000.00,254892000.00,293364000.00,269744000.00,264562000.00,337197000.00,83698000.00,102154000.00,174971000.00,166208000.00,71403000.00,70677000.00,18931000.00,33175000.00,74016000.00,86378000.00,91394000.00,123880000.00,87396000.00,119329000.00,13377000.00,109376000.00,58349000.00,42028000.00,45435000.00,29312000.00,32477000.00,52947000.00,42514000.00,30775000.00,81505000.00,157899000.00,89153000.00,97117000.00,-1596000.00,74195000.00,83930000.00,182471000.00,103043000.00,136579000.00,85114000.00,186223000.00,120291000.00,99690000.00,202507000.00,121177000.00,100726000.00,45778000.00,83581000.00,12975000.00,37584000.00,22518000.00,-13078000.00,5436000.00,15943000.00,34044000.00,56718000.00,79195000.00,63750000.00,44676000.00,135090000.00,52775000.00,87149000.00,27508000.00,39241000.00,18408000.00,7066000.00,18334000.00,18334000.00,13765000.00,10636000.00,4387000.00,4387000.00,-9264000.00,348000.00,2263000.00,2263000.00,545000.00,4397000.00,-1976000.00,-1976000.00,702000.00,3230000.00,3782000.00,8764000.00,-424000.00,-2838000.00,-3035000.00,-5174000.00,-2385000.00,-5319000.00,-994000.00,-1879000.00,-1590000.00,-1800000.00,-1692000.00,78514000.00,-649000.00,-72000.00,-73000.00,-37335000.00,13200000.00,17900000.00,14700000.00,15200000.00,15500000.00,17700000.00,15300000.00,10700000.00,15300000.00,14900000.00,12800000.00,17200000.00,14400000.00,15700000.00,12500000.00,11800000.00,15700000.00,15400000.00,13900000.00,20000000.00,17700000.00,16500000.00,12400000.00,12900000.00,15100000.00,15200000.00,18100000.00,8200000.00,7400000.00,7800000.00,9800000.00,7500000.00,9400000.00,8000000.00,10400000.00,11200000.00,11600000.00,9200000.00,7700000.00,6300000.00,7000000.00,7100000.00,6700000.00,6700000.00,11300000.00
otherOperatingExpenses,1287290000.00,1235660000.00,1069767000.00,1073725000.00,1054265000.00,1077572000.00,1064024000.00,733976000.00,717935000.00,673748000.00,667157000.00,649577000.00,642755000.00,449742000.00,569797000.00,587189000.00,515202000.00,460178000.00,459771000.00,494807000.00,491084000.00,511773000.00,493587000.00,478338000.00,458765000.00,457968000.00,429243000.00,472907000.00,504686000.00,473371000.00,447905000.00,437120000.00,475361000.00,475274000.00,425478000.00,465894000.00,441191000.00,352919000.00,334285000.00,351892000.00,347344000.00,334286000.00,346015000.00,358841000.00,354231000.00,356518000.00,336624000.00,370389000.00,334314000.00,313400000.00,312626000.00,304277000.00,277301000.00,247513000.00,193527000.00,154870000.00,139939000.00,100944000.00,88006000.00,76473000.00,80167000.00,73262000.00,80316000.00,67627000.00,66058000.00,68002000.00,59050000.00,67189000.00,56965000.00,54112000.00,50798000.00,49425000.00,46029000.00,42338000.00,29475000.00,29475000.00,34318000.00,34745000.00,37102000.00,37102000.00,34581000.00,32859000.00,28413000.00,28413000.00,21400000.00,26295000.00,24971000.00,24971000.00,20569000.00,26105000.00,17226000.00,20442000.00,15836000.00,15136000.00,14898000.00,12899000.00,10018000.00,11046000.00,11130000.00,11041000.00,11240000.00,12448000.00,12056000.00,12415000.00,12889000.00,12605000.00,12495000.00,50568000.00,13300000.00,12800000.00,0.00,12100000.00,10600000.00,10700000.00,0.00,,,,,,,,,,,,,,,,,,,,,,,,,,,,,,,,,,,,,,
interestExpense,35704000.00,35837000.00,23448000.00,20043000.00,19278000.00,20961000.00,22653000.00,23833000.00,22780000.00,23261000.00,22168000.00,20933000.00,21439000.00,25000000.00,27762000.00,26285000.00,25721000.00,27310000.00,25766000.00,25544000.00,23914000.00,25293000.00,21816000.00,21092000.00,20298000.00,17835000.00,19706000.00,19795000.00,19654000.00,17391000.00,17801000.00,17887000.00,19674000.00,17955000.00,19712000.00,18144000.00,20852000.00,15731000.00,15935000.00,15424000.00,14924000.00,13735000.00,13916000.00,14287000.00,14933000.00,14220000.00,14447000.00,17290000.00,14964000.00,14213000.00,14008000.00,14958000.00,14722000.00,15309000.00,4504000.00,2596000.00,2648000.00,2335000.00,869000.00,23874000.00,15232000.00,2590000.00,17130000.00,10176000.00,58291000.00,15125000.00,1469000.00,53289000.00,9460000.00,22639000.00,24589000.00,26992000.00,15008000.00,2187000.00,6805000.00,6805000.00,2335000.00,98000.00,4339000.00,4339000.00,2202000.00,3505000.00,1587000.00,1587000.00,955000.00,735000.00,787000.00,787000.00,5503000.00,4579000.00,4135000.00,3688000.00,2155000.00,2974000.00,2620000.00,3939000.00,5793000.00,1978000.00,1325000.00,545000.00,1286000.00,853000.00,1411000.00,173095000.00,1306000.00,1014000.00,722000.00,2100000.00,2200000.00,2100000.00,2100000.00,,,,,,,,,,,,,,,,,,,,,,,,,,,,,,,,,,,,,,,,,,
taxProvision,92706000.00,139519000.00,128608000.00,73873000.00,146641000.00,159845000.00,64815000.00,87725000.00,85956000.00,92686000.00,93440000.00,88777000.00,110035000.00,12250000.00,44896000.00,172250000.00,62789000.00,15048000.00,15489000.00,,,,,,,,,,,,,,,,,,,,,,,,,,,,,,,,,,,,,,,,,,,,,,,,,,,,,,,,,,,,,,,,,,,,,,,,,,,,,,,,,,,,,,,,,,,,,,,,,,,,,,,,,,,,,,,,,,,,,,,,,,,,,,,,,,,,,,
interestIncome,1630000.00,11937000.00,1528753000.00,52048000.00,1714000.00,3770000.00,1205000.00,11342000.00,50586000.00,1058000.00,727000.00,26652000.00,5133000.00,35080000.00,71893000.00,33617000.00,26252000.00,33783000.00,19056000.00,,,,,,,,,,,,,,,,,,,,,,,,,,,,,,,,,,,,,,,,,,,,,,,,,,,,,,,,,,,,,,,,,,,,,,,,,,,,,,,,,,,,,,,,,,,,,,,,,,,,,,,,,,,,,,,,,,,,,,,,,,,,,,,,,,,,,,
netInterestIncome,-34074000.00,-35837000.00,-20980000.00,-20043000.00,-17564000.00,-17191000.00,-21448000.00,-23833000.00,-22780000.00,-22203000.00,-21441000.00,-20933000.00,-20270000.00,-25000000.00,-25245000.00,-19597000.00,-25721000.00,-27310000.00,-25766000.00,,,,,,,,,,,,,,,,,,,,,,,,,,,,,,,,,,,,,,,,,,,,,,,,,,,,,,,,,,,,,,,,,,,,,,,,,,,,,,,,,,,,,,,,,,,,,,,,,,,,,,,,,,,,,,,,,,,,,,,,,,,,,,,,,,,,,,
extraordinaryItems,,,,,,,,,,,,,,,,,,,,0.00,0.00,0.00,0.00,0.00,0.00,0.00,0.00,0.00,0.00,0.00,0.00,0.00,0.00,0.00,0.00,0.00,0.00,0.00,0.00,0.00,0.00,0.00,0.00,0.00,0.00,0.00,0.00,0.00,0.00,0.00,0.00,0.00,0.00,0.00,0.00,0.00,0.00,0.00,0.00,0.00,0.00,0.00,0.00,0.00,0.00,0.00,0.00,0.00,0.00,0.00,0.00,0.00,0.00,0.00,0.00,0.00,0.00,0.00,0.00,0.00,0.00,0.00,0.00,0.00,0.00,0.00,0.00,0.00,0.00,0.00,0.00,0.00,0.00,0.00,0.00,,,,,,,,,,,,,,,,,,,,,,,,,,,,,,,,,,,,,,,,,,,,,,,,,,,,,,,,,,
nonRecurring,,,,,,,,,,,,,,,,,,,,0.00,0.00,0.00,0.00,9751000.00,0.00,0.00,0.00,-116103000.00,0.00,0.00,0.00,14038000.00,0.00,0.00,0.00,23977000.00,0.00,0.00,0.00,0.00,0.00,0.00,0.00,0.00,0.00,0.00,0.00,0.00,0.00,0.00,0.00,0.00,0.00,0.00,0.00,0.00,0.00,0.00,0.00,0.00,0.00,0.00,0.00,0.00,0.00,0.00,0.00,0.00,0.00,0.00,0.00,0.00,0.00,0.00,0.00,0.00,0.00,0.00,0.00,0.00,0.00,0.00,0.00,0.00,0.00,0.00,0.00,0.00,0.00,0.00,0.00,0.00,0.00,0.00,0.00,,,,,,,,,,,,,,,,,,,,,,,,,,,,,,,,,,,,,,,,,,,,,,,,,,,,,,,,,,
otherItems,,,,,,,,,,,,,,,,,,,,0.00,0.00,0.00,0.00,0.00,0.00,0.00,0.00,0.00,0.00,0.00,0.00,0.00,0.00,0.00,0.00,0.00,0.00,0.00,0.00,0.00,0.00,0.00,0.00,0.00,0.00,0.00,0.00,0.00,0.00,0.00,0.00,0.00,0.00,0.00,0.00,0.00,0.00,0.00,0.00,0.00,0.00,0.00,0.00,0.00,0.00,0.00,0.00,0.00,0.00,0.00,0.00,0.00,0.00,0.00,0.00,0.00,0.00,0.00,0.00,0.00,0.00,0.00,0.00,0.00,0.00,0.00,0.00,0.00,0.00,0.00,0.00,0.00,0.00,0.00,0.00,,,,,,,,,,,,,,,,,,,,,,,,,,,,,,,,,,,,,,,,,,,,,,,,,,,,,,,,,,
incomeTaxExpense,92706000.00,139519000.00,128608000.00,73873000.00,146641000.00,159845000.00,64815000.00,87725000.00,85956000.00,92686000.00,93440000.00,88777000.00,110035000.00,12250000.00,44896000.00,172250000.00,62789000.00,15048000.00,15489000.00,6383000.00,1407000.00,35436000.00,24423000.00,27876000.00,34047000.00,9874000.00,26697000.00,52759000.00,38549000.00,18920000.00,-591000.00,34558000.00,-15309000.00,10826000.00,27970000.00,23571000.00,21365000.00,18360000.00,45053000.00,-21305000.00,31480000.00,920000.00,24749000.00,15338000.00,46021000.00,33904000.00,28962000.00,-248742000.00,-28970000.00,35941000.00,32098000.00,33940000.00,42016000.00,8189000.00,18942000.00,18790000.00,10357000.00,17358000.00,-25005000.00,-11078000.00,6630000.00,5006000.00,22266000.00,-18620000.00,9452000.00,10816000.00,18285000.00,39949000.00,17032000.00,27418000.00,14907000.00,554000.00,1343000.00,-3541000.00,-4080000.00,-4080000.00,874000.00,1516000.00,-2338000.00,-2338000.00,403000.00,622000.00,-140000.00,-140000.00,220000.00,302000.00,296000.00,296000.00,5503000.00,-233000.00,-100000.00,1979000.00,-1223000.00,-2433000.00,-2138000.00,-4137000.00,-3135000.00,-477000.00,-596000.00,-1661000.00,-327000.00,-612000.00,-776000.00,-11984000.00,-941000.00,-217000.00,-217000.00,-37154000.00,17000000.00,15000000.00,13400000.00,12700000.00,11700000.00,13100000.00,11400000.00,9400000.00,12600000.00,12300000.00,9600000.00,13800000.00,14200000.00,13800000.00,12200000.00,11700000.00,12700000.00,13200000.00,14300000.00,89400000.00,17200000.00,15800000.00,15000000.00,50000000.00,17300000.00,18500000.00,16600000.00,,,,,,,,,,,,,,,,,,
totalRevenue,1642411000.00,1718197000.00,1509661000.00,1384719000.00,1449697000.00,1581058000.00,1325688000.00,949101000.00,974065000.00,966320000.00,934392000.00,928448000.00,980612000.00,557175000.00,671878000.00,753099000.00,682959000.00,526611000.00,532223000.00,537821000.00,518683000.00,556282000.00,578435000.00,565254000.00,580008000.00,549883000.00,547459000.00,499210000.00,610863000.00,537628000.00,490531000.00,482932000.00,508795000.00,510109000.00,483596000.00,503090000.00,463388000.00,437794000.00,491767000.00,437240000.00,444320000.00,336424000.00,420422000.00,449383000.00,535836000.00,459561000.00,472934000.00,455503000.00,520537000.00,433691000.00,412068000.00,439004000.00,398478000.00,347456000.00,239305000.00,235739000.00,149250000.00,138528000.00,110524000.00,75630000.00,93738000.00,88042000.00,123655000.00,115077000.00,113146000.00,125343000.00,100730000.00,184296000.00,108798000.00,130336000.00,90581000.00,75634000.00,58608000.00,54064000.00,46028000.00,46028000.00,48045000.00,45899000.00,41376000.00,41376000.00,25334000.00,32136000.00,30810000.00,30810000.00,22384000.00,31193000.00,25195000.00,25195000.00,20159000.00,28799000.00,20792000.00,28417000.00,15276000.00,11690000.00,11518000.00,6685000.00,5588000.00,7227000.00,10136000.00,9918000.00,9999000.00,11293000.00,10787000.00,5391000.00,12672000.00,13113000.00,13144000.00,13233000.00,13200000.00,17900000.00,14700000.00,15200000.00,15500000.00,17700000.00,15300000.00,10700000.00,15300000.00,14900000.00,12800000.00,17200000.00,14400000.00,15700000.00,12500000.00,11800000.00,15700000.00,15400000.00,13900000.00,20000000.00,17700000.00,16500000.00,12400000.00,12900000.00,15100000.00,15200000.00,18100000.00,8200000.00,7400000.00,7800000.00,9800000.00,7500000.00,9400000.00,8000000.00,10400000.00,11200000.00,11600000.00,9200000.00,7700000.00,6300000.00,7000000.00,7100000.00,6700000.00,6700000.00,11300000.00
totalOperatingExpenses,112885000.00,111145000.00,112664000.00,137148000.00,124001000.00,128884000.00,141541000.00,77329000.00,73456000.00,71267000.00,73642000.00,99770000.00,56779000.00,39883000.00,60186000.00,61901000.00,55563000.00,56478000.00,54636000.00,73100000.00,70363000.00,69609000.00,63891000.00,61171000.00,78280000.00,61887000.00,56395000.00,66396000.00,65843000.00,63277000.00,58301000.00,50172000.00,62809000.00,54047000.00,42301000.00,39482000.00,54002000.00,36343000.00,36657000.00,34679000.00,39755000.00,38207000.00,45891000.00,43798000.00,133823000.00,136612000.00,121589000.00,142822000.00,97124000.00,100646000.00,114059000.00,108279000.00,80627000.00,80940000.00,75300000.00,47935000.00,51287000.00,39931000.00,38288000.00,27810000.00,28203000.00,26215000.00,35796000.00,26753000.00,19114000.00,23754000.00,21810000.00,26514000.00,19780000.00,18201000.00,17058000.00,15794000.00,13094000.00,11759000.00,7880000.00,7880000.00,8337000.00,8324000.00,6888000.00,6888000.00,8264000.00,7993000.00,5465000.00,5465000.00,5758000.00,6070000.00,5742000.00,5742000.00,6100000.00,5901000.00,6031000.00,5737000.00,3898000.00,2974000.00,4070000.00,937000.00,3135000.00,4500000.00,3644000.00,4633000.00,4117000.00,4489000.00,5006000.00,5326000.00,5286000.00,5360000.00,5417000.00,-50568000.00,4300000.00,3800000.00,0.00,4600000.00,3800000.00,4100000.00,0.00,,,,,,,,,,,,,,,,,,,,,,,,,,,,,,,,,,,,,,
costOfRevenue,1174405000.00,1124515000.00,957103000.00,936577000.00,930264000.00,948688000.00,922483000.00,656647000.00,644479000.00,602481000.00,593515000.00,549807000.00,585976000.00,409859000.00,509611000.00,525288000.00,459639000.00,403700000.00,405135000.00,421707000.00,420721000.00,442164000.00,429696000.00,417167000.00,380485000.00,396081000.00,372848000.00,406511000.00,438843000.00,410094000.00,389604000.00,386948000.00,412552000.00,421227000.00,383177000.00,426412000.00,387189000.00,316576000.00,297628000.00,317213000.00,307589000.00,296079000.00,300124000.00,315043000.00,220408000.00,219906000.00,215035000.00,227567000.00,237190000.00,212754000.00,198567000.00,195998000.00,196674000.00,166573000.00,118227000.00,106935000.00,88652000.00,61013000.00,49718000.00,48663000.00,51964000.00,47047000.00,44520000.00,40874000.00,46944000.00,44248000.00,37240000.00,40675000.00,37185000.00,35911000.00,33740000.00,33631000.00,32935000.00,30579000.00,21595000.00,21595000.00,25981000.00,26421000.00,30214000.00,30214000.00,26317000.00,24866000.00,22948000.00,22948000.00,15642000.00,20225000.00,19229000.00,19229000.00,14469000.00,20204000.00,11195000.00,14705000.00,11938000.00,12162000.00,10828000.00,11962000.00,6883000.00,6546000.00,7486000.00,6408000.00,7123000.00,7959000.00,7050000.00,7089000.00,7603000.00,7245000.00,7078000.00,8800000.00,9000000.00,9000000.00,7500000.00,7500000.00,6800000.00,6600000.00,5900000.00,,,,,,,,,,,,,,,,,,,,,,,,,,,,,,,,,,,,,,
totalOtherIncomeExpenseNet,-49735000.00,19640000.00,1508504000.00,-2952000.00,-166173000.00,-64132000.00,-86094000.00,-2461000.00,-34048000.00,11878000.00,-15479000.00,36056000.00,15102000.00,35118000.00,-53505000.00,364320000.00,-2580000.00,3697000.00,5835000.00,-404743000.00,14775000.00,21192000.00,6321000.00,-2850000.00,4057000.00,-2322000.00,4137000.00,108905000.00,1418000.00,-8956000.00,2372000.00,-8904000.00,-27775000.00,4029000.00,18307000.00,-16764000.00,4970000.00,-10783000.00,12358000.00,-544545000.00,-3261000.00,-11863000.00,-11883000.00,21853000.00,-15191000.00,-11647000.00,-14622000.00,-917996000.00,-281843000.00,-1312000.00,-8320000.00,-65646000.00,57022000.00,23132000.00,-4504000.00,-14259000.00,-16936000.00,-16664000.00,7687000.00,12235000.00,8135000.00,-1163000.00,9295000.00,-276000.00,-24357000.00,-6409000.00,-2996000.00,6435000.00,-1288000.00,-11158000.00,12191000.00,-13374000.00,-6413000.00,3822000.00,-2590000.00,-2590000.00,-555000.00,-91000.00,-1739000.00,-1739000.00,17000.00,-193000.00,134000.00,134000.00,439000.00,501000.00,2200000.00,2200000.00,-1112000.00,-536000.00,-216000.00,-789000.00,-136000.00,-608000.00,-345000.00,-1040000.00,-2045000.00,1500000.00,-1325000.00,756000.00,588000.00,748000.00,423000.00,-85538000.00,434000.00,580000.00,722000.00,36835000.00,-18600000.00,-13800000.00,-12500000.00,-11200000.00,-9800000.00,-10200000.00,-9800000.00,,,,,,,,,,,,,,,,,,,,,,,,,,,,,,,,,,,,,,
discontinuedOperations,,,,,,,,,,,,,,,,,,,,0.00,0.00,0.00,0.00,0.00,0.00,0.00,0.00,0.00,0.00,0.00,0.00,0.00,0.00,0.00,0.00,0.00,0.00,0.00,0.00,0.00,0.00,0.00,0.00,0.00,0.00,0.00,0.00,0.00,0.00,0.00,0.00,0.00,0.00,0.00,0.00,0.00,0.00,0.00,0.00,0.00,0.00,0.00,0.00,0.00,0.00,0.00,0.00,0.00,0.00,0.00,0.00,0.00,0.00,0.00,0.00,0.00,0.00,0.00,0.00,0.00,0.00,0.00,0.00,0.00,0.00,0.00,0.00,0.00,0.00,0.00,0.00,0.00,0.00,0.00,0.00,,,,,,,,,,,,,,,,,,,,,,,,,,,,,,,,,,,,,,,,,,,,,,,,,,,,,,,,,,
netIncomeFromContinuingOps,178606000.00,326821000.00,1816891000.00,205009000.00,79643000.00,275845000.00,109752000.00,101106000.00,114482000.00,189561000.00,136148000.00,205217000.00,222654000.00,105301000.00,-21565000.00,331695000.00,76667000.00,27772000.00,37032000.00,-393656000.00,17053000.00,4972000.00,44930000.00,220750000.00,113153000.00,-165966000.00,75950000.00,158824000.00,0.00,0.00,0.00,24583000.00,0.00,0.00,0.00,82970000.00,0.00,0.00,0.00,-686705000.00,0.00,0.00,0.00,0.00,0.00,0.00,0.00,0.00,0.00,0.00,0.00,0.00,0.00,0.00,0.00,0.00,0.00,0.00,0.00,0.00,0.00,0.00,0.00,0.00,0.00,0.00,0.00,0.00,0.00,0.00,0.00,0.00,0.00,0.00,0.00,0.00,0.00,0.00,0.00,0.00,0.00,0.00,0.00,0.00,0.00,0.00,0.00,0.00,0.00,0.00,0.00,0.00,0.00,0.00,0.00,,,,,,,,,,,,,,,,,,,,,,,,,,,,,,,,,,,,,,,,,,,,,,,,,,,,,,,,,,
netIncomeApplicableToCommonShares,178606000.00,326821000.00,1816891000.00,205009000.00,79643000.00,275845000.00,109752000.00,101106000.00,114482000.00,189561000.00,136148000.00,205217000.00,222654000.00,105301000.00,-21565000.00,331695000.00,76667000.00,27772000.00,37032000.00,-393656000.00,17053000.00,4972000.00,44930000.00,35098000.00,72469000.00,54876000.00,75950000.00,62654000.00,49392000.00,18990000.00,27788000.00,23289000.00,1294000.00,10083000.00,28743000.00,82970000.00,-37676000.00,37676000.00,108852000.00,-734016000.00,47311000.00,-23859000.00,23859000.00,82770000.00,106326000.00,43272000.00,78548000.00,0.00,-68825000.00,68825000.00,45264000.00,87963000.00,121461000.00,100360000.00,22332000.00,47936000.00,-1227000.00,1227000.00,54341000.00,21874000.00,14038000.00,8347000.00,28908000.00,65162000.00,11452000.00,37809000.00,24922000.00,41852000.00,45203000.00,37092000.00,37190000.00,11695000.00,2056000.00,12794000.00,10449000.00,15609000.00,10556000.00,8805000.00,12909000.00,2387000.00,0.00,0.00,0.00,816000.00,-3360000.00,3360000.00,477000.00,0.00,0.00,0.00,0.00,3097000.00,0.00,0.00,0.00,,,,,,,,,,,,,,,,,,,,,,,,,,,,,,,,,,,,,,,,,,,,,,,,,,,,,,,,,,
preferredStockAndOtherAdjustments,,,,,,,,,,,,,,,,,,,,,,,,,,,,,,,,,,,,,,,,,,,,,,,,,,,,,,,,,,,,,,,,,,,,,,,,,,,,,,,,,,,,,,,,,,,,,,,,,,,,,,,,,,,,,,,,,,,,,,,,,,,,,,,,,,,,,,,,,,,,,,,,,,,,,,,,,
