,2023-09-30,2023-06-30,2023-03-31,2022-12-31,2022-09-30,2022-06-30,2022-03-31,2021-12-31,2021-09-30,2021-06-30,2021-03-31,2020-12-31,2020-09-30,2020-06-30,2020-03-31,2019-12-31,2019-09-30,2019-06-30,2019-03-31,2018-12-31,2018-09-30,2018-06-30,2018-03-31,2017-12-31,2017-09-30,2017-06-30,2017-03-31,2016-12-31,2016-09-30,2016-06-30,2016-03-31,2015-12-31,2015-09-30,2015-06-30,2015-03-31,2014-12-31,2014-09-30,2014-06-30,2014-03-31,2013-12-31,2013-09-30,2013-06-30,2013-03-31,2012-12-31,2012-09-30,2012-06-30,2012-03-31,2011-12-31,2011-09-30,2011-06-30,2011-03-31,2010-12-31,2010-09-30,2010-06-30,2010-03-31,2009-12-31,2009-09-30,2009-06-30,2009-03-31,2008-12-31,2008-09-30,2008-06-30,2008-03-31,2007-12-31,2007-09-30,2007-06-30,2007-03-31,2006-12-31,2006-09-30,2006-06-30,2006-03-31,2005-12-31,2005-09-30,2005-06-30,2005-03-31,2004-12-31,2004-09-30,2004-06-30,2004-03-31,2003-12-31,2003-09-30,2003-06-30,2003-03-31,2002-12-31,2002-09-30,2002-06-30,2002-03-31,2001-12-31,2001-09-30,2001-06-30,2001-03-31,2000-12-31,2000-09-30,2000-06-30,2000-03-31,1999-12-31,1999-09-30,1999-06-30,1999-03-31,1998-12-31,1998-09-30,1998-06-30,1998-03-31,1997-12-31,1997-09-30,1997-06-30,1997-03-31,1996-12-31,1996-09-30,1996-06-30,1996-03-31,1995-12-31,1995-09-30,1995-06-30,1995-03-31,1994-12-31,1994-09-30,1994-06-30,1994-03-31,1993-12-31,1993-09-30,1993-06-30,1993-03-31,1992-12-31,1992-09-30,1992-06-30,1992-03-31,1991-12-31,1991-09-30,1991-06-30,1991-03-31,1990-03-31,1989-03-31
date,2023-09-30,2023-06-30,2023-03-31,2022-12-31,2022-09-30,2022-06-30,2022-03-31,2021-12-31,2021-09-30,2021-06-30,2021-03-31,2020-12-31,2020-09-30,2020-06-30,2020-03-31,2019-12-31,2019-09-30,2019-06-30,2019-03-31,2018-12-31,2018-09-30,2018-06-30,2018-03-31,2017-12-31,2017-09-30,2017-06-30,2017-03-31,2016-12-31,2016-09-30,2016-06-30,2016-03-31,2015-12-31,2015-09-30,2015-06-30,2015-03-31,2014-12-31,2014-09-30,2014-06-30,2014-03-31,2013-12-31,2013-09-30,2013-06-30,2013-03-31,2012-12-31,2012-09-30,2012-06-30,2012-03-31,2011-12-31,2011-09-30,2011-06-30,2011-03-31,2010-12-31,2010-09-30,2010-06-30,2010-03-31,2009-12-31,2009-09-30,2009-06-30,2009-03-31,2008-12-31,2008-09-30,2008-06-30,2008-03-31,2007-12-31,2007-09-30,2007-06-30,2007-03-31,2006-12-31,2006-09-30,2006-06-30,2006-03-31,2005-12-31,2005-09-30,2005-06-30,2005-03-31,2004-12-31,2004-09-30,2004-06-30,2004-03-31,2003-12-31,2003-09-30,2003-06-30,2003-03-31,2002-12-31,2002-09-30,2002-06-30,2002-03-31,2001-12-31,2001-09-30,2001-06-30,2001-03-31,2000-12-31,2000-09-30,2000-06-30,2000-03-31,1999-12-31,1999-09-30,1999-06-30,1999-03-31,1998-12-31,1998-09-30,1998-06-30,1998-03-31,1997-12-31,1997-09-30,1997-06-30,1997-03-31,1996-12-31,1996-09-30,1996-06-30,1996-03-31,1995-12-31,1995-09-30,1995-06-30,1995-03-31,1994-12-31,1994-09-30,1994-06-30,1994-03-31,1993-12-31,1993-09-30,1993-06-30,1993-03-31,1992-12-31,1992-09-30,1992-06-30,1992-03-31,1991-12-31,1991-09-30,1991-06-30,1991-03-31,1990-03-31,1989-03-31
filing_date,2023-10-26,2023-07-27,2023-04-26,2023-02-10,2022-10-28,2022-07-29,2022-04-29,2022-02-11,2021-10-28,2021-07-29,2021-04-29,2021-02-11,2020-10-22,2020-07-23,2020-04-28,2020-02-12,2019-10-24,2019-07-25,2019-04-25,2019-02-13,2018-10-24,2018-07-26,2018-04-26,2018-02-13,2017-10-25,2017-07-27,2017-04-27,2017-02-14,2016-10-26,2016-07-28,2016-04-28,2016-02-11,2015-10-22,2015-07-30,2015-04-30,2015-02-12,2014-10-23,2014-07-30,2014-04-30,2014-02-12,2013-10-24,2013-07-31,2013-05-01,2013-02-12,2012-10-24,2012-08-02,2012-05-02,2012-02-10,2011-10-26,2011-07-29,2011-05-02,2011-02-10,2010-10-28,2010-08-02,2010-05-03,2010-02-11,2009-10-29,2009-07-30,2009-05-08,2009-02-23,2008-10-31,2008-08-01,2008-05-05,2008-02-25,2007-11-05,2007-08-03,2007-05-04,2007-02-28,2006-11-08,2006-08-07,2006-05-08,2006-02-24,2005-11-07,2005-08-05,2005-05-06,2005-03-15,2004-11-08,2004-08-06,2004-05-07,2004-03-10,2003-11-17,2003-08-13,2003-05-14,2003-03-27,2002-11-14,2002-08-14,2002-05-13,2002-03-28,2001-11-14,2001-08-02,2001-04-02,,2000-11-07,2000-08-14,2000-05-15,2000-03-28,1999-11-15,1999-08-16,1999-05-14,1999-03-30,1998-11-16,1998-08-14,1998-05-13,1998-03-30,1997-11-12,1997-08-14,1997-05-15,1997-03-27,1996-11-12,1996-08-08,1996-04-01,1995-12-31,1995-11-09,1995-08-14,1995-05-15,1995-03-30,1994-11-10,1994-08-08,1994-05-13,1994-03-30,1993-09-30,1993-06-30,1993-03-31,1992-12-31,1992-09-30,1992-06-30,1992-03-31,1991-12-31,1991-09-30,1991-06-30,1991-03-31,1990-03-31,1989-03-31
currency_symbol,USD,USD,USD,USD,USD,USD,USD,USD,USD,USD,USD,USD,USD,USD,USD,USD,USD,USD,USD,USD,USD,USD,USD,USD,USD,USD,USD,USD,USD,USD,USD,USD,USD,USD,USD,USD,USD,USD,USD,USD,USD,USD,USD,USD,USD,USD,USD,USD,USD,USD,USD,USD,USD,USD,USD,USD,USD,USD,USD,USD,USD,USD,USD,USD,USD,USD,USD,USD,USD,USD,USD,USD,USD,USD,USD,USD,USD,USD,USD,USD,USD,USD,USD,USD,USD,USD,USD,USD,USD,USD,USD,USD,USD,USD,USD,USD,USD,USD,USD,USD,USD,USD,USD,USD,USD,USD,USD,USD,USD,USD,USD,USD,USD,USD,USD,USD,USD,USD,USD,USD,USD,USD,USD,USD,USD,USD,USD,USD,USD,USD,USD,USD,USD
totalAssets,1973046000.00,2044187000.00,2052971000.00,2074626000.00,1989713000.00,1462265000.00,1588232000.00,1623764000.00,1550187000.00,1604961000.00,1632943000.00,1606033000.00,1496384000.00,1486988000.00,1517259000.00,1554264000.00,1455339000.00,1470054000.00,1429524000.00,1490701000.00,1489182000.00,1534935000.00,1560834000.00,1544704000.00,1441672000.00,1441058000.00,1512171000.00,1540508000.00,1475139000.00,1518906000.00,1566847000.00,1589965000.00,1525846000.00,1612739000.00,1605293000.00,1627892000.00,1536424000.00,1535142000.00,1522631000.00,1533654000.00,1425344000.00,1617314000.00,1616876000.00,1566493000.00,1605472000.00,1657890000.00,1672496000.00,1626531000.00,1766242000.00,1781733000.00,1796619000.00,1787568000.00,1743382000.00,1754978000.00,1790407000.00,1912301000.00,1680116000.00,1655500000.00,1601729000.00,1601442000.00,1611134000.00,1646183000.00,1629961000.00,1575234000.00,1616625000.00,1601922000.00,1563257000.00,1568034000.00,1497318000.00,1479716000.00,1465714000.00,1377054000.00,1369174000.00,1359228000.00,1340568000.00,1303446000.00,1280052000.00,1279806000.00,1257473000.00,1166097000.00,1210367000.00,1245370000.00,1227513000.00,1237546000.00,1231844000.00,1241053000.00,1234351000.00,1230344000.00,1246468000.00,1253782000.00,1268837000.00,1268837000.00,706969000.00,787365000.00,256718000.00,272060000.00,1554994000.00,1456717000.00,1442703000.00,1132592000.00,1126903000.00,1070918000.00,928248000.00,784460000.00,782284000.00,675262000.00,777970000.00,725897000.00,764092000.00,717020000.00,575058000.00,575058000.00,587132000.00,552185000.00,539985000.00,518369000.00,572101000.00,559181000.00,594064000.00,561300000.00,626300000.00,468000000.00,,354400000.00,,,354500000.00,371600000.00,430700000.00,379600000.00,335000000.00,,
intangibleAssets,,,,303000000.00,303000.00,,,41531000.00,,,,44496000.00,,,,55366000.00,,,,79424000.00,0.00,0.00,0.00,105784000.00,0.00,0.00,0.00,134606000.00,0.00,0.00,0.00,145710000.00,0.00,0.00,0.00,171407000.00,0.00,0.00,0.00,168875000.00,0.00,0.00,0.00,169208000.00,0.00,0.00,0.00,189661000.00,0.00,,0.00,205862000.00,0.00,,,223992000.00,,,,243493000.00,,,,264209000.00,,,,284925000.00,,,,305325000.00,,,,326025000.00,,,,346725000.00,,,,367425000.00,,,,,,10.00,3430708000.00,,,,,,,,,,,,,,,,,,,,,,,,,,,,,,,,,,,,,,,,,,
earningAssets,,,,,,,,,,,,,,,,,,,,,,,,,,,,,,,,,,,,,,,,,,,,,,,,,,,,,,,,,,,,,,,,,,,,,,,,,,,,,,,,,,,,,,,,,,,,,,,,,,,,,,,,,,,,,,,,,,,,,,,,,,,,,,,,,,,,,
otherCurrentAssets,,,,,-419357000.00,,,-394768000.00,,,,,,,,415128000.00,,,,529348000.00,,,,144420000.00,,,,289112000.00,,,,23791000.00,,,,-79226000.00,,,,470693000.00,,,,924144000.00,,,,635695000.00,,,,458423000.00,,,,371115000.00,,,,2019992000.00,,,,1793603000.00,,,,692000.00,,,,,,-103896.00,,427518000.00,,,,782188000.00,,,,1013268000.00,,,,-1841000.00,,,1090083000.00,,,,,,1046223000.00,773620000.00,902934000.00,685989000.00,563214000.00,557587000.00,496732000.00,403110000.00,384892000.00,308376000.00,411027000.00,384951000.00,264623000.00,233242000.00,236773000.00,236773000.00,239728000.00,210553000.00,234984000.00,244509000.00,247062000.00,258848000.00,293935000.00,296700000.00,438000000.00,341500000.00,,225300000.00,,,243600000.00,255300000.00,305100000.00,274500000.00,226500000.00,,
totalLiab,552000.00,352000.00,1217000.00,1623000.00,419966000.00,728000.00,994000.00,2140000.00,528000.00,765000.00,7654000.00,1876000.00,392000.00,266000.00,825000.00,192110000.00,737000.00,637000.00,55000.00,412313000.00,525000.00,629000.00,126000.00,515660000.00,224000.00,547000.00,313000.00,430569000.00,355000.00,159000.00,5951000.00,469753000.00,277000.00,595000.00,6416000.00,432355000.00,556000.00,246000.00,5991000.00,529004000.00,5080000.00,184000.00,8619000.00,499076000.00,5008000.00,3691000.00,5297000.00,368049000.00,261000.00,152000.00,7840000.00,422860000.00,73000.00,214000.00,7663000.00,278398000.00,1318000.00,2166000.00,4966000.00,310132000.00,7037000.00,7110000.00,9161000.00,389475000.00,7946000.00,7848000.00,11050000.00,8846000.00,6574000.00,7550000.00,8628000.00,8208000.00,7716000.00,7715000.00,6417000.00,275264000.00,6744000.00,7569000.00,13329000.00,524703000.00,7126000.00,7120000.00,6598000.00,7003000.00,7523000.00,7923000.00,8191000.00,194538000.00,10917000.00,8972000.00,238640000.00,8287000.00,8172000.00,7749000.00,7715000.00,6452000.00,1075107000.00,987459000.00,982263000.00,699408000.00,708955000.00,651622000.00,522840000.00,382178000.00,391445000.00,297602000.00,279958000.00,235186000.00,281913000.00,242070000.00,168349000.00,168349000.00,187371000.00,160331000.00,156194000.00,137040000.00,195062000.00,287566000.00,377218000.00,347300000.00,417600000.00,358800000.00,,221900000.00,,,230000000.00,250800000.00,314700000.00,268400000.00,226700000.00,,
totalStockholderEquity,1972494000.00,2043835000.00,2051754000.00,2073003000.00,1569747000.00,1461537000.00,1587238000.00,1621624000.00,1549659000.00,1604196000.00,1625289000.00,1604157000.00,1495992000.00,1486722000.00,1516434000.00,1552538000.00,1454602000.00,1469417000.00,1429469000.00,1490057000.00,1488657000.00,1534306000.00,1560708000.00,1543550000.00,1441448000.00,1440511000.00,1511858000.00,1539889000.00,1474784000.00,1518747000.00,1560896000.00,1589691000.00,1525569000.00,1612144000.00,1598877000.00,1627510000.00,1535868000.00,1534896000.00,1516640000.00,1532878000.00,1420264000.00,1617130000.00,1608257000.00,1560082000.00,1600464000.00,1654199000.00,1667199000.00,1626173000.00,1765981000.00,1781581000.00,1788779000.00,1787110000.00,1743309000.00,1754764000.00,1782744000.00,1910118000.00,1678798000.00,1653334000.00,1596763000.00,1596155000.00,1604097000.00,1639073000.00,1620800000.00,1567460000.00,1608679000.00,1594074000.00,1552207000.00,1559188000.00,1490744000.00,1472166000.00,1457086000.00,1368846000.00,1361458000.00,1351513000.00,1334151000.00,1295670000.00,1273308000.00,1272237000.00,1244144000.00,1158606000.00,1203241000.00,1238250000.00,1220915000.00,1230543000.00,1224321000.00,1233130000.00,1226160000.00,1222037000.00,1235551000.00,1244810000.00,1260550000.00,1260550000.00,698797000.00,779616000.00,249003000.00,265608000.00,476854000.00,467062000.00,458949000.00,430300000.00,415286000.00,416908000.00,403202000.00,398051000.00,386662000.00,371996000.00,483301000.00,476020000.00,467502000.00,460600000.00,406709000.00,406709000.00,399761000.00,391854000.00,383791000.00,381329000.00,377039000.00,271615000.00,216846000.00,214000000.00,208700000.00,109200000.00,,132500000.00,,,124500000.00,120800000.00,116000000.00,111200000.00,108300000.00,,
deferredLongTermLiab,,,,,,,,,,,,,,,,,,,,,0.00,0.00,0.00,0.00,0.00,0.00,0.00,0.00,0.00,0.00,0.00,0.00,0.00,0.00,0.00,0.00,0.00,0.00,0.00,0.00,0.00,0.00,0.00,0.00,0.00,0.00,0.00,0.00,0.00,,0.00,0.00,0.00,,,,,,,,,,,,,,,,,,,,,,,,,,,,,,,,,,,,,,,,,,,,,,,,,,,,,,,,,,,,,,,,,,,,,,,,,,,,,,,,
otherCurrentLiab,,,,,419357000.00,,,,,,,675.00,,,,192110000.00,,,,412313000.00,,,,515660000.00,,,,430569000.00,,,,469753000.00,,,,432355000.00,,,,529004000.00,,,,499076000.00,,,,368049000.00,,,,422860000.00,,-160000.00,,276914000.00,-1199000.00,-1950000.00,,305307000.00,-6691000.00,-6889000.00,,382015000.00,-7898000.00,-7246000.00,,-6821000.00,-6397000.00,-7120000.00,,-7197000.00,11978000.00,5109000.00,-104000.00,267600000.00,-6333590.00,-7110542.00,-6564242.00,517998000.00,-6750625.00,-6774655.00,-1557965.00,-6443000.00,-7349827.00,-7426504.00,-2152968.00,186808000.00,-9702787.00,-8457486.00,238640000.00,,,,,,676100000.00,633400000.00,691300000.00,512100000.00,507800000.00,491100000.00,406000000.00,296000000.00,337100000.00,284200000.00,275400000.00,225200000.00,271900000.00,231600000.00,164800000.00,164800000.00,183900000.00,156800000.00,152300000.00,133100000.00,191000000.00,178400000.00,217800000.00,,,,,,,,,,,,,,
commonStock,2058282000.00,2125474000.00,2137179000.00,2161562000.00,1669710000.00,1553387000.00,1671549000.00,1697638000.00,1636021000.00,1691074000.00,1714196000.00,1658226000.00,1557885000.00,1558187000.00,1593541000.00,1620602000.00,1531774000.00,1544293000.00,1491951000.00,1557277000.00,1557838000.00,1603344000.00,1611374000.00,1592187000.00,1491312000.00,1494587000.00,1566948000.00,1593645000.00,1519399000.00,1562485000.00,1604813000.00,1635043000.00,1569788000.00,1655211000.00,1644262000.00,1669959000.00,1566417000.00,1557369000.00,1541214000.00,1559457000.00,1452948000.00,1745738000.00,1733158000.00,1724541000.00,0.00,0.00,0.00,0.00,0.00,,0.00,0.00,0.00,,,,,,,,,,,,,,,,,,,,,,,,,,,,,,,,,,,,,,1260550000.00,,698797000.00,796793000.00,265608000.00,265608000.00,,,,,,,,,,,,,,,,,,,,,,,,,,,,,,,,,,,,,
capitalStock,2058282000.00,2125474000.00,2137179000.00,2161562000.00,1669710000.00,1553387000.00,1671549000.00,1697638000.00,1636021000.00,1691074000.00,,,,,,,,,,,,,,,,,,,,,,,,,,,,,,,,,,,,,,,,,,,,,,,,,,,,,,,,,,,,,,,,,,,,,,,,,,,,,,,,,,,,,,,,,,,,,,,,,,,,,,,,,,,,,,,,,,,,,,,,,,,
retainedEarnings,,,831813000.00,831813000.00,285773000.00,158117000.00,94353000.00,,,,,,,,,,,,,,0.00,0.00,0.00,0.00,0.00,0.00,0.00,0.00,0.00,0.00,0.00,0.00,0.00,0.00,0.00,0.00,0.00,0.00,0.00,0.00,0.00,0.00,0.00,0.00,0.00,0.00,0.00,0.00,0.00,,0.00,0.00,0.00,,,,,,,,,,,,,,,,,,,,,,,,,,,,,,,,,,,,,,,,,,,,,,,,,,,,,,,,,,,,,,,,,,,,,,,,,,,,,,,,
otherLiab,,,,,609000.00,728000.00,994000.00,2140000.00,528000.00,765000.00,7654000.00,1876000.00,392000.00,266000.00,825000.00,1726000.00,737000.00,637000.00,55000.00,644000.00,525000.00,629000.00,126000.00,1154000.00,224000.00,547000.00,313000.00,619000.00,355000.00,159000.00,5951000.00,274000.00,277000.00,595000.00,6416000.00,382000.00,556000.00,246000.00,5991000.00,776000.00,5080000.00,184000.00,8619000.00,6411000.00,5008000.00,3691000.00,5297000.00,358000.00,261000.00,152000.00,7840000.00,458000.00,73000.00,54000.00,7663000.00,699000.00,119000.00,216000.00,4966000.00,462000.00,346000.00,221000.00,9161000.00,314000.00,48000.00,602000.00,11050000.00,1697000.00,177000.00,430000.00,8628000.00,1011000.00,510000.00,315000.00,6313000.00,112000.00,,,,,,,,,,,,,,,,,5504000.00,7501000.00,1823000.00,,,,,,,,,,,,,,,,,,,,,,,,,,,,,,,,,,,,,,
goodWill,,,,671203000.00,632416.00,,,3091763000.00,,,,3082778000.00,,,,3076926000.00,,,,3066700000.00,0.00,0.00,0.00,3066700000.00,0.00,0.00,0.00,3066700000.00,0.00,0.00,0.00,3044807000.00,0.00,0.00,0.00,3044807000.00,0.00,0.00,0.00,2986539000.00,0.00,0.00,0.00,2954327000.00,0.00,0.00,0.00,2954668000.00,0.00,,0.00,2939170000.00,0.00,,,2893029000.00,,,,2893029000.00,,,,2893029000.00,,,,2893029000.00,,,,2876657000.00,,,,2876657000.00,,,,2876657000.00,,,,2876657000.00,,,,,,,,,,,,,,,,,,,,,,,,,,,,,,,,,,,,,,,,,,,,,,,,,
otherAssets,1973046000.00,2044187000.00,5340.00,959694000.00,418717000.00,-0.71,1588232000.00,-1285700000.00,1550187000.00,1604961000.00,1632943000.00,-4730574000.00,1496384000.00,1486988000.00,1517259000.00,61000.00,1455339000.00,1470054000.00,1429524000.00,,1489182000.00,1534935000.00,1560834000.00,1544704000.00,1441672000.00,1441058000.00,1512171000.00,1540508000.00,1475139000.00,1518906000.00,1566847000.00,1589965000.00,1525846000.00,1612739000.00,1605293000.00,1627892000.00,1536424000.00,1535142000.00,1522631000.00,1533654000.00,1425344000.00,1617314000.00,1616876000.00,1566493000.00,1605472000.00,1657890000.00,1672496000.00,1626531000.00,129000.00,203000.00,1796619000.00,1787568000.00,1743382000.00,1754978000.00,1790407000.00,1912301000.00,1680116000.00,1655500000.00,10000.00,1601442000.00,1611134000.00,1646183000.00,19000.00,1575234000.00,1616625000.00,1601922000.00,140000.00,-1610612000.00,1497318000.00,1479716000.00,2038000.00,-1805017000.00,-134963000.00,605896.00,488500.00,1303446000.00,73182000.00,1279806000.00,1257473000.00,1165342000.00,-94016000.00,40000.00,54000.00,1236482000.00,1231844000.00,1241053000.00,1234351000.00,1228503000.00,134000.00,1250826990.00,47000.00,1266593000.00,706969000.00,787365000.00,256718000.00,272060000.00,,,,,,,,,,,,,,,,,,,,,,,,,,,,,,,,,,,,,
cash,,,660.00,40777000.00,640000.00,0.71,,1285700000.00,,,,1037.40,,,,679738000.00,,,,640206000.00,0.00,0.00,0.00,671930000.00,0.00,0.00,0.00,656985000.00,0.00,0.00,0.00,541483000.00,0.00,0.00,0.00,555503000.00,0.00,0.00,0.00,509891000.00,0.00,0.00,0.00,627182000.00,0.00,0.00,0.00,638681000.00,0.00,,0.00,650191000.00,0.00,,,614216000.00,,,,552577000.00,,,,576416000.00,,,,692658000.00,,,,89000.00,135652000.00,104000.00,45500.00,1061523000.00,-72572000.00,,502858000.00,502858000.00,94877000.00,,159991000.00,159991000.00,,,1415158000.00,1415158000.00,,,216251000.00,216251000.00,,,,,86138000.00,88301000.00,115797000.00,75186000.00,225373000.00,164889000.00,91955000.00,63761000.00,101377000.00,79305000.00,69568000.00,57441000.00,113166000.00,95736000.00,124256000.00,124256000.00,139778000.00,125819000.00,88732000.00,52199000.00,104369000.00,86089000.00,76855000.00,96300000.00,125100000.00,69200000.00,,69900000.00,,,48300000.00,51400000.00,61400000.00,39300000.00,41600000.00,,
cashAndEquivalents,,,,,,,,,,,,,,,,,,,,,,,,,,,,,,,,,,,,,,,,,,,,,,,,,,,,,,,,,,,,,,,,,,,,,,,,,,,,,,,,,,,,,,,,,,,,,,,,,,,,,,,,,,,,,,,,,,,,,,,,,,,,,,,,,,,,,
totalCurrentLiabilities,,,,-17793000.00,-33134.00,,,,,,,872.66,,,,192110000.00,,,,412313000.00,0.00,0.00,0.00,515660000.00,0.00,0.00,0.00,430569000.00,0.00,0.00,0.00,469753000.00,0.00,0.00,0.00,432355000.00,0.00,0.00,0.00,529004000.00,0.00,0.00,8158000.00,499076000.00,4307000.00,3343000.00,0.00,368049000.00,0.00,,0.00,422860000.00,0.00,160000.00,,278398000.00,1199000.00,1950000.00,,310132000.00,6691000.00,6889000.00,,389475000.00,7898000.00,7246000.00,,328000.00,6397000.00,7120000.00,,7197000.00,19184000.00,12509000.00,104000.00,275264000.00,410.00,458.00,6758.00,524703000.00,375.00,345.00,5035.00,280000.00,173.00,496.00,6032.00,194538000.00,1213.00,514.00,238640000.00,238640000.00,,,,,676100000.00,633400000.00,691300000.00,512100000.00,507800000.00,491100000.00,406000000.00,296000000.00,337100000.00,284200000.00,275400000.00,225200000.00,271900000.00,231600000.00,164800000.00,164800000.00,183900000.00,156800000.00,152300000.00,133100000.00,191000000.00,178400000.00,217800000.00,,,,,,,,,,,,,,
currentDeferredRevenue,,,,,,,,,,,,,,,,,,,,,,,,,,,,,,,,,,,,,,,,,,,,,,,,,,,,,,,,,,,,,,,,,,,,,,,,,,,,,,,,,,,,,,,,,,,,,,,,,,,,,,,,,,,,,,,,,,,,,,,,,,,,,,,,,,,,,
netDebt,,,-660.00,-40777000.00,-640000.00,-0.71,,-1285700000.00,,,,-362.40,,,,-679738000.00,,,,-93939000.00,,,,-106185000.00,,,,-144015000.00,,,,42463000.00,,,,-66515000.00,,,,-241493000.00,,,,-304019000.00,,,,-193778000.00,,,,-425200000.00,,,,-365229000.00,,,,-268058000.00,,,,-42369000.00,,,,-692738000.00,,,,-89000.00,-135652000.00,-104000.00,-45500.00,-654006000.00,72572000.00,,-97531000.00,-97531000.00,-94877000.00,,-159991000.00,-159991000.00,,,-787549000.00,-787549000.00,,,565981000.00,565981000.00,,,,,315825000.00,268010000.00,176723000.00,115024000.00,-21621000.00,-1981000.00,27007000.00,26655000.00,-42850000.00,-60209000.00,-50297000.00,-32783000.00,-88495000.00,-70953000.00,-120794000.00,-120794000.00,-136295000.00,-122308000.00,-84815000.00,-48328000.00,-100251000.00,23064000.00,82522000.00,13100000.00,4700000.00,56200000.00,,55600000.00,,,77400000.00,49300000.00,39400000.00,54100000.00,34300000.00,,
shortTermDebt,,,,0.00,0.00,0.00,0.00,0.00,0.00,0.00,,675.00,,,,,,,,,,,,,,,,,,,,,,,,,,,,,,,,,,,,,,,,,,,,,,,,,,,,,,,,,,,,,,,,,,,,,,,,,,,,,,,,,,,,,,,,,,,,,,,,,,,,,,,,,,,,,,,,,,,,,,,,,
shortLongTermDebt,,,,,,,,,,,,,,,,,,,,,,,,,,,,,,,,,,,,,,,,,,,,,,,,,,,,,,,,,,,,,,,,,,,,,,,,,,,,,,,,,,,,,,,,,,,,,,,,,,,,,,,,,,,,,,,,,,,,,,,,,,,,,,,,,,,,,
shortLongTermDebtTotal,,,,,,,,,,,,675.00,,,,,,,,546267000.00,,,,565745000.00,,,,512970000.00,,,,583946000.00,,,,488988000.00,,,,268398000.00,,,,323163000.00,,,,444903000.00,,,,224991000.00,,,,248987000.00,,,,284519000.00,,,,534047000.00,,,,-80000.00,,,,,,,407517000.00,407517000.00,,,405327000.00,405327000.00,,,,,,,627609000.00,627609000.00,,,782232000.00,782232000.00,,,,,401963000.00,356311000.00,292520000.00,190210000.00,203752000.00,162908000.00,118962000.00,90416000.00,58527000.00,19096000.00,19271000.00,24658000.00,24671000.00,24783000.00,3462000.00,3462000.00,3483000.00,3511000.00,3917000.00,3871000.00,4118000.00,109153000.00,159377000.00,109400000.00,129800000.00,125400000.00,,125500000.00,,,125700000.00,100700000.00,100800000.00,93400000.00,75900000.00,,
otherStockholderEquity,-33658000.00,-35152000.00,-868866000.00,-869364000.00,-325937000.00,-201663000.00,-47402000.00,-43309000.00,-86323097.00,-86842111.00,-88870066.00,-20069000.00,-22893000.00,-26465000.00,-29107000.00,-27064000.00,-34172000.00,-35876000.00,-24482000.00,-28220000.00,-31181000.00,-32038000.00,-20666000.00,-15637000.00,-16864000.00,-18076000.00,-16090000.00,-11756000.00,-11615000.00,-9738000.00,-10917000.00,-10352000.00,-11219000.00,-12067000.00,-12385000.00,-13449000.00,-14549000.00,-11473000.00,-12574000.00,-13579000.00,-12684000.00,-115608000.00,-102901000.00,-146459000.00,1612464000.00,1669199000.00,1681199000.00,1640173000.00,1774981000.00,1785581000.00,1795779000.00,1799110000.00,1750309000.00,1773764000.00,1797744000.00,1918118000.00,1687798000.00,1661334000.00,1622763000.00,1620155000.00,1600097000.00,1619073000.00,1600800000.00,1549460000.00,1591679000.00,1580074000.00,1541207000.00,1548188000.00,1490744000.00,1472166000.00,1457086000.00,1360846000.00,1361458000.00,1351513000.00,1334151000.00,1295670000.00,1273308000.00,1272237000.00,1244144000.00,1131038000.00,1203241000.00,1238250000.00,1220915000.00,1230543000.00,1224321000.00,1233130000.00,1226160000.00,1222037000.00,1235551000.00,1244810000.00,1250349000.00,,,-17177000.00,-16605000.00,,479887000.00,467062000.00,458949000.00,430300000.00,415286000.00,416908000.00,403202000.00,398051000.00,386662000.00,371996000.00,483301000.00,476020000.00,467502000.00,460600000.00,406709000.00,406709000.00,399761000.00,391854000.00,383791000.00,381329000.00,377039000.00,271615000.00,216846000.00,214000000.00,208700000.00,109200000.00,,132500000.00,,,124500000.00,120800000.00,116000000.00,111200000.00,108300000.00,,
propertyPlantEquipment,,,,,,,,,,,,,,,,,,,,,0.00,0.00,0.00,0.00,0.00,0.00,0.00,0.00,0.00,0.00,0.00,0.00,0.00,0.00,0.00,0.00,0.00,0.00,0.00,0.00,0.00,0.00,0.00,0.00,0.00,0.00,0.00,0.00,0.00,,0.00,0.00,0.00,,,,,,,,,,,,,,,,,,,,,,,,,,,,,,,,,,,,,,,,,,,,,,,,,,,,,,,,,,,,,,,,,,,,,,,,,,,,,,,,
totalCurrentAssets,,,660.00,124247000.00,640000.00,0.71,1588232000.00,1285700000.00,,,,2790878000.00,,,,1094866000.00,,,,1169554000.00,0.00,0.00,0.00,816350000.00,0.00,0.00,0.00,946097000.00,0.00,0.00,0.00,565274000.00,0.00,0.00,0.00,476277000.00,0.00,0.00,0.00,980584000.00,0.00,0.00,0.00,1551326000.00,0.00,0.00,11606000.00,1279855000.00,3656000.00,1586000.00,8973000.00,1109891000.00,1547000.00,,6763000.00,985331000.00,,,2591000.00,2572569000.00,,,2157000.00,2370019000.00,,,3915000.00,692000.00,,,16000.00,89000.00,135652000.00,104.00,45500.00,1489041000.00,-72572000.00,752000.00,778000.00,1285801000.00,94877000.00,893000.00,960000.00,1174323000.00,1261000.00,1467000.00,1469000.00,1415158000.00,3548000.00,2955000.00,1306334000.00,1306334000.00,3270000.00,2671000.00,2272000.00,1883000.00,1326258000.00,1242079000.00,1234142000.00,934190000.00,940444000.00,886213000.00,749100000.00,606585000.00,606972000.00,503960000.00,595262000.00,551693000.00,477423000.00,429037000.00,446641000.00,446641000.00,456648000.00,418815000.00,404016000.00,381577000.00,437329000.00,426525000.00,462276000.00,501800000.00,565300000.00,410700000.00,,295400000.00,,,291900000.00,307500000.00,366500000.00,313800000.00,268100000.00,,
longTermInvestments,1973046000.00,2043974000.00,2052965000.00,2074626000.00,1570356000.00,1462265000.00,1588232000.00,1623764000.00,1550187000.00,1604945000.00,1632943000.00,1605941000.00,1496263000.00,1486617000.00,1517198000.00,1554203000.00,1455278000.00,1470054000.00,1428703000.00,1490701000.00,1489182000.00,1534935000.00,1560834000.00,1544704000.00,1441672000.00,1441058000.00,1512171000.00,1540508000.00,1474916000.00,1518683000.00,1566847000.00,1589965000.00,1525599000.00,1612739000.00,1605141000.00,1627740000.00,1536424000.00,1535142000.00,1522631000.00,1533654000.00,1425344000.00,1617287000.00,1615585000.00,1560536000.00,1605472000.00,1657890000.00,1660890000.00,1619980000.00,1762457000.00,1779944000.00,1787646000.00,1786291000.00,1741835000.00,1754978000.00,,,,,,,,,,,,,,,,,,,,,,,,,,,,,,,,,,,,,,,,,,,,,,,,,,,,,,,,,,,,,,,,,,,,,,,,,,,,,,,
netTangibleAssets,,2043835000.00,2051754000.00,2073003000.00,1569747000.00,1461537000.00,1587238000.00,1621624000.00,1549659000.00,1604196000.00,1625289000.00,1604157000.00,1495992000.00,1486722000.00,1516434000.00,1552538000.00,1454602000.00,1469417000.00,1429469000.00,1490057000.00,1488657000.00,1534306000.00,1560708000.00,1543550000.00,1441448000.00,1440511000.00,1511858000.00,1539889000.00,1474784000.00,1518747000.00,1560896000.00,1589691000.00,1525569000.00,1612144000.00,1598877000.00,1627510000.00,1535868000.00,1534896000.00,1516640000.00,1532878000.00,1420264000.00,1617130000.00,1608257000.00,1560082000.00,1600464000.00,1654199000.00,1667199000.00,1626173000.00,1765981000.00,1781581000.00,1788779000.00,1787110000.00,1743309000.00,1754764000.00,,,,,,,,,,,,,,,,,,,,,,,,,,,,,,,,,,,,,,,,,,,,,,,,,,,,,,,,,,,,,,,,,,,,,,,,,,,,,,,
shortTermInvestments,,,,947000.00,947.00,1462265000.00,1588232000.00,613025000.00,,,,1753478000.00,,,,1094866000.00,,,,1169554000.00,0.00,0.00,0.00,816350000.00,0.00,0.00,0.00,946097000.00,0.00,0.00,0.00,565274000.00,0.00,0.00,0.00,476277000.00,0.00,0.00,0.00,980584000.00,0.00,0.00,0.00,1551326000.00,0.00,0.00,0.00,1279855000.00,0.00,,0.00,1109891000.00,0.00,,,985331000.00,,,,2572569000.00,,,,2370019000.00,,,,1863957000.00,,,,1720809000.00,,,,1489041000.00,,,,1285801000.00,,,,1174323000.00,,,,,,,1306334000.00,,,,,,,,,,,,,,,,,,,,,,,,,,,,,,,,,,,,,,,,,,
netReceivables,,,,82523000.00,419357000.00,,,,,,,,,,,,,,,,,,,,,,,,,,,,,,,,,,,,,,,,,,11606000.00,5479000.00,3656000.00,1586000.00,8973000.00,1277000.00,1547000.00,,6763000.00,,,,2591000.00,,,,2157000.00,,,,3915000.00,,,,16000.00,,,,,,610000.00,752000.00,778000.00,755000.00,843000.00,893000.00,960000.00,1064000.00,1261000.00,1467000.00,1469000.00,1841000.00,3548000.00,2955000.00,2517000.00,,3270000.00,2671000.00,2272000.00,1883000.00,193897000.00,380158000.00,215411000.00,173015000.00,151857000.00,163737000.00,160413000.00,139714000.00,120703000.00,116279000.00,114667000.00,109301000.00,99634000.00,100059000.00,85612000.00,85612000.00,77142000.00,82443000.00,80300000.00,84869000.00,85898000.00,81588000.00,91486000.00,108800000.00,2200000.00,,,200000.00,,,,800000.00,,,,,
longTermDebt,,,,,,,,,,,,,,,,,,,,,0.00,0.00,0.00,0.00,0.00,0.00,0.00,0.00,0.00,0.00,0.00,0.00,0.00,0.00,0.00,0.00,0.00,0.00,0.00,0.00,0.00,0.00,0.00,0.00,0.00,0.00,0.00,0.00,0.00,,0.00,0.00,0.00,,,,,,,,,,,,,,,,,,,,,,,,,,,,,,,,,,,,,,,,,,,,,,,,,,,,,,,,,,,,,,,,,,,,,,,,,,,,,,,,
inventory,,,,,,,,,,,,,,,,,,,,,0.00,0.00,0.00,0.00,0.00,0.00,0.00,0.00,0.00,0.00,0.00,0.00,0.00,0.00,0.00,0.00,0.00,0.00,0.00,0.00,0.00,0.00,0.00,0.00,0.00,0.00,0.00,0.00,0.00,,0.00,0.00,0.00,,,,,,,,,,,,,,,,,,,,,,,,,,,,,,,,,,,,,,,,,,,,,,,,,,,,,,,,,,,,,,,,,,,,,,,,,,,,,,,,
accountsPayable,,,,-17793000.00,-33134.00,,,,,,,,,,,,,,,,0.00,0.00,0.00,0.00,0.00,0.00,0.00,0.00,0.00,0.00,0.00,0.00,0.00,0.00,0.00,0.00,0.00,0.00,0.00,0.00,0.00,0.00,8158000.00,6053000.00,4307000.00,3343000.00,0.00,0.00,0.00,,0.00,0.00,0.00,160000.00,,1484000.00,1199000.00,1950000.00,,4825000.00,6691000.00,6889000.00,,7460000.00,7898000.00,7246000.00,,7149000.00,6397000.00,7120000.00,,7197000.00,7206000.00,7400000.00,104000.00,7664000.00,6334000.00,7111000.00,6571000.00,6705000.00,6751000.00,6775000.00,1563000.00,6723000.00,7350000.00,7427000.00,2159000.00,7730000.00,9704000.00,8458000.00,6733000.00,8287000.00,2668000.00,248000.00,5892000.00,,,,,,,,,,,,,,,,,,,,,,,,,,,,,,,,,,,,,,
totalPermanentEquity,,,,,,,,,,,,,,,,,,,,,0.00,0.00,0.00,0.00,0.00,0.00,0.00,0.00,0.00,0.00,0.00,0.00,0.00,0.00,0.00,0.00,0.00,0.00,0.00,0.00,0.00,0.00,0.00,0.00,0.00,0.00,0.00,0.00,0.00,,0.00,0.00,0.00,,,,,,,,,,,,,,,,,,,,,,,,,,,,,,,,,,,,,,,,,,,,,,,,,,,,,,,,,,,,,,,,,,,,,,,,,,,,,,,,
noncontrollingInterestInConsolidatedEntity,,,,,,,,,,,,,,,,,,,,,0.00,0.00,0.00,0.00,0.00,0.00,0.00,0.00,0.00,0.00,0.00,0.00,0.00,0.00,0.00,0.00,0.00,0.00,0.00,0.00,0.00,0.00,0.00,0.00,0.00,0.00,0.00,0.00,0.00,,0.00,0.00,0.00,,,,,,,,,,,,,,,,,,,,,,,,,,,,,,,,,,,,,,,,,,,,,,,,,,,,,,,,,,,,,,,,,,,,,,,,,,,,,,,,
temporaryEquityRedeemableNoncontrollingInterests,,,,,,,,,,,,,,,,,,,,,0.00,0.00,0.00,0.00,0.00,0.00,0.00,0.00,0.00,0.00,0.00,0.00,0.00,0.00,0.00,0.00,0.00,0.00,0.00,0.00,0.00,0.00,0.00,0.00,0.00,0.00,0.00,0.00,0.00,,0.00,0.00,0.00,,,,,,,,,,,,,,,,,,,,,,,,,,,,,,,,,,,,,,,,,,,,,,,,,,,,,,,,,,,,,,,,,,,,,,,,,,,,,,,,
accumulatedOtherComprehensiveIncome,-52130000.00,-46487000.00,-48372000.00,-51008000.00,-59799000.00,-48304000.00,-36909000.00,-32705000.00,-38903.00,-35889.00,-36934.00,-34000000.00,-39000000.00,-45000000.00,-48000000.00,-41000000.00,-43000000.00,-39000000.00,-38000000.00,-39000000.00,-38000000.00,-37000000.00,-30000000.00,-33000000.00,-33000000.00,-36000000.00,-39000000.00,-42000000.00,-33000000.00,-34000000.00,-33000000.00,-35000000.00,-33000000.00,-31000000.00,-33000000.00,-29000000.00,-16000000.00,-11000000.00,-12000000.00,-13000000.00,-20000000.00,-13000000.00,-22000000.00,-18000000.00,-12000000.00,-15000000.00,-14000000.00,-14000000.00,-9000000.00,-4000000.00,-7000000.00,-12000000.00,-7000000.00,-19000000.00,-15000000.00,-8000000.00,-9000000.00,-8000000.00,-26000000.00,-24000000.00,4000000.00,20000000.00,20000000.00,18000000.00,17000000.00,14000000.00,11000000.00,11000000.00,,,,8000000.00,,,,,,,,27568000.00,,,,,,,,,,,,,,-17177000.00,-16605000.00,,476854000.00,,,,,,,,,,,,,,,,,,,,,,,,,,,,,,,,,,,,
additionalPaidInCapital,,,,,,,,,,,,,,,,,,,,,0.00,0.00,0.00,0.00,0.00,0.00,0.00,0.00,0.00,0.00,0.00,0.00,0.00,0.00,0.00,0.00,0.00,0.00,0.00,0.00,0.00,0.00,0.00,0.00,0.00,0.00,0.00,0.00,0.00,,0.00,0.00,0.00,,,,,,,,,,,,,,,,,,,,,,,,,,,,,,,,,,,,,,,,,,,,,,,,,,,,,,,,,,,,,,,,,,,,,,,,,,,,,,,,
commonStockTotalEquity,,,,,,,,,,1691074000.00,1714196000.00,1658226000.00,1557885000.00,1558187000.00,1593541000.00,1620602000.00,1531774000.00,1544293000.00,1491951000.00,1557277000.00,1557838000.00,1603344000.00,1611374000.00,1592187000.00,1491312000.00,1494587000.00,1566948000.00,1593645000.00,1519399000.00,1562485000.00,1604813000.00,1635043000.00,1569788000.00,1655211000.00,1644262000.00,1669959000.00,1566417000.00,1557369000.00,1541214000.00,1559457000.00,1452948000.00,1745738000.00,1733158000.00,1724541000.00,0.00,0.00,0.00,0.00,0.00,,0.00,0.00,0.00,,,,,,,,,,,,,,,,,,,,,,,,,,,,,,,,,,,,,,1260550000.00,1260550000.00,698797000.00,796793000.00,265608000.00,265608000.00,,,,,,,,,,,,,,,,,,,,,,,,,,,,,,,,,,,,,
preferredStockTotalEquity,,,,,,,,,,,,,,,,,,,,,0.00,0.00,0.00,0.00,0.00,0.00,0.00,0.00,0.00,0.00,0.00,0.00,0.00,0.00,0.00,0.00,0.00,0.00,0.00,0.00,0.00,0.00,0.00,0.00,0.00,0.00,0.00,0.00,0.00,,0.00,0.00,0.00,,,,,,,,,,,,,,,,,,,,,,,,,,,,,,,,,,,,,,,,,,,,,,,,,,,,,,,,,,,,,,,,,,,,,,,,,,,,,,,,
retainedEarningsTotalEquity,,,,,,,,,,,,,,,,,,,,,0.00,0.00,0.00,0.00,0.00,0.00,0.00,0.00,0.00,0.00,0.00,0.00,0.00,0.00,0.00,0.00,0.00,0.00,0.00,0.00,0.00,0.00,0.00,0.00,0.00,0.00,0.00,0.00,0.00,,0.00,0.00,0.00,,,,,,,,,,,,,,,,,,,,,,,,,,,,,,,,,,,,,,,,,,,,,,,,,,,,,,,,,,,,,,,,,,,,,,,,,,,,,,,,
treasuryStock,,,,,,,,,,,,,,,,,,,,,0.00,0.00,0.00,0.00,0.00,0.00,0.00,0.00,0.00,0.00,0.00,0.00,0.00,0.00,0.00,0.00,0.00,0.00,0.00,0.00,0.00,0.00,0.00,0.00,0.00,0.00,0.00,0.00,0.00,,0.00,0.00,0.00,,,,,,,,,,,,,,,,,,,,,,,,,,,,,,,,,,,,,,,,,,,,,,,,,,,,,,,,,,,,,,,,,,,,,,,,,,,,,,,,
accumulatedAmortization,,,,,,,,,,,,,,,,,,,,,,,,,,,,,,,,,,,,,,,,,,,,,,,,,,,,,,,,,,,,,,,,,,,,,,,,,,,,,,,,,,,,,,,,,,,,,,,,,,,,,,,,,,,,,,,,,,,,,,,,,,,,,,,,,,,,,
nonCurrrentAssetsOther,-1973046000.00,-2043974000.00,-2052965000.00,-2074626000.00,-1570356000.00,-1462265000.00,-1588232000.00,-1623764000.00,-1550187000.00,-1604945000.00,-1632943000.00,-1605941000.00,-1496263000.00,-1486617000.00,-1517198000.00,-1094805000.00,-1455278000.00,-1470054000.00,-1428703000.00,-4315678000.00,-1489182000.00,-1534935000.00,-1560834000.00,-3988834000.00,-1441672000.00,-1441058000.00,-1512171000.00,-4147403000.00,-1474916000.00,-1518683000.00,-1566847000.00,-3755791000.00,-1525599000.00,-1612739000.00,-1605141000.00,-3692339000.00,-1536424000.00,-1535142000.00,-1522631000.00,-4135998000.00,-1425344000.00,-1617287000.00,-1615585000.00,-4668904000.00,-1605472000.00,-1657890000.00,-1660890000.00,-4417633000.00,-1762457000.00,-1779944000.00,-1787646000.00,-4253646000.00,-1741835000.00,-1754978000.00,-1783644000.00,-4102342000.00,-1680106000.00,-1655082000.00,-1599128000.00,-5707694000.00,-1610189000.00,-1645472000.00,-1627785000.00,-5526535000.00,-1616425000.00,-1601735000.00,-1559202000.00,-1567733000.00,-1497060000.00,-1479300000.00,-1463660000.00,-1376503000.00,-1368485000.00,-1358622000.00,-1340034000.00,-4691086000.00,-1279442000.00,-1279054000.00,-1256695000.00,-4508428000.00,-1209506000.00,-1244437000.00,-1226499000.00,-4417341000.00,-1230583000.00,-1239586000.00,-1232882000.00,-1413317000.00,-1242786000.00,-1250796000.00,-3468205000.00,,,,,-270177000.00,99029000.00,100216000.00,101180000.00,102001000.00,94363000.00,95479000.00,96517000.00,97398000.00,98280000.00,99160000.00,115634000.00,116721000.00,238826000.00,242849000.00,84209000.00,84209000.00,86402000.00,88589000.00,90775000.00,92962000.00,95089000.00,97276000.00,99456000.00,30700000.00,32500000.00,34200000.00,,37700000.00,,,43200000.00,45000000.00,45100000.00,46800000.00,48500000.00,,
deferredLongTermAssetCharges,,,,,,,,,,,,,,,,,,,,,,,,,,,,,,,,,,,,,,,,,,,,,,,,,,,,,,,,,,,,,,,,,,,,,,,,,,,,,,,,,,,,,,,,,,,,,,,,,,,,,,,,,,,,,,,,,,,,,,,,,,,,,,,,,,,,,
nonCurrentAssetsTotal,1973046000.00,2043974000.00,2052965000.00,990685000.00,1570356000.00,1462265000.00,1588232000.00,1623764000.00,1550187000.00,1604961000.00,1632943000.00,3545729000.00,1496384000.00,1486988000.00,1517259000.00,459398000.00,1455339000.00,1470054000.00,1429524000.00,321147000.00,1489182000.00,1534935000.00,1560834000.00,728354000.00,1441672000.00,1441058000.00,1512171000.00,594411000.00,1475139000.00,1518906000.00,1566847000.00,1024691000.00,1525846000.00,1612739000.00,1605293000.00,1151615000.00,1536424000.00,1535142000.00,1522631000.00,553070000.00,1425344000.00,1617314000.00,1616876000.00,15167000.00,1605472000.00,1657890000.00,1660890000.00,346676000.00,1762457000.00,1779944000.00,1787646000.00,677677000.00,1741835000.00,1754978000.00,1783644000.00,926970000.00,,,1599128000.00,-971127000.00,,,1627785000.00,-794785000.00,,,1559202000.00,3177954000.00,,,1463660000.00,3181982000.00,1368485000.00,1358622000.00,1340034000.00,-185595000.00,1279442000.00,1279054000.00,1256695000.00,-119704000.00,1209506000.00,1244437000.00,1226499000.00,63223000.00,1230583000.00,1239586000.00,1232882000.00,-184814000.00,1242786000.00,10.00,-37497000.00,,,,,270177000.00,228736000.00,214638000.00,208561000.00,198402000.00,186459000.00,184705000.00,179148000.00,177875000.00,175312000.00,171302000.00,182708000.00,174204000.00,286669000.00,287983000.00,128417000.00,128417000.00,130484000.00,133370000.00,135969000.00,136792000.00,134772000.00,132656000.00,131788000.00,59500000.00,61000000.00,57300000.00,,59000000.00,,,62600000.00,64100000.00,64200000.00,65800000.00,66900000.00,,
capitalLeaseObligations,,,,,,,,,,,,,,,,,,,,,,,,,,,,,,,,,,,,,,,,,,,,,,,,,,,,,,,,,,,,,,,,,,,,,,,,,,,,,,,,,,,,,,,,,,,,,,,,,,,,,,,,,,,,,,,,,,,,,,,,,,,,,,,,,,,,,
longTermDebtTotal,,,,0.00,0.00,0.00,0.00,0.00,0.00,0.00,,,,,,,,,,,,,,,,,,,,,,,,,,,,,,,,,,,,,,,,,,,,,,,,,,,,,,,,,,,,,,,,,,,,,,,,,,,,,,,,,,,,,,,,,,,,,,,,,,,,,,,,,,,,,,,,,,,,,,,,,,,
nonCurrentLiabilitiesOther,,352000.00,1217000.00,1623000.00,419966000.00,728000.00,994000.00,2140000.00,528000.00,765000.00,7654000.00,1876000.00,392000.00,266000.00,825000.00,1726000.00,737000.00,637000.00,55000.00,644000.00,525000.00,629000.00,126000.00,1154000.00,224000.00,547000.00,313000.00,619000.00,355000.00,159000.00,5951000.00,274000.00,277000.00,595000.00,6416000.00,382000.00,556000.00,246000.00,5991000.00,776000.00,5080000.00,184000.00,461000.00,358000.00,701000.00,348000.00,5297000.00,358000.00,261000.00,152000.00,7840000.00,458000.00,73000.00,54000.00,,,,,,,,,,,,,,,,,,,,,,,,,,,,,,,,,,,,,,,,,,,,,,,,,,,,,,,,,,,,,,,,,,,,,,,,,,,,,,,
nonCurrentLiabilitiesTotal,,352000.00,1217000.00,-17793000.00,419966000.00,728000.00,994000.00,2140000.00,528000.00,765000.00,7654000.00,1876000.00,392000.00,266000.00,825000.00,1726000.00,737000.00,637000.00,55000.00,644000.00,525000.00,629000.00,126000.00,1154000.00,224000.00,547000.00,313000.00,619000.00,355000.00,159000.00,5951000.00,274000.00,277000.00,595000.00,6416000.00,382000.00,556000.00,246000.00,5991000.00,776000.00,5080000.00,184000.00,461000.00,358000.00,701000.00,348000.00,5297000.00,358000.00,261000.00,152000.00,7840000.00,458000.00,73000.00,54000.00,,,,,,,,,,,,,,-408000.00,,,,,,,,,,,,,,,,,,,,,,,,,,,,,402000000.00,356300000.00,292500000.00,190200000.00,203800000.00,162900000.00,119000000.00,90400000.00,58500000.00,19100000.00,19300000.00,24700000.00,24700000.00,24800000.00,3500000.00,3500000.00,3500000.00,3500000.00,3900000.00,3900000.00,4100000.00,109200000.00,159400000.00,109400000.00,129800000.00,125400000.00,,125500000.00,,,125700000.00,100700000.00,100800000.00,93400000.00,75900000.00,,
negativeGoodwill,,,,,,,,,,,,,,,,,,,,,,,,,,,,,,,,,,,,,,,,,,,,,,,,,,,,,,,,,,,,,,,,,,,,,,,,,,,,,,,,,,,,,,,,,,,,,,,,,,,,,,,,,,,,,,,,,,,,,,,,,,,,,,,,,,,,,
warrants,,,,,,,,,,,,,,,,,,,,,,,,,,,,,,,,,,,,,,,,,,,,,,,,,,,,,,,,,,,,,,,,,,,,,,,,,,,,,,,,,,,,,,,,,,,,,,,,,,,,,,,,,,,,,,,,,,,,,,,,,,,,,,,,,,,,,
preferredStockRedeemable,,,,,,,,,,,,,,,,,,,,,,,,,,,,,,,,,,,,,,,,,,,,,,,,,,,,,,,,,,,,,,,,,,,,,,,,,,,,,,,,,,,,,,,,,,,,,,,,,,,,,,,,,,,,,,,,,,,,,,,,,,,,,,,,,,,,,
capitalSurpluse,,,,,,,,,,,,,,,,,,,,,,,,,,,,,,,,,,,,,,,,,,,,,,,,,,,,,,,,,,,,,,,,,,,,,,,,,,,,,,,,,,,,,,,,,,,,,,,,,,,,,,,,,,,,,,,,,,,,,,,,,,,,,,,,,,,,,
liabilitiesAndStockholdersEquity,1973046000.00,2044187000.00,2052971000.00,2074626000.00,1989713000.00,1462265000.00,1588232000.00,1623764000.00,1550187000.00,1604961000.00,1632943000.00,1606033000.00,1496384000.00,1486988000.00,1517259000.00,1554264000.00,1455339000.00,1470054000.00,1429524000.00,1490701000.00,1489182000.00,1534935000.00,1560834000.00,1544704000.00,1441672000.00,1441058000.00,1512171000.00,1540508000.00,1475139000.00,1518906000.00,1566847000.00,1589965000.00,1525846000.00,1612739000.00,1605293000.00,1627892000.00,1536424000.00,1535142000.00,1522631000.00,1533654000.00,1425344000.00,1617314000.00,1616876000.00,1566493000.00,1605472000.00,1657890000.00,1672496000.00,1626531000.00,1766242000.00,1781733000.00,1796619000.00,1787568000.00,1743382000.00,1754978000.00,1790407000.00,1912301000.00,1680116000.00,1655500000.00,1601729000.00,1601442000.00,1611134000.00,1646183000.00,1629961000.00,1575234000.00,1616625000.00,1601922000.00,1563257000.00,1568034000.00,1497318000.00,1479716000.00,1465714000.00,1377054000.00,1369174000.00,1359228000.00,1340568000.00,1303446000.00,1280052000.00,1279806000.00,1257473000.00,1166097000.00,1210367000.00,1245370000.00,1227513000.00,1237546000.00,1231844000.00,1241053000.00,1234351000.00,1230344000.00,1246468000.00,1253782000.00,1268837000.00,1268837000.00,706969000.00,787365000.00,256718000.00,272060000.00,1554994000.00,1456717000.00,1442703000.00,1132592000.00,1126903000.00,1070918000.00,928248000.00,784460000.00,782284000.00,675262000.00,777970000.00,725897000.00,764092000.00,717020000.00,575058000.00,575058000.00,587132000.00,552185000.00,539985000.00,518369000.00,572101000.00,559181000.00,594064000.00,561300000.00,626300000.00,468000000.00,,354400000.00,,,354500000.00,371600000.00,430700000.00,379600000.00,335000000.00,,
cashAndShortTermInvestments,,,660.00,41724000.00,640000.00,0.71,1588232000.00,1285700000.00,,,,1037.40,,,,679738000.00,,,,640206000.00,,,,671930000.00,,,,656985000.00,,,,541483000.00,,,,555503000.00,,,,509891000.00,,,,627182000.00,,,,638681000.00,,,,650191000.00,,,,614216000.00,,,,552577000.00,,,,576416000.00,,,,2556615000.00,,,,89000.00,135652000.00,104000.00,45500.00,1061523000.00,-72572000.00,,,502858000.00,94877000.00,,,159991000.00,,,,1415158000.00,,,216251000.00,,,,,,86138000.00,88301000.00,115797000.00,75186000.00,225373000.00,164889000.00,91955000.00,63761000.00,101377000.00,79305000.00,69568000.00,57441000.00,113166000.00,95736000.00,124256000.00,124256000.00,139778000.00,125819000.00,88732000.00,52199000.00,104369000.00,86089000.00,76855000.00,96300000.00,125100000.00,69200000.00,,69900000.00,,,48300000.00,51400000.00,61400000.00,39300000.00,41600000.00,,
propertyPlantAndEquipmentGross,,,,,,,,,,,,,,,,,,,,,,,,,,,,,,,,,,,,,,,,,,,,,,,,,,,,,,,,,,,,,,,,,,,,,,,,,,,,,,,,,,,,,,,,,,,,,,,,,129707000.00,114422000.00,107381000.00,96401000.00,92096000.00,89226000.00,82631000.00,80477000.00,77032000.00,72142000.00,67074000.00,57483000.00,47843000.00,45134000.00,44739000.00,44208000.00,44082000.00,44781000.00,45194000.00,43830000.00,39683000.00,35380000.00,32332000.00,28800000.00,28500000.00,23100000.00,,21300000.00,,,19400000.00,19100000.00,19100000.00,19000000.00,18400000.00,,
propertyPlantAndEquipmentNet,,,,16482000.00,16482.00,,,421980000.00,,,,418455000.00,,,,362693000.00,,,,,,,,,,,,,,,,,,,,,,,,,,,,,,,,,,,,,,,,,,,,,,,,,,,,,,,,,,,,,,,,,,,,,,,,,,,,,,,,,129707000.00,114422000.00,107381000.00,96401000.00,92096000.00,89226000.00,82631000.00,80477000.00,77032000.00,72142000.00,67074000.00,57483000.00,47843000.00,45134000.00,44208000.00,44208000.00,44082000.00,44781000.00,45194000.00,43830000.00,39683000.00,35380000.00,32332000.00,28800000.00,28500000.00,23100000.00,,21300000.00,,,19400000.00,19100000.00,19100000.00,19000000.00,18400000.00,,
accumulatedDepreciation,,,,,,,,,,,,,,,,,,,,,,,,,,,,,,,,,,,,,,,,,,,,,,,,,,,,,,,,,,,,,,,,,,,,,,,,,,,,,,,,,,,,,,,,,,,,,,,,,,,,,,,,,,,,,,,,,,,,,,,,,,,,,,,,,,,,,
netWorkingCapital,,,,,,,,,,,,,,,,,,,,,,,,,,,,,,,,,,,,,,,,,,,,,,,,,,,,,,,,,,,,,,,,,,,,,,,,,,,,,,,,,,,,,,,,,,,,,,,,,,,,,,,,,,,,,,,,,,,,,,,,,,,,,,,,,,,,,
netInvestedCapital,,,,,,,,,,,,,,,,,,,,,,,,,,,,,,,,,,,,,,,,,,,,,,,,,,,,,,,,,,,,,,,,,,,,,,,,,,,,,,,,,,,,,,,,,,,,,,,,,,,,,,,,,,,,,,,,,,,,,,,,,,,,,,,,,,,,,
commonStockSharesOutstanding,113185000.00,113494000.00,113547000.00,108493341.00,100466000.00,98802000.00,99205000.00,98486332.00,99413000.00,100171000.00,100178000.00,95981874.00,96377000.00,96902000.00,98341000.00,95752502.00,96412000.00,96331000.00,95216000.00,95578321.00,97654000.00,98640000.00,97323000.00,93639812.00,93774000.00,96491000.00,96772000.00,94979274.00,96480000.00,98113000.00,99996000.00,97981525.00,100621000.00,101830000.00,101646000.00,101646000.00,98319000.00,97620000.00,97191000.00,97191000.00,93014000.00,102139000.00,101234000.00,101234000.00,101333000.00,101424000.00,101767000.00,101767000.00,103156000.00,104525000.00,105513000.00,105513000.00,102337000.00,103468000.00,103342000.00,103342000.00,93292000.00,92232000.00,91538000.00,91538000.00,88097000.00,87687000.00,87549000.00,87549000.00,88236000.00,88194000.00,88046000.00,88046000.00,86571000.00,86470000.00,85621000.00,85721000.00,83276000.00,83107000.00,82689000.00,82689000.00,81281000.00,81162000.00,81015000.00,81015000.00,80304000.00,79630000.00,78971000.00,78971000.00,78519000.00,79763000.00,79894000.00,79894000.00,80172000.00,79965000.00,80014000.00,73644000.00,79576000.00,79157000.00,78990000.00,74915909.00,178421053.00,176727273.00,178363636.00,175591000.00,175229000.00,176279070.00,174511000.00,174511000.00,174210526.00,85422000.00,85505000.00,85505000.00,84880000.00,84702000.00,83098000.00,83098000.00,81596000.00,81514000.00,81248000.00,81248000.00,80393000.00,75555000.00,73913000.00,73913000.00,143333333.00,116666667.00,114285714.00,114285714.00,114117647.00,114117647.00,113529412.00,113529412.00,116666667.00,108461538.00,111818182.00,112000000.00,112000000.00
investments,0.00,,,-1590000.00,0.00,-178000.00,-178000.00,-178000.00,-178000.00,-1488000.00,-1914000.00,-1914000.00,-1914000.00,-1914000.00,-147000.00,-1869000.00,-691000.00,-1569000.00,-7382000.00,-5787000.00,-2488000.00,-4306000.00,-4008000.00,-20110000.00,-8426000.00,-4778000.00,-4468000.00,-6108000.00,6000.00,-3834000.00,1457000.00,-9233000.00,,-5078000.00,-3901000.00,-18955000.00,-823000.00,-7370000.00,-4656000.00,,-578000.00,-6639000.00,-6642000.00,,,,,-2000.00,,-1027000.00,-449000.00,,,,,,,,,,,,,,,,,,,,,,,,,,,,,,,,,,,,,,,,,,,,,,,,,,,,,,,,,,,,,,,,,,,,,,,,,,,,,,,,,,
changeToLiabilities,,,,,0.00,0.00,0.00,0.00,0.00,0.00,0.00,0.00,0.00,0.00,0.00,0.00,0.00,0.00,-589000.00,0.00,-104000.00,503000.00,-1028000.00,0.00,-323000.00,234000.00,-306000.00,0.00,196000.00,-5792000.00,5677000.00,0.00,-318000.00,-5821000.00,6034000.00,0.00,310000.00,-5745000.00,5215000.00,,4896000.00,791000.00,2208000.00,,1317000.00,-4059000.00,4939000.00,97000.00,109000.00,-7688000.00,7382000.00,,,,,,,,,,,,,311000.00,749000.00,97000.00,,,,,,,,,,959000.00,,78000.00,5838000.00,488000.00,123000.00,117000.00,,1304000.00,,,,20000.00,2630000.00,685000.00,7000.00,1835000.00,2060000.00,,5283000.00,,,,,,,,,,,,,,,,,,,,,,,,,,,,,,,,,,,,,,
totalCashflowsFromInvestingActivities,0.00,0.00,,-1768000.00,-178000.00,-178000.00,-178000.00,-3402000.00,-3402000.00,-1488000.00,-1914000.00,-147000.00,-147000.00,-147000.00,-147000.00,-1869000.00,-691000.00,-8951000.00,-7382000.00,-5787000.00,-2488000.00,-4306000.00,-4008000.00,-20110000.00,-8426000.00,-4778000.00,-4468000.00,-6108000.00,6000.00,-920000.00,-1457000.00,-9233000.00,-8979000.00,-5078000.00,-3901000.00,-18955000.00,-823000.00,-7344000.00,-4682000.00,0.00,-1694000.00,-12581000.00,-12571000.00,0.00,-2614000.00,-3457000.00,0.00,-2000.00,0.00,-1027000.00,-449000.00,0.00,0.00,,,,,,,,,,,,,,,,,,,,,,,,,,,,,,,,,,,,,,,,170210000.00,114054000.00,58840000.00,,,,,,,,,,,,,,,,,,,,,,,,,,,,,,,,,,,,,,
netBorrowings,,,,,,,,,,,,,,,,,,,,,,,,,,,,,,,,,,,,,,,,,,,,,,,,,,,,,,,,,,,,,,,,,,,,,,,,,,,,,,,,,,,,,,,,,,,,,,,,,,,,,,,,,,,,,,,,,,,,,,,,,,,,,,,,,,,,,
totalCashFromFinancingActivities,-68864000.00,-74330000.00,-77986000.00,-72348000.00,-70655000.00,-90700000.00,-127143000.00,-87147000.00,-89062000.00,-73271000.00,-102227000.00,-66411000.00,-59044000.00,-61553000.00,-82859000.00,-58221000.00,-53312000.00,-47217000.00,-52494000.00,-60188000.00,-57952000.00,-68456000.00,-76097000.00,-45181000.00,-37583000.00,-39685000.00,-59851000.00,-38791000.00,-38797000.00,-31332000.00,-54503000.00,-42747000.00,-47141000.00,-34382000.00,-59286000.00,-37137000.00,-42339000.00,-23701000.00,-58778000.00,-30157000.00,-38781000.00,-27696000.00,-29614000.00,-32340000.00,-19502000.00,-24750000.00,-11756000.00,-24979000.00,-34163000.00,-41720000.00,-43356000.00,-11626000.00,-30454000.00,-43456000.00,-57536000.00,-62182000.00,-37868000.00,-6418000.00,-26605000.00,-52304000.00,-83154000.00,-64516000.00,-87877000.00,-95114000.00,-95506000.00,-58944000.00,-109108000.00,-36283000.00,-57024000.00,-59549000.00,-45125000.00,-48674000.00,-52012000.00,-35107000.00,-48533000.00,-32361000.00,-37683000.00,-7062000.00,28366000.00,-35056000.00,-35281000.00,-22040000.00,-37556000.00,-31084000.00,-42572000.00,-36840000.00,-42129000.00,-42368000.00,-47519000.00,-47360000.00,-54167000.00,-54167000.00,-51067000.00,-49791000.00,-54489000.00,-170373000.00,-49616000.00,-28164000.00,29887000.00,-77353000.00,-31252000.00,-19591000.00,-37532000.00,-28272000.00,-12813000.00,-48630000.00,-52187000.00,-44197000.00,-42682000.00,-42360000.00,-37483000.00,-37483000.00,-33078000.00,-32056000.00,-32437000.00,-31541000.00,-35047000.00,-28260000.00,20964000.00,-46800000.00,31900000.00,,,,,,8500000.00,-14900000.00,-6300000.00,5200000.00,-5100000.00,,
changeToOperatingActivities,,,,,-119000.00,-266000.00,-1146000.00,1612000.00,-221000.00,-6905000.00,5870000.00,1513000.00,376000.00,-869000.00,-901000.00,989000.00,39000.00,1403000.00,-1410000.00,119000.00,-104000.00,503000.00,-1028000.00,535000.00,-323000.00,234000.00,-306000.00,345000.00,223000.00,-223000.00,,44000.00,,,,-546000.00,,,,,,,,,,,,,,,,,,,,,,,,,,,,,,,,,,,,,,,,,,,,,,,,,,,,,,,,,,,,,,,,,,,,,,,,,,,,,,,,,,,,,,,,,,,,,,,,,
changeInCash,8373000.00,141303000.00,166149000.00,-67009000.00,-70655000.00,-90700000.00,-127143000.00,-62322000.00,-89062000.00,-73271000.00,-102227000.00,-66411000.00,-59044000.00,-61553000.00,168642000.00,244219000.00,132902000.00,341167000.00,0.00,886618000.00,,,,707620000.00,,,,674473000.00,,,,650595000.00,,,,486149000.00,,,,680288000.00,,,,139433000.00,,,,,,,,,,,,,,,,,,,,,,,,,,,-89000.00,-67160000.00,-104000.00,104000.00,,-46674000.00,,,,,,,,,,,,24112000.00,,,,,,,,-10826000.00,-2163000.00,-27496000.00,40611000.00,-150187000.00,60484000.00,72934000.00,28194000.00,-37616000.00,22072000.00,9737000.00,12127000.00,-55725000.00,17430000.00,5809000.00,-15522000.00,-15522000.00,13959000.00,37087000.00,36533000.00,-52170000.00,18280000.00,9234000.00,-19460000.00,-28800000.00,48900000.00,,,,,,-3200000.00,-10200000.00,22000000.00,-2200000.00,-11700000.00,,
beginPeriodCashFlow,0.00,0.00,1309017000.00,1376026000.00,0.00,0.00,1376026000.00,1438348000.00,0.00,0.00,0.00,0.00,0.00,0.00,0.00,0.00,,,,,,,,,,,,,,,,,,,,,,,,,,,,,,,,,,,,,,,,,,,,,,,,,,,,,,,89000.00,67249000.00,104000.00,,1061523000.00,1108197000.00,,,,,,,,,,,24112000.00,,,,,,,,75312000.00,86138000.00,88301000.00,115797000.00,75186000.00,225373000.00,164889000.00,91955000.00,63761000.00,101377000.00,79305000.00,69568000.00,57441000.00,113166000.00,95736000.00,89927000.00,139778000.00,139778000.00,125819000.00,88732000.00,52199000.00,104369000.00,86089000.00,76855000.00,96315000.00,48900000.00,48200000.00,,,,,,51400000.00,22000000.00,,41600000.00,53300000.00,,
endPeriodCashFlow,8373000.00,0.00,0.00,1309017000.00,1376026000.00,0.00,0.00,1376026000.00,1073906000.00,0.00,0.00,-66411000.00,0.00,0.00,0.00,0.00,,,,,,,,,,,,,,,,,,,,,,,,,,,,,,,,,,,,,,,,,,,,,,,,,,,,,,,,89000.00,67249000.00,104000.00,,1061523000.00,1108197000.00,,,,,,,,,,,24112000.00,,,,,,,,75312000.00,86138000.00,88301000.00,115797000.00,75186000.00,225373000.00,164889000.00,91955000.00,63761000.00,101377000.00,79305000.00,69568000.00,57441000.00,113166000.00,95736000.00,124256000.00,124256000.00,139778000.00,125819000.00,88732000.00,52199000.00,104369000.00,86089000.00,76855000.00,-28800000.00,48900000.00,,,,,,48200000.00,-10200000.00,22000000.00,-2200000.00,41600000.00,,
totalCashFromOperatingActivities,68864000.00,74330000.00,77986000.00,73938000.00,70655000.00,90878000.00,127143000.00,87147000.00,89062000.00,74759000.00,104141000.00,66411000.00,59044000.00,61553000.00,83006000.00,60090000.00,54003000.00,48786000.00,59876000.00,65975000.00,60440000.00,72762000.00,80105000.00,47619000.00,46009000.00,44463000.00,64319000.00,42528000.00,38791000.00,32252000.00,55960000.00,43001000.00,47141000.00,39460000.00,63187000.00,43243000.00,43162000.00,31045000.00,63460000.00,32525000.00,40475000.00,40277000.00,42185000.00,37864000.00,22116000.00,28207000.00,11756000.00,24981000.00,34163000.00,42747000.00,43805000.00,175822000.00,-8387000.00,-7839000.00,-8237000.00,-6550000.00,-6633000.00,-6456000.00,-7402000.00,-8845000.00,-8882000.00,-9717000.00,-9628000.00,-10841000.00,-9943000.00,-8954000.00,-10859000.00,-8105000.00,-8843000.00,-7949000.00,-8777000.00,48763000.00,51908000.00,35211000.00,48533000.00,32361000.00,37683000.00,7062000.00,-28366000.00,35056000.00,35281000.00,22040000.00,37556000.00,31084000.00,42572000.00,36840000.00,42129000.00,66480000.00,47519000.00,47360000.00,244106000.00,244106000.00,-5089000.00,-5423000.00,-4351000.00,-2107000.00,134503000.00,1324000.00,125188000.00,-31998000.00,98466000.00,117817000.00,73740000.00,-17696000.00,89553000.00,59297000.00,64483000.00,8323000.00,93138000.00,51367000.00,8750000.00,8750000.00,71616000.00,59668000.00,60553000.00,2160000.00,50801000.00,41902000.00,22901000.00,-5800000.00,36000000.00,,,,,,6500000.00,-6900000.00,41800000.00,-5200000.00,8900000.00,,
issuanceOfCapitalStock,,,,,,,,,,,,,,,,,,,,,,,,,,,,,,,,,,,,,,,,,,,,,,,,,,,,,,,,,,,,,,,,,,,,,,,,,,,,,,,,,,,,,,,,,,,,,,,,,,,,,,,,,,,,,,,,,,,,,,,,,,,,,,,,,,,,,
depreciation,,,,66617000.00,,,,34364000.00,,,,,,,,,,,,,0.00,0.00,0.00,31886000.00,0.00,0.00,0.00,41066000.00,0.00,0.00,0.00,49145000.00,0.00,0.00,0.00,41508000.00,0.00,0.00,0.00,41279000.00,0.00,0.00,0.00,40262000.00,0.00,0.00,0.00,37675000.00,0.00,,0.00,47397000.00,0.00,,,54922000.00,,,,79111000.00,,,,95481000.00,,,,100370000.00,,,,131979000.00,,,,177356000.00,,,,,,,,,,,,,,,,,,,,17244000.00,49240000.00,45799000.00,40352000.00,36499000.00,34580000.00,30677000.00,27618000.00,25544000.00,23186000.00,23012000.00,21031000.00,20688000.00,19686000.00,19054000.00,16368000.00,16368000.00,17256000.00,16728000.00,16998000.00,17643000.00,17396000.00,16827000.00,15824000.00,13900000.00,14600000.00,,,,,,10500000.00,9500000.00,8100000.00,6900000.00,5900000.00,,
otherCashflowsFromInvestingActivities,0.00,0.00,,-1768000.00,-178000.00,-178000.00,0.00,-3402000.00,-3402000.00,-3402000.00,-1914000.00,-147000.00,-147000.00,-147000.00,-147000.00,-11511000.00,-9642000.00,-8951000.00,-7382000.00,-16589000.00,0.00,0.00,0.00,0.00,0.00,0.00,0.00,0.00,0.00,0.00,0.00,0.00,0.00,0.00,0.00,0.00,0.00,0.00,-26000.00,0.00,-1116000.00,-5942000.00,-5929000.00,0.00,-2614000.00,-3457000.00,0.00,0.00,0.00,,0.00,0.00,0.00,,,,,,,,,,,,,,,,,,,,,,,,,,,,,,,,,,,,,,,,184493000.00,124919000.00,65986000.00,,,,,,,,,,,,,,,,,,,,,,,,,,,,,,,,,,,,,,
dividendsPaid,-69333000.00,-75036000.00,-79310000.00,-72036000.00,71340000.00,89976000.00,127672000.00,87579000.00,90568000.00,81263000.00,98045000.00,66413000.00,58938000.00,61825000.00,83705000.00,60290000.00,54027000.00,47361000.00,60807000.00,66052000.00,60606000.00,72263000.00,81801000.00,47332000.00,45685000.00,44534000.00,64837000.00,42383000.00,38493000.00,39010000.00,49845000.00,41778000.00,48010000.00,45343000.00,57168000.00,43646000.00,43718000.00,37698000.00,57662000.00,35709000.00,36652000.00,34335000.00,36256000.00,32340000.00,19502000.00,24750000.00,11756000.00,24981000.00,34163000.00,42747000.00,43805000.00,11811000.00,30455000.00,46306000.00,62787000.00,62182000.00,37868000.00,6418000.00,26605000.00,52476000.00,83948000.00,72494000.00,92458000.00,103719000.00,100151000.00,78237000.00,126616000.00,73507000.00,74638000.00,65325000.00,84980000.00,60251000.00,55356000.00,45941000.00,65183000.00,41439000.00,42074000.00,11932000.00,43828000.00,43828000.00,39340000.00,28478000.00,39848000.00,34946000.00,43971000.00,44620000.00,51145000.00,49201000.00,53265000.00,50212000.00,59613000.00,59613000.00,54485000.00,53510000.00,61635000.00,1000.00,93380000.00,93316000.00,74048000.00,67071000.00,72200000.00,65095000.00,70078000.00,63099000.00,54504000.00,50988000.00,50013000.00,46532000.00,44757000.00,43244000.00,39332000.00,39332000.00,35150000.00,33454000.00,33383000.00,32865000.00,31233000.00,29962000.00,29925000.00,29100000.00,20200000.00,,,,,,17100000.00,15300000.00,14200000.00,13600000.00,14100000.00,,
changeToInventory,,,,,,,,,,,,,,,,,,,,,0.00,0.00,0.00,0.00,0.00,0.00,0.00,0.00,0.00,0.00,0.00,0.00,0.00,0.00,0.00,0.00,0.00,0.00,0.00,0.00,0.00,0.00,0.00,-1200829000.00,0.00,0.00,0.00,-890511000.00,0.00,,0.00,0.00,0.00,,,,,,,,,,,,,,,,,,,,,,,,,,,,,,,,,,,,,,,,,,,,,,,,,,,,,,,,,,,,,,,,,,,,,,,,,,,,,,,,
changeToAccountReceivables,,,,,,,,,,,,,,,,,,,,,0.00,0.00,0.00,0.00,0.00,0.00,0.00,0.00,0.00,0.00,0.00,0.00,0.00,0.00,0.00,0.00,0.00,0.00,0.00,0.00,0.00,0.00,0.00,6127000.00,0.00,0.00,-6127000.00,-1823000.00,-2070000.00,7387000.00,-7696000.00,0.00,0.00,,,,,,,,,,,,,,,,,,,,,,,,145000.00,3000.00,,309000.00,221000.00,171000.00,104000.00,777000.00,580000.00,374000.00,372000.00,403000.00,,,,,,,,,,,,,,,,,,,,,,,,,,,,,,,,,,,,,,,,,,,,,
salePurchaseOfStock,0.00,1468000.00,15956000.00,178000.00,2487000.00,100600000.00,11707000.00,18537000.00,3402000.00,3402000.00,29847000.00,23565000.00,8645000.00,31958000.00,14220000.00,18340000.00,19029000.00,65070000.00,8313000.00,182379000.00,2668000.00,3801000.00,5696000.00,144269000.00,8148000.00,4771000.00,5018000.00,181620000.00,-327000.00,1586000.00,1457000.00,145361000.00,733000.00,5078000.00,3901000.00,317000.00,1379000.00,8225000.00,4656000.00,273444000.00,578000.00,6639000.00,6642000.00,0.00,0.00,0.00,0.00,2000.00,0.00,1027000.00,449000.00,0.00,0.00,,,,,,,,,,,,,,,,,,,,,,,,,,,,,,,,,,,,,,,,,,,,,,,,,,,,,,,,,,,,,,,,,,,,,,,,,,,,,,,,
otherCashflowsFromFinancingActivities,469000.00,706000.00,1324000.00,151531000.00,685000.00,-724000.00,529000.00,432000.00,1506000.00,7992000.00,-4182000.00,2000.00,-106000.00,272000.00,846000.00,2069000.00,715000.00,144000.00,8313000.00,30410000.00,2654000.00,3807000.00,5704000.00,30704000.00,8102000.00,4849000.00,4986000.00,75595000.00,-304000.00,7678000.00,-4658000.00,92898000.00,869000.00,10961000.00,-2118000.00,226327000.00,1379000.00,13997000.00,-1116000.00,61306000.00,-2129000.00,6639000.00,6642000.00,123250000.00,-2614000.00,-3457000.00,,219365000.00,,1027000.00,449000.00,24432000.00,1000.00,2850000.00,5251000.00,36751000.00,44501000.00,12874000.00,34007000.00,260318000.00,794000.00,7978000.00,4581000.00,184355000.00,4645000.00,19293000.00,17508000.00,365343000.00,17614000.00,5776000.00,39855000.00,11727000.00,3344000.00,10834000.00,16650000.00,9170000.00,4391000.00,4870000.00,28366000.00,8772000.00,4059000.00,6438000.00,2292000.00,3862000.00,1399000.00,7780000.00,9016000.00,6833000.00,5746000.00,2852000.00,5446000.00,-189939000.00,3418000.00,3719000.00,7146000.00,283127000.00,862764000.00,511152000.00,401310000.00,243718000.00,249948000.00,219504000.00,221921000.00,74834000.00,56739000.00,2367000.00,3213000.00,2335000.00,2075000.00,899000.00,1886000.00,1886000.00,2101000.00,1469000.00,987000.00,1382000.00,131220000.00,51786000.00,70947000.00,2000000.00,52500000.00,,,,,,125700000.00,500000.00,7900000.00,18900000.00,9100000.00,,
changeToNetincome,,4241000.00,3446000.00,43778000.00,995000.00,4095000.00,27362000.00,42570000.00,607000.00,-9253000.00,100861000.00,97123000.00,282000.00,1503000.00,8458000.00,85567000.00,18000.00,46056000.00,14847000.00,137536000.00,-5356000.00,13802000.00,22973000.00,109247000.00,3154000.00,2488000.00,20715000.00,120597000.00,-9876000.00,-1637000.00,-5264000.00,101553000.00,5019000.00,-3095000.00,11568000.00,93294000.00,-1282000.00,-6064000.00,22086000.00,83476000.00,6029000.00,-2054000.00,-2920000.00,,43941000.00,4800000.00,-14827000.00,227113000.00,9047000.00,7739000.00,439000.00,,,,,,,,,,,,,,,,,,,,,,,,,,,,,,,,,,,,,,,,,,,,,,,,,,,,,,,,,,,,,,,,,,,,,,,,,,,,,,,,,,
capitalExpenditures,0,0,0,62308000,0,0,0,61931000,0,0,0,0,0,0,0,0,0,0,0,32789000,0,0,0,39417000,0,0,0,36728000,0,0,0,30217000,0,0,0,25433000,0,0,0,21615000,0,0,0,21650000,0,0,0,4927000,0,0,0,1920000,0,0,0,0,0,0,0,21008000,0,0,0,26461000,0,0,0,41991000,0,0,0,0,0,0,0,0,0,0,0,0,0,0,0,0,0,0,0,0,0,0,0,0,0,0,0,2878000,20295000,11696000,15594000,8227000,7030000,10643000,6010000,7017000,7970000,8065000,12289000,11715000,4760000,2407000,1920000,1920000,1070000,1439000,3215000,5987000,6051000,4787000,4385000,1500000,2100000,,,,,,1100000,700000,800000,1300000,1600000,,
changeReceivables,,,,,,,,,,,,,,,,,,,,,,,,,,,,,,,,,,,,,,,,,,,,,,,-6127000.00,-1823000.00,-2070000.00,7387000.00,-7696000.00,,,,,,,,,,,,,,,,,,,,,,,,,,,,,,,,,,,,,,,,,,,,,,,,,,,,,,,,,,,,,,,,,,,,,,,,,,,,,,,,,,
cashFlowsOtherOperating,,,,,,,,,,,,,,,,,,,-821000.00,,,,,,,,,,,-223000.00,,,-247000.00,152000.00,,,,,,,27000.00,1264000.00,4666000.00,,,,1072000.00,-943000.00,74000.00,-203000.00,,,,,,,,,,,,,,,,,,,,,,,,,,,,,,,,,,,,,,,,,,,,,,,,,,,,,,,,,,,,,,,,,,,,,,,,,,,,,,,,,,,
exchangeRateChanges,,,,,,,,,,,,,,,,,,,,,,,,,,,,,,,,,,,,,,,,,,,,,,,,,,,,,,,,,,,,,,,,,,,,,,,,,,,,,,,,,,,,,,,,,,,,,,,,,,,,,,,,,,,,,,,,,,,,,,,,,,,,,,,,,,,,,
cashAndCashEquivalentsChanges,,141303000.00,166149000.00,179594000.00,131138000.00,262812000.00,252669000.00,273849000.00,234553000.00,219598000.00,309840000.00,280297000.00,134864000.00,152212000.00,168642000.00,244219000.00,132902000.00,341167000.00,,886618000.00,,,,707620000.00,,,,674473000.00,,,,650595000.00,,,,486149000.00,,,,680288000.00,,,,139433000.00,,,,,,,,,,,,,,,,,,,,,,,,,,,,,,,,,,,,,,,,,,,,,,,,,,,,,,,,,,,,,,,,,,,,,,,,,,,,,,,,,,,,,,,,,
changeInWorkingCapital,413000.00,-1072000.00,-412000.00,1014000.00,-119000.00,-266000.00,-1146000.00,1612000.00,-221000.00,-6905000.00,5870000.00,1513000.00,376000.00,-869000.00,-901000.00,989000.00,39000.00,1403000.00,-1410000.00,119000.00,-104000.00,503000.00,-1028000.00,930000.00,-323000.00,234000.00,-306000.00,487000.00,196000.00,-6015000.00,5677000.00,244000.00,-565000.00,-5669000.00,6034000.00,-326000.00,310000.00,-5745000.00,5215000.00,-4304000.00,4923000.00,2055000.00,6874000.00,-4554000.00,1317000.00,2068000.00,-116000.00,-2669000.00,-1887000.00,-504000.00,-314000.00,655000.00,-1688000.00,-686000.00,-1273000.00,865000.00,-440000.00,-617000.00,-1525000.00,-2202000.00,-307000.00,-586000.00,-67000.00,-694000.00,85000.00,666000.00,-1550000.00,2229000.00,-818000.00,560000.00,-1172000.00,719000.00,-186000.00,1330000.00,-1256000.00,1005000.00,-683000.00,-5734000.00,5815000.00,471000.00,78000.00,603000.00,-355000.00,-323000.00,-194000.00,-266000.00,256000.00,-769000.00,1249000.00,256000.00,1538000.00,1067694000.00,-552000.00,-392000.00,874000.00,-54478000.00,-23300000.00,-146914000.00,-17332000.00,-148433000.00,-11197000.00,8831000.00,-26339000.00,-118912000.00,-1898000.00,-21333000.00,-11419000.00,-66870000.00,22474000.00,-16710000.00,-52243000.00,-52243000.00,11866000.00,4427000.00,7882000.00,-56449000.00,1331000.00,-8816000.00,-25338000.00,22600000.00,-3000000.00,,,,,,-25000000.00,-5300000.00,14900000.00,-28400000.00,-12200000.00,,
stockBasedCompensation,,,,199390000.00,,,,216425000.00,,,,107366000.00,,,,146488000.00,,,,-267427000.00,,,,185234000.00,,,,152162000.00,,,,176160000.00,,,,176636000.00,,,,159020000.00,,,,21830000.00,,,,474103000.00,,,,122612000.00,,,4000000.00,73101000.00,,,22980000.00,66078000.00,,,18604000.00,49815000.00,,,36925000.00,76251000.00,,,,85437000.00,,,,101561000.00,,,,,162000.00,,,,,,,,,,,,,,,,,,,,,,,,,,,,,,,,,,,,,,,,,,,,,,,,,,,,
otherNonCashItems,11460000.00,14844000.00,10961000.00,-261935000.00,14458000.00,23003000.00,42361000.00,-39628000.00,607000.00,-9253000.00,17184000.00,-135664000.00,-8482000.00,5239000.00,21648000.00,-167409000.00,-5769000.00,-4599000.00,14847000.00,273403000.00,-5356000.00,13802000.00,22973000.00,-31904000.00,1844000.00,3565000.00,20715000.00,-30623000.00,-11186000.00,-1637000.00,-5264000.00,-8925000.00,5019000.00,-3217000.00,11568000.00,-14098000.00,-1282000.00,-6064000.00,22086000.00,-20643000.00,6029000.00,-2054000.00,-2920000.00,43121000.00,43941000.00,4800000.00,-14827000.00,227113000.00,9047000.00,7739000.00,439000.00,132242000.00,-18914000.00,-38925000.00,-58210000.00,-67086000.00,-68723000.00,-44092000.00,-35592000.00,-30661000.00,-72936000.00,-93042000.00,-100601000.00,-102299000.00,-114856000.00,-110267000.00,-124759000.00,-119763000.00,-82028000.00,-84514000.00,-73164000.00,-197552000.00,-8476000.00,-22243000.00,2955000.00,38190000.00,-3392000.00,-29583000.00,-80542000.00,24491000.00,34769000.00,-18458000.00,9567000.00,-7754000.00,8427000.00,-6713000.00,-2850000.00,28206000.00,7280000.00,5010000.00,205700000.00,205700000.00,-68314000.00,-62430000.00,-71151000.00,-50793000.00,6909000.00,5225000.00,4114000.00,2093000.00,4835000.00,2468000.00,3477000.00,2152000.00,2056000.00,121740000.00,1522000.00,2213000.00,2021000.00,1993000.00,1529000.00,1529000.00,1487000.00,1414000.00,1488000.00,5857000.00,-2611000.00,1620000.00,991000.00,-74800000.00,-200000.00,,,,,,1700000.00,-29500000.00,1300000.00,2200000.00,2900000.00,,
freeCashFlow,68864000.00,74330000.00,77986000.00,11630000.00,70655000.00,90878000.00,127143000.00,25216000.00,89062000.00,74759000.00,104141000.00,66411000.00,59044000.00,61553000.00,83006000.00,60090000.00,54003000.00,48786000.00,59876000.00,33186000.00,60440000.00,72762000.00,80105000.00,8202000.00,46009000.00,44463000.00,64319000.00,5800000.00,38791000.00,32252000.00,55960000.00,12784000.00,47141000.00,39460000.00,63187000.00,17810000.00,43162000.00,31045000.00,63460000.00,10910000.00,40475000.00,40277000.00,42185000.00,16214000.00,22116000.00,28207000.00,11756000.00,20054000.00,34163000.00,42747000.00,43805000.00,177742000.00,-8387000.00,-7839000.00,-8237000.00,-6550000.00,-6633000.00,-6456000.00,-7402000.00,-29853000.00,-8882000.00,-9717000.00,-9628000.00,-37302000.00,-9943000.00,-8954000.00,-10859000.00,33886000.00,-8843000.00,-7949000.00,-8777000.00,48763000.00,51908000.00,35211000.00,48533000.00,32361000.00,37683000.00,7062000.00,-28366000.00,35056000.00,35281000.00,22040000.00,37556000.00,31084000.00,42572000.00,36840000.00,42129000.00,66480000.00,47519000.00,47360000.00,244106000.00,244106000.00,-5089000.00,-5423000.00,-4351000.00,-4985000.00,114208000.00,-10372000.00,109594000.00,-40225000.00,91436000.00,107174000.00,67730000.00,-24713000.00,81583000.00,51232000.00,52194000.00,-3392000.00,88378000.00,48960000.00,6830000.00,6830000.00,70546000.00,58229000.00,57338000.00,-3827000.00,44750000.00,37115000.00,18516000.00,-7300000.00,33900000.00,,,,,,5400000.00,-7600000.00,41000000.00,-6500000.00,7300000.00,,
researchDevelopment,,,,,,,,,,,,,,,,,,,,0.00,0.00,0.00,0.00,0.00,0.00,0.00,0.00,0.00,0.00,0.00,0.00,0.00,0.00,0.00,0.00,0.00,0.00,0.00,0.00,0.00,0.00,0.00,0.00,0.00,0.00,0.00,0.00,0.00,0.00,0.00,0.00,0.00,0.00,0.00,0.00,0.00,0.00,0.00,0.00,0.00,0.00,0.00,0.00,0.00,0.00,0.00,0.00,0.00,0.00,0.00,0.00,0.00,0.00,0.00,0.00,0.00,0.00,0.00,0.00,0.00,0.00,0.00,0.00,0.00,0.00,0.00,0.00,0.00,0.00,0.00,0.00,0.00,0.00,0.00,0.00,,,,,,,,,,,,,,,,,,,,,,,,,,,,,,,,,,,,,,
effectOfAccountingCharges,,,,,,,,,,,,,,,,,,,,0.00,0.00,0.00,0.00,0.00,0.00,0.00,0.00,0.00,0.00,0.00,0.00,0.00,0.00,0.00,0.00,0.00,0.00,0.00,0.00,0.00,0.00,0.00,0.00,0.00,0.00,0.00,0.00,0.00,0.00,0.00,0.00,0.00,0.00,0.00,0.00,0.00,0.00,0.00,0.00,0.00,0.00,0.00,0.00,0.00,0.00,0.00,0.00,0.00,0.00,0.00,0.00,0.00,0.00,0.00,0.00,0.00,0.00,0.00,0.00,0.00,0.00,0.00,0.00,0.00,0.00,0.00,0.00,0.00,0.00,0.00,0.00,0.00,0.00,0.00,0.00,,,,,,,,,,,,,,,,,,,,,,,,,,,,,,,,,,,,,,
incomeBeforeTax,65761000.00,69121000.00,76382000.00,71888000.00,63905000.00,75358000.00,94353000.00,134091000.00,95921000.00,97407000.00,88907000.00,101415000.00,73874000.00,63201000.00,69914000.00,87909000.00,66722000.00,59023000.00,52638000.00,66758000.00,72802000.00,65388000.00,65698000.00,85725000.00,49055000.00,47947000.00,49666000.00,78630.00,55925000.00,45489000.00,61132000.00,57485.00,48988000.00,54409000.00,51616000.00,63563000.00,49876000.00,48467000.00,41371000.00,62971000.00,34504000.00,45440000.00,42997000.00,26892000.00,-16595000.00,27803000.00,32707000.00,-193458000.00,34074000.00,42745000.00,51058000.00,50168000.00,18914000.00,38925000.00,54210000.00,67086000.00,68723000.00,44092000.00,12612000.00,30661000.00,72936000.00,93042000.00,81997000.00,102299000.00,114856000.00,110267000.00,87834000.00,119763000.00,82028000.00,84514000.00,73164000.00,92143000.00,67237000.00,62654000.00,53020000.00,71509000.00,47701000.00,48585000.00,52176000.00,16321000.00,5849000.00,45108000.00,33146000.00,44291000.00,39583000.00,49605000.00,50216000.00,44891000.00,44750000.00,47516000.00,43027000.00,43027000.00,68315000.00,62430000.00,71151000.00,97163000.00,119593000.00,114373000.00,115355000.00,92670000.00,83625000.00,90293000.00,82124000.00,79056000.00,71198000.00,-59857000.00,57366000.00,56229000.00,52658000.00,50497000.00,46914000.00,46914000.00,44263000.00,39466000.00,36368000.00,36763000.00,36319000.00,34568000.00,34156000.00,36900000.00,32800000.00,-2700000.00,,,,,20300000.00,19400000.00,18300000.00,14800000.00,12900000.00,,
minorityInterest,,,,,,,,,,,,,,,,,,,,0.00,0.00,0.00,0.00,0.00,0.00,0.00,0.00,0.00,0.00,0.00,0.00,0.00,0.00,0.00,0.00,0.00,0.00,0.00,0.00,0.00,0.00,0.00,0.00,0.00,0.00,0.00,0.00,0.00,0.00,0.00,0.00,0.00,0.00,0.00,0.00,0.00,0.00,0.00,0.00,0.00,0.00,0.00,0.00,0.00,0.00,0.00,0.00,0.00,0.00,0.00,0.00,0.00,0.00,0.00,0.00,0.00,0.00,0.00,0.00,0.00,0.00,0.00,0.00,0.00,0.00,0.00,0.00,0.00,0.00,0.00,0.00,0.00,0.00,0.00,0.00,,,,,,,,,,,,,,,,,,,,,,,,,,,,,,,,,,,,,,
sellingGeneralAdministrative,,,,641635.00,,,,555608000.00,,,,485544000.00,,,,484750000.00,,,,448996000.00,0.00,0.00,0.00,481488000.00,0.00,0.00,0.00,426147000.00,0.00,0.00,0.00,431635000.00,0.00,0.00,0.00,426960000.00,0.00,0.00,0.00,423043000.00,0.00,0.00,0.00,508364000.00,0.00,0.00,0.00,533578000.00,0.00,0.00,0.00,515884000.00,0.00,0.00,0.00,558361000.00,0.00,0.00,0.00,539198000.00,0.00,0.00,0.00,591221000.00,0.00,0.00,0.00,583296000.00,0.00,0.00,0.00,386590000.00,0.00,0.00,0.00,426389000.00,0.00,0.00,0.00,339706000.00,0.00,0.00,0.00,0.00,0.00,0.00,0.00,0.00,0.00,0.00,0.00,0.00,0.00,0.00,0.00,52114000.00,161346000.00,148096000.00,160615000.00,130277000.00,119542000.00,124861000.00,129966000.00,112640000.00,97770000.00,87886000.00,86248000.00,84827000.00,78338000.00,79615000.00,72890000.00,72890000.00,67161000.00,62169000.00,58871000.00,63536000.00,60822000.00,59805000.00,58813000.00,40900000.00,38400000.00,24000000.00,,,,,23800000.00,22500000.00,21200000.00,20600000.00,19900000.00,,
sellingAndMarketingExpenses,,,,215556.00,,,,197486000.00,,,,189787000.00,,,,219860000.00,,,,222630000.00,,,,204392000.00,,,,208538000.00,,,,,,,,,,,,,,,,,,,,,,,,,,,,,,,,,,,,,,,,,,,,,,,,,,,,,,,,,,,,,,,,,,,,55488000.00,156741000.00,151029000.00,139309000.00,123238000.00,120883000.00,115140000.00,101079000.00,86370000.00,80287000.00,73167000.00,72342000.00,66834000.00,62138000.00,61384000.00,53479000.00,53479000.00,50818000.00,49372000.00,47545000.00,48832000.00,50301000.00,50109000.00,51482000.00,147200000.00,,,,,,,29800000.00,29600000.00,26100000.00,24800000.00,19700000.00,,
grossProfit,65761000.00,69121000.00,76382000.00,70194800.00,63905000.00,75358000.00,94353000.00,-1305384000.00,95921000.00,97407000.00,88907000.00,-1212692000.00,73874000.00,63201000.00,69914000.00,-1208574000.00,66722000.00,59023000.00,52638000.00,-1143105000.00,72802000.00,65388000.00,65698000.00,-1145641000.00,49055000.00,47947000.00,49666000.00,-1111111370.00,55925000.00,45489000.00,61132000.00,-1139651515.00,48988000.00,54409000.00,51616000.00,-1087355000.00,49876000.00,48467000.00,41371000.00,-1076382000.00,34504000.00,45440000.00,42997000.00,-1342229000.00,0.00,0.00,0.00,1475292000.00,0.00,0.00,0.00,1506541000.00,0.00,0.00,0.00,1592111000.00,0.00,0.00,0.00,2075276000.00,0.00,0.00,0.00,2865237000.00,0.00,0.00,0.00,2569903000.00,0.00,0.00,0.00,-1122082000.00,0.00,0.00,0.00,-1009952000.00,0.00,0.00,0.00,-862288000.00,0.00,0.00,0.00,183695000.00,0.00,0.00,0.00,1669000000.00,0.00,0.00,43027000.00,244922000.00,68315000.00,62430000.00,71151000.00,205079000.00,438643000.00,414462000.00,416242000.00,347322000.00,325165000.00,331333000.00,314050000.00,278938000.00,250135000.00,224717000.00,218578000.00,212150000.00,197393000.00,195677000.00,167915000.00,,164428000.00,153194000.00,144971000.00,151318000.00,149628000.00,146668000.00,146342000.00,139800000.00,127400000.00,88100000.00,,,,,84500000.00,83100000.00,75100000.00,70000000.00,62900000.00,,
reconciledDepreciation,,,,66617.00,,,,34364000.00,,,,,,,,,,,,,,,,,,,,,,,,,,,,,,,,,,,,,,,,,,,,,,,,,,,,,,,,,,,,,,,,,,,,,,,,,,,,,,,,,,,,,,,,17244000.00,49240000.00,45799000.00,40352000.00,36499000.00,34580000.00,30677000.00,27618000.00,25544000.00,23186000.00,23012000.00,21031000.00,20688000.00,19686000.00,19054000.00,17465000.00,16368000.00,17256000.00,16728000.00,16998000.00,17643000.00,17396000.00,16827000.00,15824000.00,13900000.00,14600000.00,,,,,,10500000.00,9500000.00,8100000.00,6900000.00,5900000.00,,
ebit,,69121000.00,76382000.00,704274.00,63905000.00,75358000.00,94353000.00,1220148.00,95921000.00,97407000.00,88907000.00,907436000.00,73874000.00,63201000.00,69914000.00,823437000.00,66722000.00,59023000.00,52638000.00,825314000.00,72802000.00,65388000.00,65698000.00,773910000.00,49055000.00,47947000.00,49666000.00,723165000.00,55925000.00,45489000.00,61132000.00,631099000.00,48988000.00,54409000.00,51616000.00,608621000.00,49876000.00,48467000.00,41371000.00,564251000.00,34504000.00,45440000.00,42997000.00,202365000.00,-16595000.00,27803000.00,32707000.00,-208469000.00,34074000.00,42745000.00,51058000.00,458862000.00,18914000.00,38925000.00,54210000.00,590828000.00,68723000.00,44092000.00,12612000.00,925501000.00,72936000.00,93042000.00,81997000.00,1372533000.00,114856000.00,110267000.00,87834000.00,1163450000.00,82028000.00,84514000.00,73164000.00,-1508672000.00,67237000.00,62654000.00,53020000.00,-1436341000.00,47701000.00,48585000.00,52176000.00,-1201994000.00,764000.00,904000.00,548000.00,183695000.00,39583000.00,1577000.00,1893000.00,44891000.00,44750000.00,47500.00,244922000.00,43027000.00,68315000.00,62430000.00,71151000.00,99393000.00,126112000.00,118852000.00,118856000.00,94404000.00,85323000.00,92480000.00,84091000.00,80019000.00,71911000.00,-59238000.00,58039000.00,56833000.00,53263000.00,50969000.00,54784000.00,54784000.00,44501000.00,39697000.00,36776000.00,36989000.00,38661000.00,36773000.00,36379000.00,39200000.00,35300000.00,-2700000.00,,,,,22100000.00,21100000.00,20200000.00,16400000.00,14400000.00,,
ebitda,65761000.00,69121000.00,76382000.00,770891.00,63905000.00,75358000.00,94353000.00,134091000.00,95921000.00,97407000.00,88907000.00,101415000.00,73874000.00,63201000.00,69914000.00,87909000.00,66722000.00,59023000.00,52638000.00,66759000.00,72802000.00,65388000.00,65698000.00,85725000.00,49055000.00,47947000.00,49666000.00,78630000.00,55925000.00,45489000.00,61132000.00,57485000.00,48988000.00,54409000.00,51616000.00,63563000.00,49876000.00,48467000.00,41371000.00,62971000.00,34504000.00,45440000.00,42997000.00,26892000.00,-16595000.00,27803000.00,32707000.00,-193458000.00,34074000.00,42745000.00,51058000.00,50168000.00,18914000.00,38925000.00,54210000.00,67086000.00,68723000.00,44092000.00,12612000.00,30661000.00,72936000.00,93042000.00,81997000.00,102299000.00,114856000.00,110267000.00,87834000.00,119763000.00,82028000.00,84514000.00,73164000.00,92143000.00,67237000.00,62654000.00,53020000.00,71509000.00,47701000.00,48585000.00,52176000.00,16321000.00,5849000.00,45108000.00,33146000.00,44291000.00,39583000.00,49605000.00,50216000.00,44891000.00,44750000.00,47516000.00,43027000.00,,68315000.00,62430000.00,71151000.00,116637000.00,175352000.00,164651000.00,159208000.00,130903000.00,119903000.00,123157000.00,111709000.00,105563000.00,95097000.00,-36226000.00,79070000.00,77521000.00,72949000.00,70023000.00,71152000.00,71152000.00,61757000.00,56425000.00,53774000.00,54632000.00,56057000.00,53600000.00,52203000.00,53100000.00,49900000.00,-300000.00,16000000.00,19500000.00,19400000.00,19400000.00,32600000.00,30600000.00,28300000.00,23300000.00,20300000.00,,
depreciationAndAmortization,,,,66617.00,,,,34364000.00,,,,-806021000.00,,,,-735528000.00,,,,-758555000.00,,,,-688185000.00,,,,-644535000.00,,,,-573614000.00,,,,-545058000.00,,,,-501280000.00,,,,-175473000.00,,,,15011000.00,,,,-408694000.00,,,,-523742000.00,,,,-894840000.00,,,,-1270234000.00,,,,-1043687000.00,,,,1600815000.00,,,,1507850000.00,,,,1218315000.00,5085000.00,44204000.00,32598000.00,-139404000.00,,48028000.00,48323000.00,,,47468500.00,-201895000.00,,,,,17244000.00,49240000.00,45799000.00,40352000.00,36499000.00,34580000.00,30677000.00,27618000.00,25544000.00,23186000.00,23012000.00,21031000.00,20688000.00,19686000.00,19054000.00,16368000.00,16368000.00,17256000.00,16728000.00,16998000.00,17643000.00,17396000.00,16827000.00,15824000.00,13900000.00,14600000.00,,,,,,10500000.00,9500000.00,8100000.00,6900000.00,5900000.00,,
nonOperatingIncomeNetOther,,69121000.00,76382000.00,71888000.00,63905000.00,75358000.00,94353000.00,134091000.00,95921000.00,97407000.00,88907000.00,101415000.00,73874000.00,63201000.00,69914000.00,87909000.00,66722000.00,59023000.00,52638000.00,66759000.00,72802000.00,65388000.00,65698000.00,85725000.00,49055000.00,47947000.00,49666000.00,76843000.00,55925000.00,45489000.00,61132000.00,57485000.00,48988000.00,54409000.00,51616000.00,63563000.00,49876000.00,48467000.00,41371000.00,62971000.00,34504000.00,45440000.00,42997000.00,26892000.00,-16595000.00,27803000.00,32707000.00,-193458000.00,34074000.00,42745000.00,51058000.00,,18914000.00,38925000.00,,,,,,,,,,,,,,,,,,,,,,,,,,,,,,,,,,,,,,,,,,,,,,,,,,,,,,,,,,,,,,,,,,,,,,,,,,,,,,,
operatingIncome,65761000.00,69121000.00,76382000.00,704274.00,63905000.00,75358000.00,94353000.00,134091000.00,95921000.00,97407000.00,88907000.00,907436000.00,73874000.00,63201000.00,69914000.00,823437000.00,66722000.00,59023000.00,52638000.00,825314000.00,72802000.00,65388000.00,65698000.00,773910000.00,49055000.00,47947000.00,49666000.00,723165000.00,55925000.00,45489000.00,61132000.00,631099000.00,48988000.00,54409000.00,51616000.00,608621000.00,49876000.00,48467000.00,41371000.00,564251000.00,34504000.00,45440000.00,42997000.00,202365000.00,-16595000.00,27803000.00,32707000.00,-208469000.00,34074000.00,42745000.00,51058000.00,458862000.00,18914000.00,38925000.00,54210000.00,590828000.00,68723000.00,44092000.00,12612000.00,925501000.00,72936000.00,93042000.00,81997000.00,1372533000.00,114856000.00,110267000.00,87834000.00,1163450000.00,82028000.00,84514000.00,73164000.00,-1508672000.00,67237000.00,62654000.00,53020000.00,-1436341000.00,47701000.00,48585000.00,52176000.00,-1201994000.00,764000.00,904000.00,548000.00,183695000.00,39583000.00,1577000.00,1893000.00,44891000.00,44750000.00,47500.00,244922000.00,43027000.00,68315000.00,62430000.00,71151000.00,99393000.00,126112000.00,118852000.00,118856000.00,94404000.00,85323000.00,92480000.00,84091000.00,80019000.00,71911000.00,-59238000.00,58039000.00,56833000.00,53263000.00,50969000.00,54784000.00,,44501000.00,39697000.00,36776000.00,36989000.00,38661000.00,36773000.00,36379000.00,39200000.00,35300000.00,-300000.00,16000000.00,19500000.00,19400000.00,19400000.00,22100000.00,21100000.00,20200000.00,16400000.00,14400000.00,,
otherOperatingExpenses,65761000.00,,,3239194.00,,,,2474804000.00,,,,2196427000.00,,,,2179476000.00,,,,2085378000.00,0.00,0.00,0.00,2063914000.00,0.00,0.00,0.00,1908421000.00,0.00,0.00,0.00,1726357000.00,0.00,0.00,0.00,1717592000.00,0.00,0.00,0.00,1685337000.00,0.00,0.00,0.00,1921400000.00,16595000.00,27803000.00,32707000.00,1810727000.00,34074000.00,42745000.00,51058000.00,1961448000.00,18914000.00,38925000.00,54210000.00,1877540000.00,68723000.00,44092000.00,12612000.00,2014605000.00,72936000.00,93042000.00,81997000.00,2445733000.00,114856000.00,110267000.00,87834000.00,2151633000.00,82028000.00,84514000.00,73164000.00,1650046000.00,67237000.00,62654000.00,53020000.00,1511552000.00,47701000.00,48585000.00,52176000.00,1254235000.00,764000.00,904000.00,548000.00,183695000.00,39583000.00,1577000.00,1893000.00,1624109000.00,44750000.00,47500.00,201895000.00,0.00,0.00,0.00,0.00,105686000.00,312531000.00,295610000.00,297386000.00,252918000.00,239842000.00,238853000.00,229959000.00,198919000.00,178224000.00,283955000.00,160539000.00,155317000.00,144130000.00,144708000.00,113131000.00,,119927000.00,113497000.00,108195000.00,114329000.00,110967000.00,109895000.00,109963000.00,100600000.00,92100000.00,88400000.00,16000000.00,19500000.00,19400000.00,19400000.00,62400000.00,62000000.00,54900000.00,53600000.00,48500000.00,,
interestExpense,,,,66438.00,,,,3686000.00,,,,15650000.00,,,,57205000.00,,,,52399000.00,0.00,0.00,0.00,25165000.00,0.00,0.00,0.00,9123000.00,0.00,0.00,0.00,3321000.00,0.00,0.00,0.00,2426000.00,0.00,0.00,0.00,2924000.00,0.00,0.00,0.00,3222000.00,0.00,0.00,0.00,2550000.00,0.00,0.00,0.00,3548000.00,0.00,0.00,0.00,4411000.00,0.00,0.00,0.00,36524000.00,0.00,0.00,0.00,194432000.00,0.00,0.00,0.00,187833000.00,0.00,0.00,0.00,0.00,0.00,0.00,0.00,0.00,0.00,0.00,0.00,0.00,0.00,0.00,0.00,0.00,0.00,0.00,0.00,0.00,0.00,0.00,0.00,0.00,0.00,0.00,0.00,2230000.00,6519000.00,4479000.00,3501000.00,1734000.00,1698000.00,2187000.00,1967000.00,963000.00,713000.00,619000.00,673000.00,604000.00,605000.00,472000.00,7870000.00,7870000.00,238000.00,231000.00,408000.00,226000.00,2342000.00,2205000.00,2223000.00,2300000.00,2500000.00,2400000.00,,,,,1800000.00,1700000.00,1900000.00,1600000.00,1500000.00,,
taxProvision,8770000.00,8563000.00,8945000.00,8108000.00,7589000.00,7217000.00,8425000.00,8929000.00,7245000.00,6490000.00,7820000.00,8219000.00,6875000.00,6275000.00,7655000.00,7887000.00,6894000.00,6749000.00,6199000.00,,,,,,,,,,,,,,,,,,,,,,,,,,,,,,,,,,,,,,,,,,,,,,,,,,,,,,,,,,,,,,,,,,,,,,,,,,,,,,,,,,,,,,,,,,,,,,,,,,,,,,,,,,,,,,,,,,
interestIncome,,,,,,,,,,,,,,,,,,,,,,,,,,,,,,,,,,,,,,,,,,,,,,,,,,,,,,,,,,,,,,,,,,,,,,,,,,,,,,,,,,,,,,,,,,,,,,,,,,,,,,,,,,,,,,,,,,,,,,,,,,,,,,,,,,,,,
netInterestIncome,,,,,,,,,,,,,,,,,,,,,,,,,,,,,,,,,,,,,,,,,,,,,,,,,,,,,,,,,,,,,,,,,,,,,,,,,,,,,,,,,,,,,,,,,,,,,,,,,,,,,,,,,,,,,,,,,,,,,,,,,,,,,,,,,,,,,
extraordinaryItems,,,,,,,,,,,,,,,,,,,,-1155000.00,0.00,0.00,0.00,0.00,0.00,0.00,0.00,0.00,0.00,0.00,0.00,0.00,0.00,0.00,0.00,0.00,0.00,0.00,0.00,0.00,0.00,0.00,0.00,0.00,0.00,0.00,0.00,0.00,0.00,0.00,0.00,0.00,0.00,0.00,0.00,0.00,0.00,0.00,0.00,0.00,0.00,0.00,0.00,0.00,0.00,0.00,0.00,0.00,0.00,0.00,0.00,0.00,0.00,0.00,0.00,0.00,0.00,0.00,0.00,0.00,0.00,0.00,0.00,0.00,0.00,0.00,0.00,0.00,0.00,0.00,0.00,0.00,0.00,0.00,0.00,,,,,,,,,,,,,,,,,,,,,,,,,,,,,,,,,,,,,,
nonRecurring,,,,,,,,,,,,,,,,,,,,0.00,0.00,0.00,0.00,0.00,0.00,0.00,0.00,0.00,0.00,0.00,0.00,0.00,0.00,0.00,0.00,0.00,0.00,0.00,0.00,0.00,0.00,0.00,0.00,0.00,0.00,0.00,0.00,0.00,0.00,0.00,0.00,0.00,0.00,0.00,0.00,0.00,0.00,0.00,0.00,0.00,0.00,0.00,0.00,0.00,0.00,0.00,0.00,0.00,0.00,0.00,0.00,0.00,0.00,0.00,0.00,0.00,0.00,0.00,0.00,0.00,0.00,0.00,0.00,0.00,0.00,0.00,0.00,0.00,0.00,0.00,0.00,0.00,0.00,0.00,0.00,,,,,,,,,,,,,,,,,,,,,,,,,,,,,,,,,,,,,,
otherItems,,,,,,,,,,,,,,,,,,,,0.00,0.00,0.00,0.00,0.00,0.00,0.00,0.00,0.00,0.00,0.00,0.00,0.00,0.00,0.00,0.00,0.00,0.00,0.00,0.00,0.00,0.00,0.00,0.00,0.00,0.00,0.00,0.00,0.00,0.00,0.00,0.00,0.00,0.00,0.00,0.00,0.00,0.00,0.00,0.00,0.00,0.00,0.00,0.00,0.00,0.00,0.00,0.00,0.00,0.00,0.00,0.00,0.00,0.00,0.00,0.00,0.00,0.00,0.00,0.00,0.00,0.00,0.00,0.00,0.00,0.00,0.00,0.00,0.00,0.00,0.00,0.00,0.00,0.00,0.00,0.00,,,,,,,,,,,,,,,,,,,,,,,,,,,,,,,,,,,,,,
incomeTaxExpense,8770000.00,8563000.00,8945000.00,8108000.00,7589000.00,7217000.00,8425000.00,8929000.00,7245000.00,6490000.00,7820000.00,8219000.00,6875000.00,6275000.00,7655000.00,7887000.00,6894000.00,6749000.00,6199000.00,6879000.00,6902000.00,6931000.00,7538000.00,7132000.00,5877000.00,6206000.00,5756000.00,5966.00,5667000.00,5585000.00,5585000.00,5803.00,6301000.00,6185000.00,6031000.00,5896000.00,5742000.00,5613000.00,5212000.00,5499000.00,4981000.00,5164000.00,4766000.00,703000.00,6547000.00,6464000.00,6008000.00,6005000.00,7071000.00,7233000.00,7378000.00,7243000.00,6699000.00,7153000.00,6964000.00,7415000.00,6193000.00,5839000.00,5877000.00,6643000.00,8575000.00,9131000.00,9561000.00,10147000.00,10028000.00,9620000.00,9309000.00,10334000.00,8025000.00,8509000.00,7605000.00,7607000.00,6667000.00,6530000.00,6186000.00,6834000.00,5943000.00,6206000.00,5815000.00,6227000.00,5577000.00,5213000.00,4802000.00,5130000.00,5244000.00,5786000.00,5493000.00,5848000.00,5760000.00,5422000.00,6159000.00,6159000.00,4537000.00,5031000.00,5225000.00,11243000.00,17939000.00,17159000.00,17301000.00,14827000.00,13377000.00,14452000.00,13140000.00,5536000.00,4998000.00,4265000.00,4017000.00,3937000.00,3701000.00,3467000.00,3818000.00,3818000.00,3256000.00,2367000.00,2183000.00,1654000.00,1634000.00,2297000.00,2732000.00,4400000.00,2700000.00,800000.00,-16000000.00,-19500000.00,-19400000.00,-19400000.00,1000000.00,1000000.00,800000.00,700000.00,600000.00,,
totalRevenue,65761000.00,69121000.00,76382000.00,71888000.00,63905000.00,75358000.00,94353000.00,134091000.00,95921000.00,97407000.00,88907000.00,101415000.00,73874000.00,63201000.00,69914000.00,87909000.00,66722000.00,59023000.00,52638000.00,66759000.00,72802000.00,65388000.00,65698000.00,85725000.00,49055000.00,47947000.00,49666000.00,78630.00,55925000.00,45489000.00,61132000.00,57485.00,48988000.00,54409000.00,51616000.00,63563000.00,49876000.00,48467000.00,41371000.00,62971000.00,34504000.00,45440000.00,42997000.00,70807000.00,22899000.00,27803000.00,32707000.00,2752441000.00,34074000.00,42745000.00,51058000.00,2952105000.00,18914000.00,38925000.00,54210000.00,2911290000.00,68723000.00,44092000.00,12612000.00,3550683000.00,72936000.00,93042000.00,81997000.00,4719749000.00,114856000.00,110267000.00,87834000.00,4138240000.00,82028000.00,84514000.00,73164000.00,141374000.00,67237000.00,62654000.00,53020000.00,75211000.00,47701000.00,48585000.00,52176000.00,52241000.00,5849000.00,45108000.00,33146000.00,44291000.00,39583000.00,49605000.00,50216000.00,1669000000.00,44750000.00,47516000.00,43027000.00,43027000.00,68315000.00,62430000.00,71151000.00,205079000.00,438643000.00,414462000.00,416242000.00,347322000.00,325165000.00,331333000.00,314050000.00,278938000.00,250135000.00,224717000.00,218578000.00,212150000.00,197393000.00,195677000.00,167915000.00,167915000.00,164428000.00,153194000.00,144971000.00,151318000.00,149628000.00,146668000.00,146342000.00,139800000.00,127400000.00,88100000.00,,,,,84500000.00,83100000.00,75100000.00,70000000.00,62900000.00,,
totalOperatingExpenses,65761000.00,,,1545994.00,,,,753094000.00,,,,675331000.00,,,,704610000.00,,,,671626000.00,0.00,0.00,0.00,685880000.00,0.00,0.00,0.00,634685000.00,0.00,0.00,0.00,431635000.00,0.00,0.00,0.00,426960000.00,0.00,0.00,0.00,423043000.00,0.00,0.00,0.00,508364000.00,-16595000.00,27803000.00,32707000.00,533578000.00,34074000.00,42745000.00,51058000.00,515884000.00,18914000.00,38925000.00,54210000.00,558361000.00,68723000.00,44092000.00,12612000.00,539198000.00,72936000.00,93042000.00,81997000.00,591221000.00,114856000.00,110267000.00,87834000.00,583296000.00,82028000.00,84514000.00,73164000.00,386590000.00,67237000.00,62654000.00,53020000.00,426389000.00,47701000.00,48585000.00,52176000.00,339706000.00,764000.00,904000.00,548000.00,183695000.00,39583000.00,1577000.00,1893000.00,-1624109000.00,44750000.00,47500.00,201895000.00,0.00,0.00,0.00,0.00,-105686000.00,-312531000.00,-295610000.00,-297386000.00,-252918000.00,-239842000.00,-238853000.00,-229959000.00,-198919000.00,-178224000.00,-283955000.00,-160539000.00,-155317000.00,-144130000.00,-144708000.00,-113131000.00,,-119927000.00,-113497000.00,-108195000.00,-114329000.00,-110967000.00,-109895000.00,-109963000.00,-100600000.00,-92100000.00,-88400000.00,16000000.00,19500000.00,19400000.00,19400000.00,-62400000.00,-62000000.00,-54900000.00,-53600000.00,-48500000.00,,
costOfRevenue,,,,1693200.00,,,,1439475000.00,,,,1314107000.00,,,,1296483000.00,,,,1209864000.00,0.00,0.00,0.00,1231366000.00,0.00,0.00,0.00,1111190000.00,0.00,0.00,0.00,1139709000.00,0.00,0.00,0.00,1150918000.00,0.00,0.00,0.00,1139353000.00,0.00,0.00,0.00,1413036000.00,0.00,0.00,0.00,1277149000.00,0.00,0.00,0.00,1445564000.00,0.00,0.00,0.00,1319179000.00,0.00,0.00,0.00,1475407000.00,0.00,0.00,0.00,1854512000.00,0.00,0.00,0.00,1568337000.00,0.00,0.00,0.00,1263456000.00,0.00,0.00,0.00,1085163000.00,0.00,0.00,0.00,914529000.00,0.00,0.00,0.00,0.00,0.00,0.00,0.00,0.00,0.00,0.00,0.00,0.00,0.00,0.00,0.00,,,,,,,,,,,,,,,,,,,,,,,,,,,,,,,,,,,,,,
totalOtherIncomeExpenseNet,,,,71183726.00,,,,-344963000.00,,-97400668.00,,-252642000.00,,,,-220137000.00,,,,-249704000.00,0.00,0.00,0.00,-199778000.00,0.00,0.00,0.00,-190865000.00,0.00,0.00,0.00,-193135000.00,0.00,0.00,0.00,-139714000.00,0.00,0.00,0.00,-122941000.00,0.00,0.00,0.00,-43915000.00,0.00,0.00,0.00,-127877000.00,0.00,0.00,0.00,-105289000.00,0.00,0.00,0.00,-91770000.00,0.00,0.00,0.00,-334236000.00,0.00,0.00,0.00,-297201000.00,0.00,0.00,0.00,-219510000.00,0.00,0.00,0.00,2258650000.00,0.00,0.00,0.00,2032961000.00,0.00,0.00,0.00,1476379000.00,33575000.00,38991000.00,27796000.00,-139404000.00,0.00,42242000.00,42830000.00,0.00,0.00,-5400.00,-201896000.00,0.00,0.00,0.00,0.00,-2230000.00,-6519000.00,-4479000.00,-3501000.00,-1734000.00,-1698000.00,-2187000.00,-1967000.00,-963000.00,-713000.00,-619000.00,-673000.00,-604000.00,-605000.00,-472000.00,-7870000.00,,-238000.00,-231000.00,-408000.00,-226000.00,-2342000.00,-2205000.00,-2223000.00,-2300000.00,-2500000.00,-2400000.00,,,,,-1800000.00,-1700000.00,-1900000.00,-1600000.00,-1500000.00,,
discontinuedOperations,,,,,,,,,,,,,,,,,,,,0.00,0.00,0.00,0.00,0.00,0.00,0.00,0.00,0.00,0.00,0.00,0.00,0.00,0.00,0.00,0.00,0.00,0.00,0.00,0.00,0.00,0.00,0.00,0.00,0.00,0.00,0.00,0.00,0.00,0.00,0.00,0.00,0.00,0.00,0.00,0.00,0.00,0.00,0.00,0.00,0.00,0.00,0.00,0.00,0.00,0.00,0.00,0.00,0.00,0.00,0.00,0.00,0.00,0.00,0.00,0.00,0.00,0.00,0.00,0.00,0.00,0.00,0.00,0.00,0.00,0.00,0.00,0.00,0.00,0.00,0.00,0.00,0.00,0.00,0.00,0.00,,,,,,,,,,,,,,,,,,,,,,,,,,,,,,,,,,,,,,
netIncomeFromContinuingOps,56991000.00,60558000.00,67437000.00,63780000.00,56316000.00,68141000.00,85928000.00,125163000.00,88676000.00,90917000.00,81087000.00,93196000.00,66999000.00,56926000.00,62259000.00,80022000.00,59828000.00,52274000.00,46439000.00,59880000.00,65900000.00,58457000.00,58160000.00,78593000.00,43178000.00,41741000.00,43910000.00,70877000.00,50258000.00,39904000.00,55547000.00,51682000.00,42687000.00,48224000.00,45585000.00,57667000.00,44134000.00,42854000.00,36159000.00,57472000.00,29523000.00,40276000.00,38231000.00,26189000.00,-23142000.00,21339000.00,26699000.00,-199463000.00,27003000.00,35512000.00,43680000.00,0.00,12215000.00,31772000.00,0.00,0.00,0.00,0.00,0.00,0.00,0.00,0.00,0.00,0.00,0.00,0.00,0.00,0.00,0.00,0.00,0.00,0.00,0.00,0.00,0.00,0.00,0.00,0.00,0.00,0.00,0.00,0.00,0.00,0.00,0.00,0.00,0.00,0.00,0.00,0.00,0.00,0.00,0.00,0.00,0.00,,,,,,,,,,,,,,,,,,,,,,,,,,,,,,,,,,,,,,
netIncomeApplicableToCommonShares,56991000.00,60558000.00,67437000.00,63780000.00,56316000.00,68141000.00,85928000.00,125163000.00,88676000.00,90917000.00,81087000.00,93196000.00,66999000.00,56926000.00,62259000.00,80022000.00,59828000.00,52274000.00,46439000.00,59880000.00,65900000.00,58457000.00,58160000.00,78593000.00,43178000.00,41741000.00,43910000.00,70877000.00,50258000.00,39904000.00,55547000.00,51682000.00,42687000.00,48224000.00,45585000.00,57667000.00,44134000.00,42854000.00,36159000.00,57472000.00,29523000.00,40276000.00,38231000.00,26189000.00,-23142000.00,21339000.00,26699000.00,-199463000.00,27003000.00,35512000.00,43680000.00,42925000.00,12215000.00,31772000.00,47246000.00,59671000.00,62530000.00,38253000.00,6735000.00,24018000.00,64361000.00,83911000.00,72436000.00,92152000.00,104828000.00,100647000.00,78525000.00,109429000.00,74003000.00,76005000.00,65559000.00,84536000.00,60570000.00,56124000.00,46834000.00,64675000.00,41758000.00,42379000.00,46361000.00,10094000.00,272000.00,39895000.00,28344000.00,39161000.00,34339000.00,43819000.00,44723000.00,39043000.00,38990000.00,42094000.00,39164000.00,36868000.00,63777000.00,57399000.00,65926000.00,,,,,,,,,,,,,,,,,,,,,,,,,,,,,,,,,,,,,,
preferredStockAndOtherAdjustments,,,,,,,,,,,,,,,,,,,,,,,,,,,,,,,,,,,,,,,,,,,,,,,,,,,,,,,,,,,,,,,,,,,,,,,,,,,,,,,,,,,,,,,,,,,,,,,,,,,,,,,,,,,,,,,,,,,,,,,,,,,,,,,,,,,,,
