,2023-08-31,2023-05-31,2023-02-28,2022-11-30,2022-08-31,2022-05-31,2022-02-28,2021-11-30,2021-08-31,2021-05-31,2021-02-28,2020-11-30,2020-08-31,2020-05-31,2020-02-29,2019-11-30,2019-08-31,2019-05-31,2019-02-28,2018-11-30,2018-08-31,2018-05-31,2018-02-28,2017-11-30,2017-08-31,2017-05-31,2017-02-28,2016-11-30,2016-08-31,2016-05-31,2016-02-29,2015-11-30,2015-08-31,2015-05-31,2015-02-28,2014-11-30,2014-08-31,2014-05-31,2014-02-28,2013-11-30,2013-08-31,2013-05-31,2013-02-28,2012-11-30,2012-08-31,2012-05-31,2012-02-29,2011-11-30,2011-08-31,2011-05-31,2011-02-28,2010-11-30,2010-08-31,2010-05-31,2010-02-28,2009-11-30,2009-08-31,2009-05-31,2009-02-28,2008-11-30,2008-08-31,2008-05-31,2008-02-29,2007-11-30,2007-08-31,2007-05-31,2007-02-28,2006-11-30,2006-08-31,2006-05-31,2006-02-28,2005-11-30,2005-08-31,2005-05-31,2005-02-28,2004-11-30,2004-08-31,2004-05-31,2004-02-29,2003-11-30,2003-08-31,2003-05-31,2003-02-28,2002-11-30,2002-08-31,2002-05-31,2002-02-28,2001-11-30,2001-08-31,2001-05-31,2001-02-28,2000-08-31,2000-11-30,2000-05-31,2000-02-29
date,2023-08-31,2023-05-31,2023-02-28,2022-11-30,2022-08-31,2022-05-31,2022-02-28,2021-11-30,2021-08-31,2021-05-31,2021-02-28,2020-11-30,2020-08-31,2020-05-31,2020-02-29,2019-11-30,2019-08-31,2019-05-31,2019-02-28,2018-11-30,2018-08-31,2018-05-31,2018-02-28,2017-11-30,2017-08-31,2017-05-31,2017-02-28,2016-11-30,2016-08-31,2016-05-31,2016-02-29,2015-11-30,2015-08-31,2015-05-31,2015-02-28,2014-11-30,2014-08-31,2014-05-31,2014-02-28,2013-11-30,2013-08-31,2013-05-31,2013-02-28,2012-11-30,2012-08-31,2012-05-31,2012-02-29,2011-11-30,2011-08-31,2011-05-31,2011-02-28,2010-11-30,2010-08-31,2010-05-31,2010-02-28,2009-11-30,2009-08-31,2009-05-31,2009-02-28,2008-11-30,2008-08-31,2008-05-31,2008-02-29,2007-11-30,2007-08-31,2007-05-31,2007-02-28,2006-11-30,2006-08-31,2006-05-31,2006-02-28,2005-11-30,2005-08-31,2005-05-31,2005-02-28,2004-11-30,2004-08-31,2004-05-31,2004-02-29,2003-11-30,2003-08-31,2003-05-31,2003-02-28,2002-11-30,2002-08-31,2002-05-31,2002-02-28,2001-11-30,2001-08-31,2001-05-31,2001-02-28,2000-08-31,,,
filing_date,2023-10-12,2023-06-22,2023-03-23,2022-12-16,2022-10-12,2022-06-23,2022-03-17,2021-12-16,2021-10-15,2021-06-24,2021-03-18,2020-12-17,2020-10-22,2020-06-25,2020-03-19,2019-12-19,2019-10-29,2019-06-27,2019-03-28,2018-12-20,2018-10-24,2018-06-28,2018-03-22,2017-12-21,2017-10-26,2017-06-22,2017-03-23,2016-12-21,2016-10-28,2016-06-23,2016-03-24,2015-12-17,2015-10-30,2015-06-25,2015-03-26,2014-12-18,2014-10-24,2014-06-26,2014-03-27,2013-12-19,2013-10-29,2013-06-28,2013-03-28,2012-12-20,2012-10-30,2012-06-29,2012-03-23,2011-12-20,2011-10-21,2011-06-24,2011-03-25,2010-12-20,2010-10-26,2010-06-25,2010-03-26,2009-12-18,2009-10-19,2009-05-31,2009-02-28,2008-11-30,2008-08-31,2008-05-31,2008-02-29,2007-11-30,2007-08-31,2007-05-31,2007-02-28,2006-11-30,2006-08-31,2006-05-31,2006-02-28,2005-11-30,2005-08-31,2005-05-31,2005-02-28,2004-11-30,2004-08-31,2004-05-31,2004-02-29,2003-11-30,2003-08-31,2003-05-31,2003-02-28,2002-11-30,2002-08-31,2002-05-31,2002-02-28,2001-11-30,,,,,,,
currency_symbol,USD,USD,USD,USD,USD,USD,USD,USD,USD,USD,USD,USD,USD,USD,USD,USD,USD,USD,USD,USD,USD,USD,USD,USD,USD,USD,USD,USD,USD,USD,USD,USD,USD,USD,USD,USD,USD,USD,USD,USD,USD,USD,USD,USD,USD,USD,USD,USD,USD,USD,USD,USD,USD,USD,USD,USD,USD,USD,USD,USD,USD,USD,USD,USD,USD,USD,USD,USD,USD,USD,USD,USD,USD,USD,USD,USD,USD,USD,USD,USD,USD,USD,USD,USD,USD,USD,USD,USD,USD,USD,USD,USD,,,
totalAssets,51245305000.00,50128275000.00,47727289000.00,47115774000.00,47263390000.00,46095198000.00,44317837000.00,43674743000.00,43175843000.00,42124884000.00,39985401000.00,38268311000.00,37078593000.00,35057319000.00,33503430000.00,33170712000.00,29789880000.00,28156360000.00,27390208000.00,26706412000.00,24449083000.00,23250793000.00,23132979000.00,22974153000.00,22689890000.00,21135592000.00,20078773000.00,20443741000.00,20629201000.00,19191047000.00,18147778000.00,17993875000.00,18266058000.00,17308727000.00,16991565000.00,17630033000.00,17930452000.00,17002384000.00,16357209000.00,16515938000.00,16867049000.00,16523758000.00,16358730000.00,16408020000.00,16665415000.00,15535915000.00,15808096000.00,15290845000.00,15731510000.00,14903969000.00,13893673000.00,12868874000.00,12835253000.00,11917658000.00,11890088000.00,12184819000.00,12255734000.00,11827664000.00,10557359000.00,10932055000.00,12398525000.00,11917405000.00,10908314000.00,10747500000.00,10747162000.00,10049016000.00,9554359000.00,9214573000.00,9418080000.00,9011171000.00,8124652000.00,8123180000.00,8957352000.00,9080128000.00,9342839000.00,8912221000.00,7987679000.00,8671928000.00,7518997000.00,6703266000.00,6459240000.00,6367207000.00,5851495000.00,5648016000.00,5478948000.00,5434962000.00,5199070000.00,5422671000.00,6061356000.00,4929277000.00,5474293000.00,5451297000.00,,,
intangibleAssets,2072957000.00,1939083000.00,2005944000.00,1930808000.00,1930808000.00,1821295000.00,1844093000.00,1945448000.00,1710938000.00,1216809000.00,1208546000.00,1080985000.00,1029218000.00,1032006000.00,908121000.00,870261000.00,840779000.00,687110000.00,731883000.00,696928000.00,687110000.00,688239000.00,728825000.00,692179000.00,710382000.00,642752000.00,573063000.00,551292000.00,510151000.00,505404000.00,531815000.00,522722000.00,464907000.00,419750000.00,381336000.00,389041000.00,397880000.00,2354811000.00,2312145000.00,1931120000.00,326000000.00,1472955000.00,1439238000.00,1386630000.00,1215383000.00,1205678000.00,1232474000.00,1225298000.00,1131991000.00,983389000.00,966819000.00,895233000.00,841234000.00,805282000.00,813783000.00,838818000.00,825152000.00,803748000.00,771899000.00,786847000.00,839957000.00,816650000.00,781237000.00,690331000.00,643728000.00,,504543000.00,527350000.00,527648000.00,469480000.00,404273000.00,375894000.00,378488000.00,235308000.00,242926000.00,230109000.00,219693000.00,210852000.00,209877000.00,199657000.00,188659000.00,189031000.00,179036000.00,169328000.00,167603000.00,153422000.00,153422000.00,,,,,,,,
earningAssets,,,,,,,,,,,,,,,,,,,,,,,,,,,,,,,,,,,,,,,,,,,,,,,,,,,,,,,,,,,,,,,,,,,,,,,,,,,,,,,,,,,,,,,,,,,,,,,
otherCurrentAssets,2105138000.00,2257485000.00,2318814000.00,2158309000.00,1940290000.00,2080776000.00,2122107000.00,1857166000.00,1765831000.00,1657604000.00,1665232000.00,1401232000.00,1393225000.00,1354698000.00,1447245000.00,1214878000.00,1225364000.00,1235017000.00,1213889000.00,1150445000.00,1024639000.00,958067000.00,1175150000.00,1163493000.00,1082161000.00,1079163000.00,958745000.00,819829000.00,792204000.00,743396000.00,766136000.00,745271000.00,1490756000.00,627342000.00,1517611000.00,1446711000.00,1317201000.00,694339000.00,796371000.00,1529087000.00,1363194000.00,1288063000.00,673211000.00,1342815000.00,1464433000.00,1147692000.00,1208069000.00,1081078000.00,587224000.00,1189746000.00,1956612000.00,1104679000.00,490243000.00,1006835000.00,1062476000.00,2420577000.00,599501000.00,485251000.00,475552000.00,463178000.00,594832000.00,414822000.00,430269000.00,418092000.00,407998000.00,434796000.00,446830000.00,464492000.00,479501000.00,502194000.00,501630000.00,477037000.00,509818000.00,481509000.00,520146000.00,624692000.00,475426000.00,278875000.00,251189000.00,279700000.00,229323000.00,260501000.00,281815000.00,310508000.00,330347000.00,337475000.00,234952000.00,219234000.00,399440000.00,352907000.00,261072000.00,171537000.00,,,
totalLiab,24786712000.00,24066346000.00,23270011000.00,23449824000.00,24516302000.00,24083475000.00,23160858000.00,22736085000.00,23078729000.00,22230920000.00,21142974000.00,19842095000.00,19579420000.00,18573674000.00,17582624000.00,17569504000.00,14962189000.00,14013402000.00,13661663000.00,13650844000.00,13724495000.00,13098057000.00,12694553000.00,13080716000.00,12979690000.00,12258932000.00,11463624000.00,12409590000.00,12439825000.00,11484489000.00,10774262000.00,11588463000.00,11618487000.00,10842496000.00,10441922000.00,11613669000.00,11645115000.00,10857086000.00,10570522000.00,11099677000.00,11439220000.00,10713698000.00,10418859000.00,11414048000.00,12040987000.00,10947822000.00,10814951000.00,11071661000.00,11380638000.00,10727537000.00,9845902000.00,9557764000.00,9560530000.00,8456258000.00,8449185000.00,8870942000.00,8781950000.00,8220117000.00,7650299000.00,8326635000.00,9205850000.00,8729263000.00,8121215000.00,8098659000.00,7943644000.00,7455449000.00,6859135000.00,6760065000.00,6655947000.00,6808906000.00,6376175000.00,6344756000.00,6279479000.00,6225069000.00,6255731000.00,6047669000.00,5574910000.00,5491192000.00,5413750000.00,4818583000.00,4781446000.00,4828320000.00,4569612000.00,4391458000.00,4520926000.00,4365535000.00,4369711000.00,4543531000.00,5371242000.00,6185060000.00,3526022000.00,3082844000.00,,,
totalStockholderEquity,25692839000.00,25332431000.00,23762619000.00,22974611000.00,22106540000.00,21389094000.00,20560023000.00,20353199000.00,19528272000.00,19342845000.00,18308027000.00,17906501000.00,17001902000.00,16014606000.00,15474589000.00,15167138000.00,14408739000.00,13737324000.00,13337033000.00,12678856000.00,10364753000.00,9797325000.00,9682687000.00,9102130000.00,8949477000.00,8167356000.00,7964245000.00,7417093000.00,7555262000.00,7127325000.00,6811661000.00,5900425000.00,6133725000.00,5911214000.00,5990851000.00,5481501000.00,5732035000.00,5603631000.00,5272315000.00,4927831000.00,4960186000.00,5324867000.00,5452349000.00,4506633000.00,4145833000.00,4106004000.00,4468553000.00,3766360000.00,3878951000.00,3713803000.00,3592907000.00,2909396000.00,2835746000.00,2996630000.00,2959496000.00,2809267000.00,2886593000.00,2949421000.00,2385906000.00,2072207000.00,2540506000.00,2464314000.00,2090141000.00,1963415000.00,2063332000.00,1878062000.00,1924119000.00,1724025000.00,1894255000.00,1482645000.00,1161105000.00,1165465000.00,1696914000.00,1771136000.00,1887101000.00,1754693000.00,1471806000.00,1852355000.00,1164897000.00,1039989000.00,794208000.00,727091000.00,596215000.00,582560000.00,438626000.00,494878000.00,261717000.00,352752000.00,282188000.00,,1948271000.00,2368453000.00,,,
deferredLongTermLiab,,1090082000.00,1090602000.00,1083023000.00,1031299000.00,1098933000.00,1082111000.00,1021792000.00,731445000.00,977046000.00,714586000.00,869643000.00,870634000.00,846967000.00,796972000.00,729960000.00,698456000.00,720965000.00,746830000.00,737532000.00,743853000.00,768061000.00,782694000.00,809347000.00,800346000.00,757597000.00,794371000.00,783071000.00,865832000.00,924855000.00,852006000.00,652439000.00,638045000.00,697142000.00,691682000.00,732445000.00,743565000.00,675625000.00,674721000.00,704435000.00,692215000.00,651718000.00,682544000.00,648628000.00,659308000.00,596836000.00,601835000.00,615549000.00,625697000.00,616149000.00,604260000.00,577093000.00,565078000.00,547778000.00,572309000.00,615870000.00,,,,,,,,,,,,,,,,,,,,,,,,,,,,,,,,,,,,,,,
otherCurrentLiab,9815486000.00,8901389000.00,8054671000.00,8998543000.00,9769190000.00,8874520000.00,7910404000.00,8268392000.00,8449389000.00,8029014000.00,7426526000.00,7039073000.00,6912098000.00,6138444000.00,5312820000.00,5917287000.00,6220009000.00,5729071000.00,5406803000.00,5965618000.00,5959930000.00,5417365000.00,5066889000.00,6048168000.00,5626787000.00,5310012000.00,4678505000.00,5924064000.00,5250799000.00,4676581000.00,4139567000.00,5286373000.00,5127270000.00,4705711000.00,4211509000.00,5019386000.00,4745487000.00,4349802000.00,3913090000.00,4021391000.00,4393276000.00,3849402000.00,4164175000.00,4959455000.00,4930295000.00,4622301000.00,4269893000.00,4560073000.00,4733650000.00,4342880000.00,3656074000.00,3852726000.00,3909300000.00,3457318000.00,3328987000.00,3738583000.00,3708229000.00,3470018000.00,3192924000.00,3588982000.00,4013420000.00,3681538000.00,3332331000.00,3442898000.00,4168464000.00,4009524000.00,3491851000.00,3588189000.00,3424344000.00,3283357000.00,2921699000.00,2828878000.00,2739697000.00,2822495000.00,2852464000.00,3012696000.00,2876877000.00,2787070000.00,2558347000.00,2258569000.00,2054892000.00,2314014000.00,2234331000.00,2223605000.00,2269838000.00,2100602000.00,1928087000.00,2062568000.00,3101053000.00,3948429000.00,2485533000.00,2286824000.00,,,
commonStock,72000.00,72000.00,72000.00,72000.00,72000.00,72000.00,72000.00,72000.00,72000.00,72000.00,72000.00,72000.00,72000.00,72000.00,72000.00,72000.00,72000.00,72000.00,72000.00,72000.00,72000.00,72000.00,71000.00,71000.00,71000.00,72000.00,72000.00,72000.00,72000.00,76000.00,76000.00,76000.00,76000.00,76000.00,76000.00,76000.00,76000.00,76000.00,76000.00,75000.00,75000.00,75000.00,75000.00,75000.00,74000.00,74000.00,74000.00,74000.00,74000.00,73000.00,74000.00,74000.00,74000.00,75000.00,18000.00,17000.00,17000.00,17000.00,17000.00,18000.00,18000.00,18000.00,17000.00,18000.00,18000.00,18000.00,20000.00,19000.00,20000.00,19000.00,19000.00,19000.00,20000.00,21000.00,21000.00,21000.00,475262000.00,22000.00,21000.00,21000.00,21000.00,21000.00,22000.00,23000.00,23000.00,23000.00,21000.00,21000.00,21000.00,18000.00,,,,,
capitalStock,72000.00,72000.00,72000.00,72000.00,72000.00,72000.00,72000.00,72000.00,72000.00,72000.00,,,,,,,,,,,,,,,,,,,,,,,,,,,,,,,,,,,,,,,,,,,,,,,,,,,,,,,,,,,,,,,,,,,,,,,,,,,,,,,,,,,,,
retainedEarnings,19316224000.00,18692118000.00,17500001000.00,16981432000.00,18203842000.00,17177358000.00,16028399000.00,15110688000.00,13988748000.00,15004281000.00,14035805000.00,13276702000.00,12375533000.00,12565857000.00,11867507000.00,11236275000.00,10421538000.00,11709317000.00,11421964000.00,10384064000.00,7952413000.00,8296830000.00,8149090000.00,7339188000.00,7081855000.00,8844773000.00,8953190000.00,8113539000.00,7879960000.00,15090815000.00,14915912000.00,13582445000.00,13470008000.00,12741223000.00,12615316000.00,11928129000.00,11758131000.00,11064794000.00,10871320000.00,10200630000.00,10069844000.00,9404277000.00,9157797000.00,8060240000.00,7904242000.00,7330215000.00,7113037000.00,6467622000.00,6281517000.00,5674772000.00,5367504000.00,4860443000.00,4634329000.00,4180885000.00,4031834000.00,3744676000.00,3998501000.00,3958429000.00,3593007000.00,3179837000.00,3120515000.00,2982973000.00,2753206000.00,2386871000.00,2362703000.00,2192252000.00,1868566000.00,1576657000.00,1607391000.00,1274660000.00,932498000.00,882027000.00,962339000.00,743997000.00,448462000.00,242593000.00,46636000.00,-134077000.00,-344486000.00,-467575000.00,-641915000.00,-810975000.00,-943116000.00,-1061837000.00,-1190415000.00,-1228562000.00,-1343023000.00,-1353634000.00,,,1424486000.00,1964970000.00,,,
otherLiab,,,,,4383823000.00,4774848000.00,4805065000.00,4774174000.00,4619472000.00,4596223000.00,4320038000.00,4335930000.00,4195194000.00,3980511000.00,3739318000.00,3702510000.00,3884046000.00,3441560000.00,3422861000.00,3454613000.00,3553068000.00,3518503000.00,3174662000.00,3074067000.00,2996150000.00,3014899000.00,3032853000.00,3166340000.00,3405227000.00,3143673000.00,3052338000.00,2970503000.00,2947111000.00,2736104000.00,2742521000.00,3241896000.00,3261899000.00,3055980000.00,3110207000.00,3066221000.00,3077812000.00,2935986000.00,2898720000.00,3324115000.00,3826216000.00,3304466000.00,3215201000.00,3433780000.00,3401792000.00,3302087000.00,3144197000.00,3037385000.00,2923505000.00,2554998000.00,2564918000.00,2613773000.00,2558267000.00,2265611000.00,2155078000.00,2270120000.00,2324006000.00,2180690000.00,2046095000.00,2058555000.00,946705000.00,769424000.00,758563000.00,813270000.00,795520000.00,1055140000.00,1102183000.00,1385450000.00,1367353000.00,1140192000.00,1241670000.00,1257040000.00,1140996000.00,1206322000.00,1354702000.00,1350494000.00,1412823000.00,1292180000.00,1239689000.00,1172166000.00,1173762000.00,1324169000.00,1354548000.00,1155803000.00,1140363000.00,1185203000.00,208606000.00,,,,
goodWill,15573003000.00,14461094000.00,14190658000.00,13790686000.00,13133293000.00,12499443000.00,12427823000.00,12395904000.00,11125861000.00,9144313000.00,8752119000.00,8127411000.00,7709820000.00,7334594000.00,6698690000.00,6300004000.00,6205550000.00,6078816000.00,5782856000.00,5522687000.00,5383012000.00,5275293000.00,5286197000.00,5078504000.00,5002352000.00,4610996000.00,4224007000.00,4008760000.00,3609437000.00,3538147000.00,3501419000.00,3521828000.00,2929833000.00,2669172000.00,2437595000.00,2399308000.00,2395894000.00,2354811000.00,2312145000.00,1931120000.00,1818586000.00,1472955000.00,1439238000.00,1386630000.00,1215383000.00,1205678000.00,1232474000.00,1225298000.00,1131991000.00,983389000.00,966819000.00,895233000.00,841234000.00,805282000.00,813783000.00,838818000.00,825152000.00,803748000.00,771899000.00,786847000.00,839957000.00,816650000.00,781237000.00,690331000.00,643728000.00,528389000.00,504543000.00,527350000.00,527648000.00,469480000.00,404273000.00,375894000.00,378488000.00,235308000.00,242926000.00,230109000.00,214482000.00,210852000.00,209877000.00,199657000.00,188659000.00,189031000.00,179036000.00,169328000.00,167603000.00,153422000.00,153422000.00,,,,,,,,
otherAssets,7818448000.00,5827025000.00,5602183000.00,5598266000.00,7523579000.00,7412398000.00,7462304000.00,7520343000.00,7232321000.00,6840310000.00,6719864000.00,6608955000.00,6565589000.00,6637535000.00,6508095000.00,6444898000.00,6502250000.00,5495468000.00,6262202000.00,6168069000.00,4000960000.00,4201125000.00,9651836000.00,9511352000.00,9452003000.00,8888851000.00,8346338000.00,8146435000.00,7676240000.00,6731427000.00,6612575000.00,6566815000.00,5884780000.00,5486844000.00,5257840000.00,5313292000.00,5232566000.00,5081092000.00,4939368000.00,4445232000.00,4243196000.00,3645924000.00,3530885000.00,3595051000.00,3297990000.00,3325394000.00,3477545000.00,3552228000.00,3475096000.00,3015938000.00,2919608000.00,2725467000.00,2612059000.00,2448734000.00,2468909000.00,2570456000.00,2564076000.00,2485416000.00,2321768000.00,2366846000.00,2439233000.00,2484801000.00,2467775000.00,2333735000.00,1967915000.00,1261142000.00,1282553000.00,1295771000.00,1336567000.00,1348520000.00,1253247000.00,1580869000.00,1578375000.00,1344248000.00,1339347000.00,1342207000.00,1247344000.00,1149432000.00,1029765000.00,819874000.00,771574000.00,729963000.00,682918000.00,714743000.00,701356000.00,627837000.00,592818000.00,562007000.00,659401000.00,660496000.00,635334000.00,746504000.00,,,
cash,9045032000.00,8535446000.00,6238787000.00,5899703000.00,7889833000.00,6703568000.00,5466116000.00,5637117000.00,8168174000.00,10009380000.00,9166578000.00,8594003000.00,8415330000.00,6442261000.00,5436456000.00,5810537000.00,6126853000.00,4769158000.00,4464889000.00,4363790000.00,5061360000.00,3928845000.00,3595079000.00,3681711000.00,4126860000.00,3382208000.00,3238862000.00,4077058000.00,4905609000.00,3497878000.00,3034659000.00,3073193000.00,4360766000.00,4026189000.00,4061400000.00,4472347000.00,4921305000.00,4048859000.00,3680274000.00,4527198000.00,5631885000.00,5938085000.00,5636086000.00,5678892000.00,6640526000.00,5628659000.00,5568746000.00,5091906000.00,5701078000.00,5256684000.00,4677544000.00,4160452000.00,4838292000.00,4312111000.00,4114751000.00,4000063000.00,4541662000.00,4002459000.00,2978000000.00,2782961000.00,3602760000.00,3326423000.00,2584139000.00,2472373000.00,3314396000.00,3093634000.00,2959939000.00,2437530000.00,3066988000.00,2793716000.00,2034034000.00,1685997000.00,2483990000.00,2773031000.00,3060203000.00,2273522000.00,2552958000.00,3514647000.00,2853615000.00,2329651000.00,2332161000.00,1962194000.00,1684576000.00,1473643000.00,1316976000.00,1113496000.00,1131431000.00,1129517000.00,1880083000.00,,,,,,
cashAndEquivalents,9045032000.00,8535446000.00,6238787000.00,5899703000.00,7889833000.00,6703568000.00,5466116000.00,5637117000.00,8168174000.00,,,,,,,,,,,,,,,,,,,,,,,,,,,,,,,,,,,,,,,,,,,,,,,,,,,,,,,,,,,,,,,,,,,,,,,,,,,,,,,,,,,,,,
totalCurrentLiabilities,18009038000.00,17092528000.00,16349522000.00,16460246000.00,17523496000.00,16562592000.00,15540122000.00,15232007000.00,15708867000.00,14929559000.00,14090668000.00,12819099000.00,12662590000.00,11828281000.00,11177575000.00,11199408000.00,11061896000.00,10551987000.00,10219049000.00,10176335000.00,10151751000.00,9553596000.00,9367912000.00,9863026000.00,9824279000.00,9154325000.00,8352773000.00,9170082000.00,8899121000.00,8161133000.00,7573179000.00,8472398000.00,8532199000.00,7888442000.00,7493986000.00,8137403000.00,8158079000.00,7616168000.00,7288358000.00,7828743000.00,8160990000.00,7630622000.00,7365474000.00,7977359000.00,8109205000.00,7593067000.00,7537851000.00,7575125000.00,7906589000.00,7372666000.00,6617096000.00,6446851000.00,6567604000.00,5829054000.00,5809219000.00,6177169000.00,6151381000.00,5908436000.00,5460618000.00,6024243000.00,6847878000.00,6546083000.00,6034340000.00,6011177000.00,6962616000.00,6667486000.00,6075542000.00,5921966000.00,5816482000.00,5720975000.00,5239376000.00,4921561000.00,4862389000.00,5018589000.00,4954569000.00,4766705000.00,4412984000.00,4277920000.00,4045470000.00,3450613000.00,3351096000.00,3493624000.00,3299625000.00,3198521000.00,3327062000.00,3033973000.00,3007386000.00,3360797000.00,4178820000.00,4870071000.00,3219935000.00,2983979000.00,,,
currentDeferredRevenue,4907152000.00,5101692000.00,5112570000.00,4326633000.00,4478048000.00,4561147000.00,4663024000.00,4006078000.00,4229177000.00,4230907000.00,4181625000.00,3524781000.00,3636741000.00,3536521000.00,3594142000.00,2986524000.00,3188835000.00,3255784000.00,3335751000.00,2850452000.00,2837682000.00,2744402000.00,2930645000.00,2494949000.00,2669520000.00,2550233000.00,2458524000.00,2079897000.00,2364728000.00,2349050000.00,2328485000.00,2089356000.00,2251617000.00,2142085000.00,2297747000.00,2170743000.00,2348034000.00,2308594000.00,2438786000.00,2140981000.00,2230615000.00,2253450000.00,2318238000.00,2127658000.00,2275052000.00,2156711000.00,2370869000.00,2112177000.00,2219270000.00,2162514000.00,2114235000.00,1769439000.00,1772833000.00,1688069000.00,1796394000.00,1747083000.00,1725179000.00,1690867000.00,1550207000.00,1529917000.00,1810661000.00,1851931000.00,1732338000.00,1614886000.00,1785286000.00,1769310000.00,1726099000.00,1478007000.00,1511259000.00,1609103000.00,1535290000.00,1295793000.00,1284303000.00,1367340000.00,1321505000.00,982407000.00,980461000.00,903454000.00,935433000.00,659021000.00,676841000.00,689885000.00,647181000.00,538634000.00,543917000.00,475865000.00,508962000.00,719063000.00,,,,,,,
netDebt,-5895998000.00,-5439233000.00,-3030286000.00,-2599656000.00,-4564077000.00,-3214960000.00,-1912972000.00,-2159839000.00,-4661540000.00,-6561514000.00,-5692188000.00,-5165134000.00,-4929817000.00,-2930040000.00,-2026247000.00,-2428466000.00,-6104195000.00,-4745166000.00,-4440771000.00,-4339167000.00,-5036347000.00,-3900047000.00,-3566242000.00,-3656506000.00,-4101790000.00,-3354534000.00,-3211372000.00,-4049723000.00,-4878379000.00,-3469005000.00,-3006009000.00,-3045538000.00,-4333331000.00,-3998971000.00,-4034176000.00,-4445557000.00,-4894572000.00,-4022186000.00,-3653785000.00,-4501255000.00,-5606285000.00,-5938085000.00,-5636057000.00,-5678860000.00,-6640493000.00,-5623229000.00,-5562892000.00,-5085524000.00,-5696659000.00,-5252063000.00,-4672993000.00,-4160120000.00,-4836704000.00,-4311340000.00,-4114346000.00,-3997474000.00,-4540707000.00,-4000803000.00,-2976450000.00,-2780514000.00,-3594482000.00,-3319701000.00,-2575005000.00,-2463903000.00,-3288036000.00,-3065402000.00,-2930681000.00,-2405953000.00,-3015131000.00,-2743323000.00,-1981546000.00,-1632281000.00,-2408802000.00,-2701517000.00,-2977862000.00,-2233524000.00,-2519082000.00,-2928148000.00,-2802016000.00,-2279708000.00,-1696071000.00,-1893352000.00,-1625661000.00,-1411961000.00,-1250449000.00,-1013396000.00,-966509000.00,-906713000.00,,,,,,,
shortTermDebt,795227000.00,700973000.00,711385000.00,717293000.00,716773000.00,742573000.00,737473000.00,747374000.00,756244000.00,742728000.00,742122000.00,741803000.00,763877000.00,747339000.00,744478000.00,714485000.00,6411000.00,4137000.00,4365000.00,4727000.00,5337000.00,2840000.00,2914000.00,2979000.00,2907000.00,2942000.00,2944000.00,2773000.00,2773000.00,2072000.00,1784000.00,1848000.00,1848000.00,1000.00,191000.00,4000.00,330000.00,139000.00,167000.00,683638000.00,575248000.00,605112000.00,13000.00,13000.00,11000.00,5381000.00,4653000.00,4762000.00,4419000.00,4621000.00,422000.00,332000.00,143000.00,573000.00,206000.00,1734000.00,594000.00,983000.00,1021000.00,1249000.00,6570000.00,4232000.00,6443000.00,6404000.00,23795000.00,25006000.00,25009000.00,26468000.00,24792000.00,24804000.00,24450000.00,22514000.00,31072000.00,25876000.00,45605000.00,38490000.00,31715000.00,57407000.00,38021000.00,36214000.00,46162000.00,55602000.00,55091000.00,57467000.00,63099000.00,96185000.00,160659000.00,218442000.00,,,,,,,
shortLongTermDebt,104810000.00,10389000.00,10815000.00,9430000.00,9175000.00,8768000.00,9092000.00,9089000.00,12080000.00,9157000.00,9040000.00,8925000.00,7820000.00,8697000.00,6697000.00,3698000.00,6411000.00,4137000.00,4365000.00,4727000.00,5337000.00,2840000.00,2914000.00,2979000.00,2907000.00,2942000.00,2944000.00,27335000.00,2773000.00,2072000.00,,,1848000.00,,,,26733000.00,,,,26000000.00,,,,,,,,,,,,,,,,,,,,,,,,,,,,,,,,,,,,,,,,,,,,,,,,,,,,,,
shortLongTermDebtTotal,3149034000.00,3096213000.00,3208501000.00,3300047000.00,3325756000.00,3488608000.00,3553144000.00,3477278000.00,3506634000.00,3447866000.00,3474390000.00,3428869000.00,3485513000.00,3512221000.00,3410209000.00,3382071000.00,22658000.00,23992000.00,24118000.00,24623000.00,25013000.00,28798000.00,28837000.00,25205000.00,25070000.00,27674000.00,27490000.00,27335000.00,27230000.00,28873000.00,28650000.00,27655000.00,27435000.00,27218000.00,27224000.00,26790000.00,26733000.00,26673000.00,26489000.00,25943000.00,25600000.00,,29000.00,32000.00,33000.00,5430000.00,5854000.00,6382000.00,4419000.00,4621000.00,4551000.00,332000.00,1588000.00,771000.00,405000.00,2589000.00,955000.00,1656000.00,1550000.00,2447000.00,8278000.00,6722000.00,9134000.00,8470000.00,26360000.00,28232000.00,29258000.00,31577000.00,51857000.00,50393000.00,52488000.00,53716000.00,75188000.00,71514000.00,82341000.00,39998000.00,33876000.00,586499000.00,51599000.00,49943000.00,636090000.00,68842000.00,58915000.00,61682000.00,66527000.00,100100000.00,164922000.00,222804000.00,,,,,,,
otherStockholderEquity,8119644000.00,8541164000.00,8206816000.00,8048779000.00,6092968000.00,6165810000.00,6207037000.00,6949675000.00,6960131000.00,5599249000.00,5682588000.00,6108929000.00,6186768000.00,5442496000.00,5409267000.00,5710759000.00,5827975000.00,3494444000.00,3380010000.00,3771266000.00,3988439000.00,2844124000.00,2599792000.00,2896024000.00,2962335000.00,658034000.00,750334000.00,1158700000.00,1336950000.00,-6570960000.00,-6582694000.00,-6192623000.00,-5924387000.00,-5577817000.00,-5491651000.00,-5405995000.00,-5154224000.00,-4754827000.00,-4732580000.00,-4387160000.00,-4056987000.00,-3227333000.00,-3016930000.00,-2943284000.00,-3080335000.00,-2627731000.00,-2362434000.00,-2248853000.00,-2268260000.00,-1808230000.00,-1535190000.00,-1621871000.00,-1412365000.00,-905072000.00,-873653000.00,-823820000.00,-884747000.00,-838985000.00,-1698735000.00,-1598551000.00,-1405732000.00,-1451035000.00,-1499481000.00,-1153438000.00,-1033025000.00,-983020000.00,-495829000.00,-359007000.00,-168951000.00,-70628000.00,41308000.00,151879000.00,601331000.00,773378000.00,1141275000.00,1247819000.00,1063668000.00,1681609000.00,1136054000.00,1174667000.00,1129311000.00,1024429000.00,1028671000.00,875416000.00,3001112000.00,2993535000.00,2867930000.00,2928322000.00,,,,,,,
propertyPlantEquipment,4167486000.00,1534927000.00,1560691000.00,1634074000.00,4677675000.00,1665478000.00,1656792000.00,1654065000.00,4821624000.00,1538778000.00,4646536000.00,1506825000.00,1545568000.00,1445183000.00,1425432000.00,1386440000.00,1391166000.00,1341548000.00,1282765000.00,1243268000.00,1264020000.00,1228946000.00,1196195000.00,1158960000.00,1140598000.00,1041006000.00,968433000.00,928900000.00,956542000.00,883609000.00,856403000.00,804012000.00,801884000.00,752362000.00,725917000.00,740496000.00,793444000.00,786599000.00,783961000.00,779247000.00,779675000.00,798915000.00,810896000.00,799443000.00,779494000.00,752495000.00,775871000.00,745898000.00,785231000.00,740771000.00,694788000.00,673697000.00,659569000.00,625534000.00,646727000.00,685052000.00,701144000.00,717422000.00,708643000.00,734597000.00,800164000.00,819054000.00,840071000.00,834686000.00,808069000.00,748185000.00,714469000.00,715881000.00,727692000.00,739489000.00,723409000.00,694452000.00,693710000.00,669086000.00,657444000.00,656526000.00,643946000.00,608522000.00,606612000.00,631022000.00,650455000.00,664699000.00,665946000.00,658122000.00,716504000.00,732533000.00,747197000.00,787121000.00,822318000.00,793215000.00,758547000.00,705508000.00,,,
totalCurrentAssets,23381931000.00,23380073000.00,21060958000.00,20672460000.00,21610871000.00,21007740000.00,19185130000.00,18621652000.00,19666511000.00,21144858000.00,19560720000.00,18626094000.00,17749756000.00,16146236000.00,15405293000.00,15606104000.00,15450601000.00,14141660000.00,13833300000.00,13540408000.00,13585559000.00,12336872000.00,12284948000.00,12303841000.00,12097289000.00,11205735000.00,10764002000.00,11368406000.00,11923087000.00,11576011000.00,10678800000.00,10623048000.00,11579394000.00,11069521000.00,11007808000.00,11576245000.00,11904442000.00,11134693000.00,10633880000.00,11291459000.00,11844178000.00,12078919000.00,12016949000.00,12013526000.00,12587931000.00,11458026000.00,11554680000.00,10992719000.00,11471183000.00,11147260000.00,10279277000.00,9469710000.00,9563625000.00,8843390000.00,8774452000.00,8929311000.00,8990514000.00,8624826000.00,7526948000.00,7830612000.00,9159128000.00,8613550000.00,7600468000.00,7579079000.00,7971178000.00,8039689000.00,7557337000.00,7202921000.00,7353821000.00,6923162000.00,6147996000.00,5847859000.00,6685267000.00,7066794000.00,7346048000.00,6913488000.00,6096389000.00,6913974000.00,5882620000.00,5252370000.00,5037211000.00,4972545000.00,4502631000.00,4275151000.00,4061088000.00,4074592000.00,3859055000.00,4073543000.00,,,,,,,
longTermInvestments,197443000.00,176259000.00,325251000.00,324382000.00,317972000.00,331503000.00,336876000.00,325714000.00,329526000.00,327497000.00,306162000.00,298906000.00,324514000.00,270984000.00,284261000.00,278765000.00,240313000.00,235286000.00,229085000.00,231980000.00,215532000.00,208557000.00,218509000.00,227189000.00,211610000.00,199465000.00,190358000.00,239470000.00,198633000.00,132427000.00,61037000.00,44179000.00,45027000.00,43763000.00,50130000.00,60321000.00,66783000.00,70405000.00,43350000.00,43536000.00,43631000.00,55577000.00,45827000.00,27902000.00,28180000.00,28706000.00,39376000.00,38207000.00,40365000.00,41983000.00,37708000.00,40002000.00,41023000.00,39590000.00,30162000.00,31250000.00,,,,,,,,,,,,,,,,,,,,,,,,,,,,,,,,,,,,,,,
netTangibleAssets,,10871337000.00,9571961000.00,9183925000.00,8973247000.00,8889651000.00,8132200000.00,7957295000.00,8402411000.00,10198532000.00,9555908000.00,9779090000.00,9290716000.00,8680012000.00,8775899000.00,8867134000.00,8203458000.00,7658508000.00,7554177000.00,7156169000.00,4981741000.00,4522032000.00,4396490000.00,4023626000.00,3947125000.00,3556360000.00,3740238000.00,3408333000.00,3945825000.00,3589178000.00,3310242000.00,2378597000.00,3203892000.00,3242042000.00,3553256000.00,3082193000.00,3336141000.00,3248820000.00,2960170000.00,2996711000.00,3141600000.00,3851912000.00,4013111000.00,3120003000.00,2930450000.00,2900326000.00,3236079000.00,2541062000.00,2746960000.00,2730414000.00,2626088000.00,2014163000.00,1994512000.00,2191348000.00,2145713000.00,1970449000.00,,,,,,,,,,,,,,,,,,,,,,,,,,,,,,,,,,,,,,,
shortTermInvestments,4575000.00,4482000.00,4189000.00,4095000.00,3973000.00,4322000.00,6031000.00,6968000.00,4294000.00,4433000.00,3518000.00,83148000.00,94309000.00,3676000.00,3643000.00,3303000.00,3313000.00,3338000.00,3111000.00,3116000.00,3192000.00,3261000.00,3418000.00,682000.00,3011000.00,2639000.00,2502000.00,2511000.00,2875000.00,2869000.00,2820000.00,2728000.00,2448000.00,2383000.00,2619000.00,2459000.00,2602000.00,2687000.00,2706000.00,2594000.00,2525000.00,2486000.00,404000.00,2349000.00,2261000.00,2238000.00,3107000.00,4638000.00,4929000.00,4665000.00,5192000.00,3164000.00,2987000.00,8094000.00,7323000.00,5056000.00,7904000.00,9459000.00,13450000.00,13117000.00,20282000.00,28225000.00,73706000.00,149424000.00,231278000.00,284410000.00,182007000.00,298851000.00,352951000.00,192399000.00,312760000.00,280647000.00,463460000.00,422397000.00,406456000.00,591714000.00,285288000.00,325739000.00,125898000.00,,83280000.00,,,,79445000.00,,,,,,,,,,
netReceivables,12227186000.00,12582660000.00,12499168000.00,12610353000.00,11776775000.00,12219074000.00,11590876000.00,11120401000.00,9728212000.00,9473441000.00,8725392000.00,8547711000.00,7846892000.00,8345601000.00,8517949000.00,8577386000.00,8095071000.00,8134147000.00,8151411000.00,8023057000.00,7496368000.00,7446699000.00,7511301000.00,7457955000.00,6885257000.00,6741725000.00,6563893000.00,6469008000.00,6222399000.00,6440478000.00,6006554000.00,6025645000.00,5725424000.00,5548135000.00,5426178000.00,5654728000.00,5663334000.00,5570061000.00,5318684000.00,5232580000.00,4846574000.00,4850285000.00,4975902000.00,4989470000.00,4480711000.00,4679437000.00,4774758000.00,4815097000.00,4621792000.00,4696165000.00,3072103000.00,4201415000.00,3662425000.00,3516350000.00,3589902000.00,2503615000.00,3361785000.00,3744511000.00,3626058000.00,4144507000.00,4515395000.00,4458368000.00,4147364000.00,4198528000.00,3699334000.00,3957770000.00,3736406000.00,3807606000.00,3266661000.00,3330865000.00,3197981000.00,3286439000.00,3106613000.00,3325653000.00,3275685000.00,3314359000.00,2677081000.00,2638908000.00,2505467000.00,2490364000.00,2245407000.00,2401393000.00,2325883000.00,2290795000.00,2144344000.00,2363676000.00,2351821000.00,2551127000.00,,,,,,,
longTermDebt,43093000.00,43865000.00,45155000.00,45122000.00,45893000.00,51546000.00,52152000.00,55884000.00,53473000.00,61629000.00,59323000.00,59881000.00,54052000.00,60342000.00,13183000.00,15935000.00,16247000.00,19855000.00,19753000.00,19896000.00,19676000.00,25958000.00,25923000.00,22226000.00,22163000.00,24732000.00,24546000.00,24562000.00,24457000.00,26801000.00,26866000.00,25807000.00,25587000.00,27217000.00,27033000.00,26786000.00,26403000.00,26534000.00,26322000.00,25943000.00,25600000.00,0.00,16000.00,19000.00,22000.00,49000.00,1201000.00,1620000.00,0.00,0.00,4129000.00,0.00,1445000.00,198000.00,199000.00,855000.00,361000.00,673000.00,529000.00,1198000.00,1708000.00,2490000.00,2691000.00,2066000.00,2565000.00,3226000.00,4249000.00,5109000.00,27065000.00,25589000.00,28038000.00,31202000.00,44116000.00,45638000.00,36736000.00,1508000.00,2161000.00,3076000.00,13578000.00,13729000.00,13955000.00,13240000.00,3824000.00,4215000.00,3428000.00,3915000.00,4263000.00,4362000.00,1090000.00,31220000.00,97481000.00,98865000.00,,,
inventory,,,,,,,,,,,,,,,,,,,,0.00,0.00,0.00,0.00,0.00,0.00,0.00,0.00,0.00,0.00,891390000.00,868631000.00,776211000.00,0.00,865472000.00,0.00,0.00,0.00,818747000.00,835845000.00,0.00,0.00,0.00,731346000.00,0.00,0.00,0.00,0.00,0.00,556160000.00,0.00,567826000.00,0.00,569678000.00,0.00,0.00,0.00,479662000.00,383146000.00,433888000.00,426849000.00,425859000.00,385712000.00,364990000.00,340662000.00,318172000.00,269079000.00,232155000.00,194442000.00,187720000.00,103988000.00,101591000.00,117739000.00,121386000.00,64204000.00,83558000.00,109201000.00,105636000.00,155805000.00,146451000.00,152655000.00,230320000.00,348457000.00,210357000.00,200205000.00,269421000.00,259945000.00,140851000.00,173665000.00,,,,,,,
accountsPayable,2491173000.00,2388474000.00,2470896000.00,2417777000.00,2559485000.00,2384352000.00,2229221000.00,2210163000.00,2274057000.00,1926910000.00,1740395000.00,1513442000.00,1349874000.00,1405977000.00,1526135000.00,1581112000.00,1646641000.00,1562995000.00,1472130000.00,1355538000.00,1348802000.00,1388989000.00,1367464000.00,1316930000.00,1525065000.00,1291138000.00,1212800000.00,1163348000.00,1280821000.00,1133430000.00,1103343000.00,1094821000.00,1151464000.00,1040645000.00,984539000.00,947270000.00,1064228000.00,957633000.00,936315000.00,982733000.00,961851000.00,922658000.00,883048000.00,890233000.00,903847000.00,808674000.00,892436000.00,898113000.00,949250000.00,862651000.00,846365000.00,824354000.00,885328000.00,683094000.00,683632000.00,689769000.00,717379000.00,746568000.00,716466000.00,904095000.00,1017227000.00,1008382000.00,963228000.00,946989000.00,985071000.00,863646000.00,832583000.00,829302000.00,856087000.00,803711000.00,757937000.00,774376000.00,807317000.00,802878000.00,734995000.00,733112000.00,523931000.00,529989000.00,513669000.00,496809000.00,573201000.00,434123000.00,363022000.00,378815000.00,450208000.00,361321000.00,409678000.00,360724000.00,371794000.00,157740000.00,185888000.00,169648000.00,,,
totalPermanentEquity,,,,,,,,,,,,,,,,,,,,13055568000.00,10724588000.00,10152736000.00,10438426000.00,9893437000.00,9710200000.00,8876660000.00,8615149000.00,8034151000.00,8189376000.00,7706558000.00,0.00,0.00,0.00,0.00,0.00,0.00,0.00,0.00,0.00,0.00,0.00,0.00,0.00,0.00,0.00,0.00,4993145000.00,4219184000.00,4350872000.00,4176432000.00,4047771000.00,0.00,0.00,0.00,3440903000.00,3313877000.00,,,,,,,,,,,,,,,,,,,,,,,,,,,,,,,,,,,,,,,
noncontrollingInterestInConsolidatedEntity,,729498000.00,694659000.00,691339000.00,640991000.00,622629000.00,596956000.00,585459000.00,567660000.00,551119000.00,534400000.00,519715000.00,498637000.00,469039000.00,446217000.00,434070000.00,418683000.00,405634000.00,391512000.00,376712000.00,359835000.00,355411000.00,755739000.00,791307000.00,760723000.00,709304000.00,650904000.00,617058000.00,634114000.00,579233000.00,561855000.00,504987000.00,513846000.00,555017000.00,558792000.00,534863000.00,553302000.00,541667000.00,514372000.00,488430000.00,467643000.00,485193000.00,487522000.00,487339000.00,478595000.00,482089000.00,524592000.00,452824000.00,471921000.00,462629000.00,454864000.00,401714000.00,438977000.00,464770000.00,481407000.00,504610000.00,,,,,,,,,,,,,,,,,,,,,,,,,,,,,,,,,,,,,,,
temporaryEquityRedeemableNoncontrollingInterests,,,,,,,,,,,,,,,,,,,,0.00,0.00,0.00,0.00,0.00,0.00,0.00,0.00,0.00,0.00,0.00,0.00,0.00,0.00,0.00,0.00,0.00,0.00,0.00,0.00,0.00,0.00,0.00,0.00,0.00,0.00,0.00,4993145000.00,4219184000.00,4350872000.00,4176432000.00,4047771000.00,0.00,0.00,0.00,3440903000.00,3313877000.00,,,,,,,,,,,,,,,,,,,,,,,,,,,,,,,,,,,,,,,
accumulatedOtherComprehensiveIncome,-1743101000.00,-1900923000.00,-1944270000.00,-2055672000.00,-2190342000.00,-1954146000.00,-1675485000.00,-1707236000.00,-1419497000.00,-1260757000.00,-1410438000.00,-1479202000.00,-1561837000.00,-1993819000.00,-1802257000.00,-1779968000.00,-1840577000.00,-1466509000.00,-1465013000.00,-1476546000.00,-1576171000.00,-1343701000.00,-1066266000.00,-1133153000.00,-1094784000.00,-1335523000.00,-1739351000.00,-1855218000.00,-1661720000.00,-1392606000.00,-1521633000.00,-1489473000.00,-1411972000.00,-1252268000.00,-1132890000.00,-1040709000.00,-871948000.00,-706412000.00,-866501000.00,-885714000.00,-1052746000.00,-852152000.00,-688593000.00,-610398000.00,-678148000.00,-596554000.00,-282124000.00,-452483000.00,-134380000.00,-152812000.00,-239481000.00,-329250000.00,-386292000.00,-279258000.00,-198703000.00,-111606000.00,-227178000.00,-170040000.00,491617000.00,490903000.00,825705000.00,932358000.00,836399000.00,729964000.00,733636000.00,668812000.00,551362000.00,506356000.00,455795000.00,278594000.00,187280000.00,131540000.00,133224000.00,253740000.00,297343000.00,264260000.00,-113760000.00,304801000.00,373308000.00,332876000.00,306791000.00,513616000.00,510638000.00,768958000.00,767786000.00,725856000.00,869062000.00,894612000.00,,,,,,,
additionalPaidInCapital,,,,,,,,,,,,,,,,,,,,5176749000.00,4870764000.00,4934185000.00,4266838000.00,3755060000.00,3516399000.00,3682138000.00,3475589000.00,3154879000.00,2924729000.00,5537224000.00,0.00,0.00,0.00,0.00,0.00,0.00,0.00,0.00,0.00,0.00,0.00,0.00,0.00,0.00,0.00,0.00,4993145000.00,4219184000.00,4350872000.00,4176432000.00,4047771000.00,0.00,0.00,0.00,3440903000.00,3313877000.00,,,,,,,,,,,,,,,,,,,,,,,,,,,,,,,,,,,,,,,
commonStockTotalEquity,,72000.00,72000.00,72000.00,72000.00,72000.00,72000.00,72000.00,72000.00,72000.00,72000.00,72000.00,72000.00,72000.00,72000.00,72000.00,72000.00,72000.00,72000.00,72000.00,72000.00,72000.00,71000.00,71000.00,71000.00,72000.00,72000.00,72000.00,72000.00,76000.00,76000.00,76000.00,76000.00,76000.00,76000.00,76000.00,76000.00,76000.00,76000.00,75000.00,75000.00,75000.00,75000.00,75000.00,74000.00,74000.00,74000.00,74000.00,74000.00,74000.00,74000.00,74000.00,74000.00,75000.00,18000.00,17000.00,17000.00,17000.00,17000.00,18000.00,18000.00,18000.00,17000.00,18000.00,18000.00,18000.00,20000.00,19000.00,20000.00,19000.00,19000.00,19000.00,20000.00,21000.00,21000.00,21000.00,475262000.00,22000.00,21000.00,21000.00,21000.00,21000.00,22000.00,23000.00,23000.00,23000.00,21000.00,21000.00,,,,,,,
preferredStockTotalEquity,,,,,,,,,,,,,,,,,,,,57000.00,57000.00,57000.00,57000.00,57000.00,57000.00,57000.00,57000.00,57000.00,57000.00,58000.00,58000.00,58000.00,58000.00,58000.00,58000.00,58000.00,58000.00,58000.00,58000.00,58000.00,0.00,0.00,0.00,0.00,0.00,0.00,4993145000.00,4219184000.00,4350872000.00,4176432000.00,4047771000.00,0.00,0.00,0.00,3440903000.00,3313877000.00,,,,,,,,,,,,,,,,,,,,,,,,,,,,,,,,,,,,,,,
retainedEarningsTotalEquity,,18692118000.00,17500001000.00,16981432000.00,18203842000.00,17177358000.00,16028399000.00,15110688000.00,13988748000.00,15004281000.00,14035805000.00,13276702000.00,12375533000.00,12565857000.00,11867507000.00,11236275000.00,10421538000.00,11709317000.00,11421964000.00,10384064000.00,7952413000.00,8296830000.00,8149090000.00,7339188000.00,7081855000.00,8844773000.00,8953190000.00,8113539000.00,7879960000.00,15090815000.00,14915912000.00,13582445000.00,13470008000.00,12741223000.00,12615316000.00,11928129000.00,11758131000.00,11064794000.00,10871320000.00,10200630000.00,10069844000.00,9404277000.00,9157797000.00,8060240000.00,7904242000.00,7330215000.00,7113037000.00,6467622000.00,6281517000.00,5674772000.00,5367504000.00,4860443000.00,4634329000.00,4180885000.00,4031834000.00,3744676000.00,,,,,,,,,,,,,,,,,,,,,,,,,,,,,,,,,,,,,,,
treasuryStock,,-6127121000.00,-5593010000.00,-5169967000.00,-6678037000.00,-6122402000.00,-5297349000.00,-4079625000.00,-3408491000.00,-4639423000.00,-3913917000.00,-3163841000.00,-2565761000.00,-3085444000.00,-2571256000.00,-1977391000.00,-1388376000.00,-3761010000.00,-3357665000.00,-2748448000.00,-2116948000.00,-3201012000.00,-2552028000.00,-2046811000.00,-1649090000.00,-4109376000.00,-3600403000.00,-2990628000.00,-2591907000.00,-13218075000.00,-12790718000.00,-12048228000.00,-11472400000.00,-10897911000.00,-10462277000.00,-9983784000.00,-9423202000.00,-8850092000.00,-8490521000.00,-7914576000.00,-7326079000.00,-6310666000.00,-5767788000.00,-5345228000.00,-5285625000.00,-4674740000.00,-4109064000.00,-3740023000.00,-3577574000.00,-2994361000.00,-2518516000.00,-2564141000.00,-2524137000.00,-1876222000.00,-1736582000.00,-1672322000.00,-1755446000.00,-1817160000.00,-1745135000.00,-1778381000.00,-1405732000.00,-1451035000.00,-1499481000.00,-1204893000.00,-1033025000.00,-983020000.00,-773400.00,-814812000.00,-869957000.00,-909541000.00,-854591000.00,-911073000.00,-763682000.00,-746558000.00,-520997000.00,-419710000.00,-429207000.00,-469567000.00,-460257000.00,-431292000.00,-397076000.00,-387437000.00,-426706000.00,-572144000.00,-536596000.00,-295958000.00,-124113000.00,-20978000.00,,,,,,,
accumulatedAmortization,,,,,,,,,,,,,,,,,,,,,,,,,,,,,,,,,,,,,,,,,,,,,,,,,,,,,,,,,,,,,,,,,,,,,,,,,,,,,,,,,,,,,,,,,,,,,,,
nonCurrrentAssetsOther,7818448000.00,3726671000.00,3633405000.00,3667250000.00,3522379000.00,1578014000.00,1600090000.00,3483778000.00,3225191000.00,1398118000.00,1331540000.00,1349247000.00,2412443000.00,1363001000.00,1345192000.00,1273728000.00,2152786000.00,1449929000.00,2003223000.00,1251841000.00,1914153000.00,1242894000.00,2021522000.00,1277785000.00,2023140000.00,1331974000.00,1901300000.00,1267032000.00,1864190000.00,1325754000.00,1262904000.00,1196995000.00,1170994000.00,1122483000.00,1211568000.00,1218033000.00,1219904000.00,1559589000.00,1532391000.00,1428071000.00,1362412000.00,1161971000.00,1202080000.00,1315344000.00,1245662000.00,1259655000.00,1414330000.00,1487276000.00,1546661000.00,1352657000.00,1340668000.00,1232962000.00,1197611000.00,896669000.00,908596000.00,952810000.00,964685000.00,1003108000.00,901363000.00,934370000.00,985333000.00,1083142000.00,1082605000.00,1011877000.00,934329000.00,324357000.00,348906000.00,377172000.00,416708000.00,433366000.00,490092000.00,865098000.00,908854000.00,849048000.00,738642000.00,794820000.00,383696000.00,629640000.00,475736000.00,289636000.00,256629000.00,262819000.00,232529000.00,246352000.00,249784000.00,267950000.00,233465000.00,353285000.00,,,,,,,
deferredLongTermAssetCharges,,852188000.00,850522000.00,832653000.00,807940000.00,826042000.00,793800000.00,751939000.00,731445000.00,,,,4876314000.00,4242528000.00,4254782000.00,4300909000.00,5030956000.00,4222011000.00,4258979000.00,4219300000.00,2791931000.00,2998574000.00,2879518000.00,2976667000.00,2970772000.00,2860463000.00,2768027000.00,2805598000.00,2810531000.00,1955161000.00,1934535000.00,1943316000.00,1929501000.00,1231676000.00,1177211000.00,1246589000.00,1152105000.00,1096287000.00,1051482000.00,1042505000.00,1018567000.00,955421000.00,843740000.00,865175000.00,808765000.00,831355000.00,791365000.00,801447000.00,756079000.00,637909000.00,574413000.00,557270000.00,532191000.00,707193000.00,716368000.00,747578000.00,,,,,,,,,,,,,,,,,,,,,,,,,,,,,,,,,,,,,,,
nonCurrentAssetsTotal,27863374000.00,26748202000.00,26666331000.00,26443314000.00,25652519000.00,25087458000.00,25132707000.00,25053091000.00,23509332000.00,20980026000.00,20424681000.00,19642217000.00,19328837000.00,18911083000.00,18098137000.00,17564608000.00,14339279000.00,14014700000.00,13556908000.00,13166004000.00,10863524000.00,10913921000.00,10848031000.00,10670312000.00,10592601000.00,9929857000.00,9314771000.00,9075335000.00,8706114000.00,7615036000.00,7468978000.00,7370827000.00,6686664000.00,6239206000.00,5983757000.00,6053788000.00,6026010000.00,5867691000.00,5723329000.00,5224479000.00,5022871000.00,4444839000.00,4341781000.00,4394494000.00,4077484000.00,4077889000.00,4253416000.00,4298126000.00,4260327000.00,3756709000.00,3614396000.00,3399164000.00,3271628000.00,3074268000.00,3115636000.00,3255508000.00,3265220000.00,3202838000.00,3030411000.00,3101443000.00,3239397000.00,3303855000.00,3307846000.00,3168421000.00,2775984000.00,2009327000.00,1997022000.00,2011652000.00,2064259000.00,2088009000.00,1976656000.00,2275321000.00,2272085000.00,2013334000.00,1996791000.00,1998733000.00,1891290000.00,1757954000.00,1636377000.00,1450896000.00,1422029000.00,1394662000.00,1348864000.00,1372865000.00,1417860000.00,1360370000.00,1340015000.00,1349128000.00,,,,,,,
capitalLeaseObligations,3001131000.00,3041959000.00,3152531000.00,3245495000.00,3270688000.00,3428294000.00,3491900000.00,3412305000.00,3441081000.00,3377080000.00,3406027000.00,3360063000.00,3423641000.00,3443182000.00,3390329000.00,3362438000.00,,,,,,,,,,,,,,,,,,,,,,,,,,,,,,,,,,,,,,,,,,,,,,,,,,,,,,,,,,,,,,,,,,,,,,,,,,,,,,,
longTermDebtTotal,43093000.00,43865000.00,45155000.00,45122000.00,45893000.00,51546000.00,52152000.00,55884000.00,53473000.00,61629000.00,59323000.00,59881000.00,54052000.00,60342000.00,13183000.00,15935000.00,16247000.00,19855000.00,19753000.00,19896000.00,19676000.00,25958000.00,25923000.00,22226000.00,22163000.00,24732000.00,24546000.00,24562000.00,24457000.00,26801000.00,26866000.00,25807000.00,25587000.00,27217000.00,27033000.00,26786000.00,26403000.00,26534000.00,26322000.00,25943000.00,25600000.00,,16000.00,19000.00,22000.00,49000.00,1201000.00,1620000.00,,,4129000.00,,1445000.00,198000.00,199000.00,855000.00,,,,,,,,,,,,,,,,,,,,,,,,,,,,,,,,,,,,,,,
nonCurrentLiabilitiesOther,4423867000.00,5839871000.00,5784732000.00,5861433000.00,4383823000.00,6370404000.00,6486473000.00,6426402000.00,4619472000.00,6262686000.00,514221000.00,6093472000.00,3324560000.00,5838084000.00,5594894000.00,5624201000.00,3185590000.00,2720595000.00,2676031000.00,2717081000.00,2809215000.00,2750442000.00,2518024000.00,2386117000.00,2332902000.00,2322278000.00,2291934000.00,2431875000.00,2650415000.00,2371700000.00,2322211000.00,2437819000.00,2422656000.00,2229695000.00,2229221000.00,2717035000.00,2717068000.00,2538759000.00,2581121000.00,2540556000.00,2560415000.00,2431358000.00,2370825000.00,2788042000.00,3272452000.00,2757870000.00,2674064000.00,2879367000.00,2848352000.00,2738722000.00,2620417000.00,2533820000.00,2426403000.00,2079228000.00,2067458000.00,2077048000.00,,,,,,,,,,,,,,,,,,,,,,,,,,,,,,,,,,,,,,,
nonCurrentLiabilitiesTotal,6777674000.00,6973818000.00,6920489000.00,6989578000.00,6992806000.00,7520883000.00,7620736000.00,7504078000.00,7369862000.00,7301361000.00,7052306000.00,7022996000.00,6916830000.00,6745393000.00,6405049000.00,6370096000.00,3900293000.00,3461415000.00,3442614000.00,3474509000.00,3572744000.00,3544461000.00,3326641000.00,3217690000.00,3155411000.00,3104607000.00,3110851000.00,3239508000.00,3540704000.00,3323356000.00,3201083000.00,3116065000.00,3086288000.00,2954054000.00,2947936000.00,3476266000.00,3487036000.00,3240918000.00,3282164000.00,3270934000.00,3278230000.00,3083076000.00,3053385000.00,3436689000.00,3931782000.00,3354755000.00,3277100000.00,3496536000.00,3474049000.00,3354871000.00,3228806000.00,3110913000.00,2992926000.00,2627204000.00,2639966000.00,2693773000.00,2630569000.00,2311681000.00,2189681000.00,2302392000.00,2357972000.00,2183180000.00,2086875000.00,2087482000.00,981028000.00,787963000.00,783593000.00,838099000.00,839465000.00,1087931000.00,1136799000.00,1423195000.00,1417090000.00,1206480000.00,1301162000.00,1280964000.00,1161926000.00,1213272000.00,1368280000.00,1367970000.00,1430350000.00,1334696000.00,1269987000.00,1192937000.00,1193864000.00,1331562000.00,1362325000.00,1182734000.00,,,,,,,
negativeGoodwill,,,,,,,,,,,,,,,,,,,,,,,,,,,,,,,,,,,,,,,,,,,,,,,,,,,,,,,,,,,,,,,,,,,,,,,,,,,,,,,,,,,,,,,,,,,,,,,
warrants,,,,,,,,,,,,,,,,,,,,,,,,,,,,,,,,,,,,,,,,,,,,,,,,,,,,,,,,,,,,,,,,,,,,,,,,,,,,,,,,,,,,,,,,,,,,,,,
preferredStockRedeemable,,,,,,,,,,,,,,,,,,,,,,,,,,,,,,,,,,,,,,,,,,,,,,,,,,,,,,,,,,,,,,,,,,,,,,,,,,,,,,,,,,,,,,,,,,,,,,,
capitalSurpluse,12778782000.00,12637709000.00,12163671000.00,11051309000.00,10679180000.00,10534282000.00,10065790000.00,9097934000.00,8617838000.00,8756315000.00,8389344000.00,7551089000.00,7167227000.00,7190179000.00,6884963000.00,6162252000.00,5804448000.00,6059471000.00,5783062000.00,5176749000.00,4870764000.00,4934185000.00,4266838000.00,3755060000.00,3516399000.00,3682138000.00,3475589000.00,3154879000.00,2924729000.00,5537224000.00,5329852000.00,4856564000.00,4516810000.00,4206267000.00,4056087000.00,3634247000.00,3347392000.00,3108770000.00,2966125000.00,2653235000.00,2393936000.00,2153906000.00,2025018000.00,1559099000.00,1341576000.00,1172873000.00,1032438000.00,722931000.00,525037000.00,395038000.00,319090000.00,254213000.00,137883000.00,,,,,,,,,,,,,,,,,,,,,,,,,,,,,,,,,,,,,,,,,,
liabilitiesAndStockholdersEquity,51245305000.00,50128275000.00,47727289000.00,47115774000.00,47263390000.00,46095198000.00,44317837000.00,43674743000.00,43175843000.00,42124884000.00,39985401000.00,38268311000.00,37078593000.00,35057319000.00,33503430000.00,33170712000.00,29789880000.00,28156360000.00,27390208000.00,26706412000.00,24449083000.00,23250793000.00,23132979000.00,22974153000.00,22689890000.00,21135592000.00,20078773000.00,20443741000.00,20629201000.00,19191047000.00,18147778000.00,17993875000.00,18266058000.00,17308727000.00,16991565000.00,17630033000.00,17930452000.00,17002384000.00,16357209000.00,16515938000.00,16867049000.00,16523758000.00,16358730000.00,16408020000.00,16665415000.00,15535915000.00,15808096000.00,15290845000.00,15731510000.00,14903969000.00,13893673000.00,12868874000.00,12835253000.00,11917658000.00,11890088000.00,12184819000.00,12255734000.00,11827664000.00,10557359000.00,10932055000.00,12398525000.00,11917405000.00,10908314000.00,10747500000.00,10747162000.00,10049016000.00,9554359000.00,9214573000.00,9418080000.00,9011171000.00,8124652000.00,8123180000.00,8957352000.00,9080128000.00,9342839000.00,8912221000.00,7987679000.00,8671928000.00,7518997000.00,6703266000.00,6459240000.00,6367207000.00,5851495000.00,5648016000.00,5478948000.00,5434962000.00,5199070000.00,5422671000.00,,,,,,,
cashAndShortTermInvestments,9049607000.00,8539928000.00,6242976000.00,5903798000.00,7893806000.00,6707890000.00,5472147000.00,5644085000.00,8172468000.00,10013813000.00,9170096000.00,8677151000.00,8509639000.00,6445937000.00,5440099000.00,5813840000.00,6130166000.00,4772496000.00,4468000000.00,4366906000.00,5064552000.00,3932106000.00,3598497000.00,3682393000.00,4129871000.00,3384847000.00,3241364000.00,4079569000.00,4908484000.00,3500747000.00,3037479000.00,3075921000.00,4363214000.00,4028572000.00,4064019000.00,4474806000.00,4923907000.00,4051546000.00,3682980000.00,4529792000.00,5634410000.00,5940571000.00,5636490000.00,5681241000.00,6642787000.00,5630897000.00,5571853000.00,5096544000.00,5706007000.00,5261349000.00,4682736000.00,4163616000.00,4841279000.00,4320205000.00,4122074000.00,4005119000.00,4549566000.00,4011918000.00,2991450000.00,2796078000.00,3623042000.00,3354648000.00,2657845000.00,2621797000.00,3545674000.00,3378044000.00,3141946000.00,2736381000.00,3419939000.00,2986115000.00,2346794000.00,1966644000.00,2947450000.00,3195428000.00,3466659000.00,2865236000.00,2838246000.00,3840386000.00,2979513000.00,2329651000.00,2332161000.00,1962194000.00,1684576000.00,1473643000.00,1316976000.00,1113496000.00,1131431000.00,1129517000.00,,,,,,,
propertyPlantAndEquipmentGross,,,,,,,,,4821624000.00,1538778000.00,4646536000.00,4606945000.00,4728914000.00,4667970000.00,4607091000.00,4540941000.00,1391166000.00,1341548000.00,1282765000.00,1243268000.00,1264020000.00,1228946000.00,1196195000.00,1158960000.00,1140598000.00,1041006000.00,968433000.00,928900000.00,956542000.00,883609000.00,856403000.00,804012000.00,801884000.00,752362000.00,725917000.00,740496000.00,793444000.00,786599000.00,783961000.00,779247000.00,779675000.00,798915000.00,810896000.00,799443000.00,779494000.00,752495000.00,775871000.00,745898000.00,785231000.00,740771000.00,694788000.00,673697000.00,659569000.00,625534000.00,646727000.00,685052000.00,701144000.00,717422000.00,708643000.00,734597000.00,800164000.00,819054000.00,840071000.00,834686000.00,808069000.00,748185000.00,714469000.00,715881000.00,727692000.00,739489000.00,723409000.00,694452000.00,693710000.00,669086000.00,657444000.00,656526000.00,643946000.00,608522000.00,606612000.00,631022000.00,650455000.00,664699000.00,665946000.00,658122000.00,716504000.00,732533000.00,747197000.00,787121000.00,,,,,,,
propertyPlantAndEquipmentNet,4167486000.00,4278309000.00,4466872000.00,4631236000.00,4677675000.00,4844114000.00,4905704000.00,4811130000.00,4821624000.00,4667906000.00,4646536000.00,4606945000.00,4728914000.00,4667970000.00,4607091000.00,4540941000.00,1391166000.00,1341548000.00,1282765000.00,1243268000.00,1264020000.00,1228946000.00,1196195000.00,1158960000.00,1140598000.00,1041006000.00,968433000.00,928900000.00,956542000.00,883609000.00,856403000.00,804012000.00,801884000.00,752362000.00,725917000.00,740496000.00,793444000.00,786599000.00,783961000.00,779247000.00,779675000.00,798915000.00,810896000.00,799443000.00,779494000.00,752495000.00,775871000.00,745898000.00,785231000.00,740771000.00,694788000.00,673697000.00,659569000.00,625534000.00,646727000.00,685052000.00,701144000.00,717422000.00,708643000.00,734597000.00,800164000.00,819054000.00,840071000.00,834686000.00,808069000.00,748185000.00,714469000.00,715881000.00,727692000.00,739489000.00,723409000.00,694452000.00,693710000.00,669086000.00,657444000.00,656526000.00,643946000.00,608522000.00,606612000.00,631022000.00,650455000.00,664699000.00,665946000.00,658122000.00,716504000.00,732533000.00,747197000.00,787121000.00,,,,,,,
accumulatedDepreciation,,,,,,,,,,,,,,,,,,,,,,,,,,,,,,,,,,,,,,,,,,,,,,,,,,,,,,,,,,,,,,,,,,,,,,,,,,,,,,,,,,,,,,,,,,,,,,,
netWorkingCapital,5372893000.00,6287545000.00,4711436000.00,4212214000.00,4087375000.00,4445148000.00,3645008000.00,3389645000.00,3957644000.00,6215299000.00,5470052000.00,5806995000.00,5087166000.00,4317955000.00,4227718000.00,,,,,,,,,,,,,,,,,,,,,,,,,,,,,,,,,,,,,,,,,,,,,,,,,,,,,,,,,,,,,,,,,,,,,,,,,,,,,,,,
netInvestedCapital,25840742000.00,25386685000.00,23818589000.00,23029163000.00,22161608000.00,21449408000.00,20621267000.00,20418172000.00,19593825000.00,19413631000.00,18376390000.00,17975307000.00,17062408000.00,16083645000.00,15494469000.00,,,,,,,,,,,,,,,,,,,,,,,,,,,,,,,,,,,,,,,,,,,,,,,,,,,,,,,,,,,,,,,,,,,,,,,,,,,,,,,,
commonStockSharesOutstanding,639249070.00,638743434.00,637735390.00,638766821.00,640914760.00,641004741.00,644127093.00,644922661.00,645287973.00,645454021.00,646321916.00,646879735.00,647867307.00,645607914.00,648833880.00,649389444.00,650523417.00,649297717.00,649170699.00,652151450.00,653960751.00,654600026.00,656118796.00,656671417.00,658384196.00,658770425.00,661079375.00,663752830.00,665365231.00,666403323.00,668125087.00,671300744.00,675749438.00,677825768.00,679165137.00,682333149.00,688345020.00,691038145.00,693846206.00,697974850.00,706256084.00,714984161.00,715464436.00,716368102.00,717827179.00,728876260.00,729036633.00,730114347.00,730114347.00,745503329.00,743505338.00,742961409.00,742961409.00,766597090.00,768453497.00,773696423.00,773696423.00,784047232.00,787147545.00,797586038.00,796948530.00,817311345.00,827974896.00,839271348.00,839271348.00,859179215.00,867330893.00,875778847.00,875332780.00,886889939.00,892439424.00,913640289.00,913640289.00,952292398.00,979750161.00,980298997.00,980298997.00,1000536090.00,998003396.00,1019952588.00,1019952588.00,985618380.00,997771990.00,1000572365.00,1000572365.00,1027990942.00,1035794758.00,1014448500.00,1008163290.00,,,,,,
investments,-1367090000.00,4991000.00,-478297000.00,-782074000.00,-1408592000.00,-666954000.00,3474000.00,87000.00,-2851316000.00,-572688000.00,-439355000.00,-446407000.00,230393000.00,-884995000.00,-597289000.00,-165893000.00,27951000.00,-655165000.00,-451675000.00,-3108000.00,20197000.00,-45348000.00,-45348000.00,-45348000.00,-24035000.00,-60983000.00,35914000.00,,814538000.00,,,,-64226000.00,10553000.00,,,-64226000.00,,,,,,,,,4973000.00,-40000.00,62000.00,1000.00,-207000.00,-1000.00,-34000.00,3518000.00,-1337000.00,-2948000.00,2500000.00,,,,,,,,,,,,,,,,,,,,,,,,,,,,,,,,,,,,,,,
changeToLiabilities,,602820000.00,-474035000.00,-1414730000.00,1304541000.00,1212689000.00,284873000.00,-480025000.00,381099000.00,188393000.00,813671000.00,36773000.00,512800000.00,358053000.00,-316706000.00,-640340000.00,694502000.00,476067000.00,-191404000.00,15530000.00,793868000.00,736379000.00,-657943000.00,155406000.00,341809000.00,448369000.00,-1074284000.00,328929000.00,740478000.00,531358000.00,-806272000.00,135253000.00,954139000.00,391553000.00,-713907000.00,384945000.00,727707000.00,312823000.00,-565260000.00,-422106000.00,405504000.00,416285000.00,-639420000.00,-740061000.00,515505000.00,517433000.00,-259817000.00,50641000.00,582279000.00,647601000.00,13999000.00,-117631000.00,592642000.00,332396000.00,2775000.00,-272742000.00,,,,,488978000.00,,,,473671000.00,185785000.00,,,510806000.00,97579000.00,,,175203000.00,181715000.00,78002000.00,15258000.00,595482000.00,356969000.00,129993000.00,,,,,,209664000.00,126293000.00,105732000.00,30250000.00,400443000.00,131910000.00,139530000.00,115248000.00,,,
totalCashflowsFromInvestingActivities,-2622470000.00,4991000.00,-478297000.00,-782074000.00,-1408592000.00,-666954000.00,-272502000.00,-1912581000.00,-2851316000.00,-572688000.00,-439355000.00,-446407000.00,-246342000.00,-884995000.00,-597289000.00,-165893000.00,-375868000.00,-655165000.00,-451675000.00,-272868000.00,-374968000.00,-270001000.00,-345676000.00,-258959000.00,-652394000.00,-547697000.00,-344166000.00,-689622000.00,-62472000.00,-177245000.00,335859000.00,-706492000.00,-494489000.00,-424948000.00,-161734000.00,-89213000.00,-164873000.00,-148327000.00,-547659000.00,-195552000.00,-532586000.00,-151229000.00,-176663000.00,-295737000.00,-112615000.00,-95568000.00,-87291000.00,-239911000.00,-321130000.00,-111832000.00,-135585000.00,-134840000.00,-109920000.00,-86631000.00,-47854000.00,-29360000.00,,,,,,,,,,,65562000.00,,,69829000.00,46754000.00,156940000.00,,,,,,,,,,,,24929000.00,,,,,,,31033000.00,107330000.00,,,
netBorrowings,,44000.00,1203000.00,-1611000.00,-4923000.00,-2653000.00,-5429000.00,-3448000.00,-6512000.00,-562000.00,-642000.00,-82000.00,-6512000.00,159000.00,204000.00,-570000.00,-3789000.00,-111000.00,-503000.00,-369000.00,-3739000.00,-720000.00,129000.00,135000.00,-2635000.00,154000.00,223000.00,138000.00,-1645000.00,208000.00,159000.00,219000.00,217000.00,216000.00,212000.00,56000.00,-191000.00,183000.00,208000.00,343000.00,19000.00,41000.00,-3000.00,-3000.00,-5266000.00,-73000.00,-891000.00,-38000.00,-213000.00,-135000.00,75000.00,-1335000.00,844000.00,392000.00,-2152000.00,1603000.00,,,,,,,,,,,,,,,,,,,,,,,,,,,,,,,,,,,,,,,
totalCashFromFinancingActivities,-1480301000.00,-972824000.00,-1515341000.00,-1676860000.00,-1101412000.00,-1103439000.00,-2036715000.00,-1069460000.00,-1367785000.00,-1012368000.00,-1546733000.00,-999451000.00,-1013542000.00,-798050000.00,-1289276000.00,-948224000.00,-351018000.00,-1122062000.00,-831923000.00,-1462168000.00,-531613000.00,-1295188000.00,-703204000.00,-1179020000.00,-592564000.00,-1123576000.00,-681320000.00,-1162775000.00,-588138000.00,-971391000.00,-673371000.00,-1164033000.00,-608359000.00,-1002658000.00,-464402000.00,-1126877000.00,-584841000.00,-865980000.00,-576079000.00,-1138516000.00,-1023636000.00,-998907000.00,-465424000.00,-577662000.00,-642984000.00,-949972000.00,-378282000.00,-587617000.00,-614535000.00,-756470000.00,-46892000.00,-703607000.00,-706406000.00,-548031000.00,-342876000.00,-831713000.00,-463403000.00,-159031000.00,-299949000.00,-927920000.00,-524355000.00,-333643000.00,-512173000.00,-791346000.00,-348449000.00,-686004000.00,-278763000.00,-814490000.00,-225177000.00,-191836000.00,-239314000.00,-1278140000.00,-532490000.00,-720369000.00,-193501000.00,68902000.00,-1279503000.00,728751000.00,-34642000.00,-102291000.00,-35293000.00,-176432000.00,-213704000.00,-66200000.00,-245711000.00,-243812000.00,-428828000.00,-496404000.00,,,,,,,
changeToOperatingActivities,,,,,1202586000.00,802185000.00,-906052000.00,-680273000.00,237028000.00,340974000.00,-343114000.00,-13250000.00,504638000.00,634259000.00,-1081261000.00,-579034000.00,689749000.00,390308000.00,-756020000.00,-91496000.00,387115000.00,660425000.00,-1056243000.00,333496000.00,-521224000.00,-114422000.00,-318384000.00,481641000.00,-179168000.00,19648000.00,,,150403000.00,,,,-565541000.00,,,,-231000000.00,,,,,,,,,,,,,,,,,,,,,,,,,,,,,,,,,,,,,,,,,,,,,,,,,,,,,,
changeInCash,509586000.00,2296659000.00,339084000.00,-1990130000.00,1186265000.00,1237452000.00,-171001000.00,-2531057000.00,-1841206000.00,842802000.00,572575000.00,178673000.00,1973069000.00,1005805000.00,-374081000.00,-316316000.00,1357695000.00,304269000.00,101099000.00,-697570000.00,1132515000.00,333766000.00,-86632000.00,-445149000.00,744652000.00,143346000.00,-838196000.00,-828551000.00,1407731000.00,463219000.00,-38534000.00,-1287573000.00,334577000.00,-35211000.00,-410947000.00,-448958000.00,872446000.00,368585000.00,-846924000.00,-1104687000.00,-306200000.00,301999000.00,-42806000.00,-961634000.00,1011867000.00,59913000.00,476840000.00,-609172000.00,444394000.00,579140000.00,517092000.00,-677840000.00,526181000.00,197360000.00,114688000.00,-541599000.00,539203000.00,1024459000.00,195039000.00,-819799000.00,276337000.00,742284000.00,111766000.00,-842023000.00,220762000.00,133695000.00,522409000.00,-629458000.00,273272000.00,759682000.00,348037000.00,-797993000.00,-289041000.00,-287172000.00,786681000.00,-279436000.00,-961689000.00,661032000.00,523964000.00,-2510000.00,369967000.00,277618000.00,210933000.00,156667000.00,203480000.00,-17935000.00,1914000.00,-750566000.00,,,,,,,
beginPeriodCashFlow,8535446000.00,6238787000.00,5899703000.00,7889833000.00,6703568000.00,5466116000.00,5637117000.00,8168174000.00,10009380000.00,9166578000.00,8594003000.00,8415330000.00,6442261000.00,5436456000.00,5810537000.00,6126853000.00,4769158000.00,4464889000.00,4363790000.00,5061360000.00,3928845000.00,3595079000.00,3681711000.00,4126860000.00,3382208000.00,3238862000.00,4077058000.00,4905609000.00,3497878000.00,3034659000.00,3073193000.00,4360766000.00,4026189000.00,4061400000.00,4472347000.00,4921305000.00,4048859000.00,3680274000.00,4527198000.00,5631885000.00,5938085000.00,5636086000.00,5678892000.00,6640526000.00,5628659000.00,5568746000.00,5091906000.00,5701078000.00,5256684000.00,4677544000.00,4160452000.00,4838292000.00,4312111000.00,4114751000.00,4000063000.00,4541662000.00,4002459000.00,2978000000.00,2782961000.00,3602760000.00,3326423000.00,2584139000.00,2472373000.00,3314396000.00,3093634000.00,2959939000.00,2437530000.00,3066988000.00,2793716000.00,2034034000.00,1685997000.00,2483990000.00,2773031000.00,3060203000.00,2273522000.00,2552958000.00,3514647000.00,2853615000.00,2329651000.00,2332161000.00,1962194000.00,1684576000.00,1473643000.00,1316976000.00,1113496000.00,1131431000.00,1129517000.00,1880083000.00,,,,,,,
endPeriodCashFlow,9045032000.00,8535446000.00,6238787000.00,5899703000.00,7889833000.00,6703568000.00,5466116000.00,5637117000.00,8168174000.00,10009380000.00,9166578000.00,8594003000.00,8415330000.00,6442261000.00,5436456000.00,5810537000.00,6126853000.00,4769158000.00,4464889000.00,4363790000.00,5061360000.00,3928845000.00,3595079000.00,3681711000.00,4126860000.00,3382208000.00,3238862000.00,4077058000.00,4905609000.00,3497878000.00,3034659000.00,3073193000.00,4360766000.00,4026189000.00,4061400000.00,4472347000.00,4921305000.00,4048859000.00,3680274000.00,4527198000.00,5631885000.00,5938085000.00,5636086000.00,5678892000.00,6640526000.00,5628659000.00,5568746000.00,5091906000.00,5701078000.00,5256684000.00,4677544000.00,4160452000.00,4838292000.00,4312111000.00,4114751000.00,4000063000.00,4541662000.00,4002459000.00,2978000000.00,2782961000.00,3602760000.00,3326423000.00,2584139000.00,2472373000.00,3314396000.00,3093634000.00,2959939000.00,2437530000.00,3066988000.00,2793716000.00,2034034000.00,1685997000.00,2483990000.00,2773031000.00,3060203000.00,2273522000.00,2552958000.00,3514647000.00,2853615000.00,2329651000.00,2332161000.00,1962194000.00,1684576000.00,1473643000.00,1316976000.00,1113496000.00,1131431000.00,1129517000.00,1880083000.00,,,,,,
totalCashFromOperatingActivities,3409388000.00,3289371000.00,2330111000.00,495398000.00,3790110000.00,3064655000.00,2155493000.00,530871000.00,2436432000.00,2401150000.00,2534721000.00,1602845000.00,3156134000.00,2741466000.00,1530641000.00,786911000.00,2116253000.00,2123542000.00,1359650000.00,1027508000.00,2109255000.00,1987538000.00,924057000.00,1005838000.00,1941882000.00,1792572000.00,154703000.00,1083882000.00,2055439000.00,1591025000.00,317346000.00,611305000.00,1504586000.00,1413364000.00,301287000.00,872900000.00,1649212000.00,1363260000.00,292380000.00,181233000.00,1275510000.00,1502209000.00,634224000.00,-108815000.00,1708191000.00,1215590000.00,857813000.00,475258000.00,1381276000.00,1352960000.00,601104000.00,106399000.00,1251605000.00,960923000.00,659981000.00,219111000.00,1046814000.00,1014619000.00,630637000.00,468132000.00,1030680000.00,1080045000.00,723994000.00,-31471000.00,777041000.00,977518000.00,710178000.00,165828000.00,810364000.00,805570000.00,683674000.00,368381000.00,567158000.00,593916000.00,786890000.00,-60883000.00,393315000.00,376150000.00,860597000.00,125887000.00,434229000.00,467007000.00,413565000.00,198307000.00,516834000.00,290672000.00,453266000.00,-197390000.00,2280614000.00,1994336000.00,1392896000.00,2131264000.00,,,
issuanceOfCapitalStock,156432000.00,537016000.00,341914000.00,465707000.00,149213000.00,497974000.00,292747000.00,409130000.00,126211000.00,392478000.00,,,,,,,,,,,,,,,,,,,,,,,,,,,,,,,,,,,,,,,,,,,,,,,,,,,,,,,,,,,,,,,,,,,,,,,,,,,,,,,,,,,,,
depreciation,641281000.00,601099000.00,532476000.00,506229000.00,534905000.00,524186000.00,528260000.00,500865000.00,486281000.00,478986000.00,457775000.00,468200000.00,486890000.00,444660000.00,442116000.00,399458000.00,240168000.00,221309000.00,219598000.00,211685000.00,235090000.00,238389000.00,220664000.00,232633000.00,232069000.00,194480000.00,187807000.00,187433000.00,193415000.00,181010000.00,172745000.00,181882000.00,173763000.00,153405000.00,152236000.00,166519000.00,164079000.00,162197000.00,149140000.00,145327000.00,153707000.00,142131000.00,157266000.00,139924000.00,178909000.00,135001000.00,147010000.00,132625000.00,141340000.00,130773000.00,121084000.00,120059000.00,124958000.00,116314000.00,118518000.00,114898000.00,127582000.00,116377000.00,135069000.00,119563000.00,136957000.00,118251000.00,111045000.00,125168000.00,115571000.00,79482000.00,104465000.00,144981000.00,91577000.00,75115000.00,74647000.00,79271000.00,75084000.00,85083000.00,68971000.00,52935000.00,59122000.00,55139000.00,80110000.00,62709000.00,57747000.00,56423000.00,62182000.00,60853000.00,69624000.00,74146000.00,72522000.00,69069000.00,,,,,,,
otherCashflowsFromInvestingActivities,-2094298000.00,146491000.00,-370749000.00,-683244000.00,3183000.00,-468777000.00,-111316000.00,-1730997000.00,7965000.00,15075000.00,3347000.00,-353292000.00,-288017000.00,-735014000.00,-431919000.00,-70830000.00,-162559000.00,-514904000.00,-311878000.00,-195177000.00,-215782000.00,-96445000.00,-212780000.00,-125607000.00,-437213000.00,-411886000.00,-239757000.00,-605069000.00,-716944000.00,-83590000.00,483927000.00,-611715000.00,-346452000.00,-321947000.00,-80166000.00,-37355000.00,-63416000.00,-63040000.00,-471492000.00,-136593000.00,-430357000.00,-60653000.00,-86422000.00,-209190000.00,2643000.00,-10079000.00,-1872000.00,-159098000.00,-184156000.00,1056000.00,-57009000.00,-59323000.00,-11836000.00,-27544000.00,-860000.00,2957000.00,,,,893000.00,,,,50238000.00,,,,,,,,,,,,,,,,,,,,,,,,,,,,,,,
dividendsPaid,-706063000.00,-707742000.00,-708022000.00,-705567000.00,613730000.00,613785000.00,616583000.00,613208000.00,557930000.00,559070000.00,561042000.00,558052000.00,509201000.00,508913000.00,511238000.00,508381000.00,1861725000.00,931515000.00,931460000.00,932838000.00,931460000.00,855110000.00,853614000.00,853614000.00,1567578000.00,782451000.00,785127000.00,785127000.00,65900000.00,717462000.00,720676000.00,720676000.00,1353471000.00,674735000.00,678736000.00,678736000.00,1254916000.00,624682000.00,630234000.00,630234000.00,1121738000.00,561603000.00,560135000.00,560135000.00,950857000.00,475961000.00,474896000.00,474896000.00,643642000.00,322992000.00,320650000.00,320650000.00,824148000.00,272706000.00,549000.00,551442000.00,378446000.00,378446000.00,378446000.00,378446000.00,333685000.00,333685000.00,333685000.00,333685000.00,293059000.00,293059000.00,293059000.00,293059000.00,267973000.00,267973000.00,267973000.00,267973000.00,,,,,,,,,,,,,765631000.00,764633000.00,763619000.00,489391000.00,2282141000.00,1950301000.00,1228687000.00,1893319000.00,,,
changeToInventory,,,,,,,,,,,,,,,-1203367000.00,-494194000.00,528324000.00,415759000.00,-870606000.00,-139050000.00,557145000.00,695576000.00,-897969000.00,215136000.00,351359000.00,308223000.00,-1448879000.00,504079000.00,437721000.00,497100000.00,-1430936000.00,-33381000.00,296853000.00,506583000.00,-1115142000.00,-150821000.00,426125000.00,488803000.00,-878922000.00,-615063000.00,255239000.00,249389000.00,0.00,0.00,0.00,0.00,0.00,0.00,0.00,0.00,0.00,-56484000.00,601850000.00,385018000.00,-326756000.00,-135634000.00,-388614000.00,,,,,,,,,,,,,,,,,,,,,,,,,,,,,,,,,,,,,,
changeToAccountReceivables,,,,,182829000.00,-794219000.00,-446150000.00,-1354195000.00,-159629000.00,-1311984000.00,-686924000.00,-594475000.00,817865000.00,224342000.00,116165000.00,-436872000.00,-32564000.00,-11797000.00,54946000.00,-536882000.00,-12069000.00,-91580000.00,62079000.00,-434471000.00,70989000.00,121713000.00,-83265000.00,-279151000.00,251929000.00,-256201000.00,71242000.00,-244126000.00,-90846000.00,-13419000.00,-20634000.00,-34091000.00,-132990000.00,-203153000.00,-15041000.00,-113455000.00,64432000.00,100589000.00,-12446000.00,-366209000.00,234362000.00,-26240000.00,22329000.00,-214629000.00,32227000.00,-98968000.00,-128092000.00,-486124000.00,-242342000.00,-114670000.00,63774000.00,-83995000.00,859958000.00,567141000.00,344630000.00,,,,,,,,,,309684000.00,260332000.00,176872000.00,,,,,,,,,,,,,,171883000.00,,,,,,,,,,
salePurchaseOfStock,-1004553000.00,-788937000.00,-1118211000.00,-1418702000.00,-605487000.00,-972171000.00,-1693354000.00,-845366000.00,-914648000.00,-834995000.00,-1184586000.00,-768895000.00,-589892000.00,-626688000.00,-970056000.00,-729211000.00,-406527000.00,-488453000.00,-1007807000.00,-788327000.00,-551822000.00,-720185000.00,-803947000.00,-563138000.00,-656846000.00,-588622000.00,-815648000.00,-587935000.00,-639939000.00,-478289000.00,-828950000.00,-657811000.00,-664015000.00,-518176000.00,-600631000.00,-670167000.00,-657567000.00,-441115000.00,-739238000.00,-721514000.00,-1096814000.00,-617749000.00,-608958000.00,-220831000.00,-695741000.00,-653021000.00,-464974000.00,-285105000.00,-730804000.00,-643861000.00,-177492000.00,-619720000.00,-738396000.00,-446952000.00,-434257000.00,-451270000.00,-525128000.00,-283485000.00,-356819000.00,-689952000.00,-608844000.00,-483973000.00,-549243000.00,-619174000.00,-401018000.00,-835182000.00,-348020000.00,-723727000.00,-260086000.00,-290068000.00,-383611000.00,-1153262000.00,-554299000.00,-810391000.00,-221278000.00,-39129000.00,-1318659000.00,-347778000.00,-72146000.00,-1721351000.00,-40415000.00,-218685000.00,-232358000.00,-68956000.00,-248391000.00,-181082000.00,-110267000.00,-20978000.00,,,,,,,
otherCashflowsFromFinancingActivities,73883000.00,-13117000.00,-31022000.00,-18298000.00,-31408000.00,-15457000.00,-19525000.00,-20016000.00,-21418000.00,-10219000.00,-8658000.00,-11313000.00,-20192000.00,-11455000.00,-7778000.00,-10462000.00,-38483000.00,-10159000.00,-4211000.00,-6816000.00,-66108000.00,-2778000.00,-42752000.00,-1863000.00,-10843000.00,-2368000.00,-3862000.00,-2286000.00,-13564000.00,1743000.00,34697000.00,32388000.00,-2154000.00,3317000.00,23064000.00,26004000.00,1997000.00,5052000.00,50572000.00,32999000.00,15460000.00,-776000.00,31295000.00,38698000.00,-3965000.00,10224000.00,-2240000.00,32437000.00,27266000.00,24055000.00,18836000.00,66492000.00,-13850000.00,22815000.00,1388000.00,19718000.00,378190000.00,-4882000.00,-23820000.00,8881000.00,6508000.00,-10488000.00,-16060000.00,30670000.00,-5931000.00,2266000.00,-16611000.00,9793000.00,-16865000.00,-21857000.00,28309000.00,13731000.00,-25249000.00,-26095000.00,-2532000.00,2808000.00,-40627000.00,-3137000.00,5361000.00,69178000.00,-41170000.00,-47665000.00,7973000.00,-92960000.00,-1103000.00,-62730000.00,-318561000.00,-475426000.00,,,,,,,
changeToNetincome,,142497000.00,697386000.00,324992000.00,387491000.00,405622000.00,521152000.00,265018000.00,296875000.00,451178000.00,495634000.00,188419000.00,201488000.00,358465000.00,374344000.00,190593000.00,185274000.00,259868000.00,262591000.00,201638000.00,358541000.00,93873000.00,455504000.00,170599000.00,261200000.00,489574000.00,307012000.00,-77401000.00,-27875000.00,261098000.00,-342101000.00,30465000.00,-178987000.00,12805000.00,251137000.00,-101611000.00,252761000.00,168135000.00,138289000.00,142974000.00,37499000.00,31310000.00,175123000.00,72229000.00,148163000.00,-92871000.00,157771000.00,54613000.00,52022000.00,107871000.00,113036000.00,61940000.00,182209000.00,87487000.00,125459000.00,89396000.00,18145000.00,70461000.00,17497000.00,,123618000.00,23383000.00,,41979000.00,169783000.00,233814000.00,128005000.00,165245000.00,,94221000.00,,193572000.00,115950000.00,52898000.00,49840000.00,99372000.00,143229000.00,266432000.00,190137000.00,118508000.00,348072000.00,213882000.00,171400000.00,217843000.00,55468000.00,,,,231573000.00,,,95907000.00,,,
capitalExpenditures,180294000,141500000,107548000,98830000,177051000,194616000,164660000,181671000,236295000,158212000,92510000,93115000,188718000,149981000,165370000,95063000,241260000,140261000,139797000,77691000,179383000,173556000,132896000,133352000,191146000,135811000,104409000,84553000,160066000,93655000,148068000,94777000,148037000,113554000,81568000,51858000,101457000,85287000,76167000,58959000,102229000,90576000,90241000,86547000,115258000,90462000,85379000,80875000,136975000,112681000,78575000,75483000,101602000,57750000,44046000,34817000,75321000,43645000,52613000,71876000,86734000,66316000,78538000,88780000,139320000,82007000,75900000,67144000,97008000,59333000,71877000,77956000,131259000,70300000,61316000,54897000,102095000,78651000,54502000,46738000,77804000,54794000,60063000,18904000,107428000,64588000,48758000,42057000,377930000,300701000,180351000,315426000,0,0,0
changeReceivables,,-51695000.00,250914000.00,-609433000.00,182829000.00,-794219000.00,-446150000.00,-1354195000.00,-159629000.00,-625060000.00,-92449000.00,-594475000.00,625135000.00,417072000.00,116165000.00,-436872000.00,-32564000.00,-11797000.00,54946000.00,-536882000.00,-58489000.00,-184853000.00,119760000.00,-587222000.00,164892000.00,66196000.00,38854000.00,-343264000.00,225245000.00,-266762000.00,51492000.00,-380043000.00,-113661000.00,-102419000.00,14472000.00,-225517000.00,-206139000.00,-222822000.00,-2455000.00,-273116000.00,43998000.00,52382000.00,12314000.00,-418388000.00,336477000.00,-200535000.00,200331000.00,-464732000.00,57873000.00,-106842000.00,-85388000.00,-486124000.00,25948000.00,-116050000.00,-48606000.00,-238525000.00,,,,,,,,,,,,,,,,,,,,,,,,,,,,,,,,,,,,,,,
cashFlowsOtherOperating,,1994650000.00,1323370000.00,1688340000.00,1689107000.00,1716377000.00,1267358000.00,1599208000.00,-189486000.00,2018050000.00,1598017000.00,1972128000.00,-467000.00,2493504000.00,914722000.00,1274072000.00,1028873000.00,1178095000.00,1013919000.00,1135537000.00,780248000.00,1103750000.00,786072000.00,1034422000.00,941912000.00,593953000.00,695314000.00,988185000.00,924176000.00,884321000.00,1241482000.00,643748000.00,669332000.00,958020000.00,597349000.00,648564000.00,710804000.00,942927000.00,572666000.00,588154000.00,634802000.00,860101000.00,928941000.00,837481000.00,529137000.00,856562000.00,612518000.00,702111000.00,547762000.00,573557000.00,438373000.00,528155000.00,325848000.00,540776000.00,906652000.00,81267000.00,,,,,,,,,,,,,,,,,,,,,,,,,,,,,,,,,,,,,,,
exchangeRateChanges,,,,,,,,,,,,,76819000.00,-52616000.00,-18157000.00,10890000.00,-31672000.00,-42046000.00,25047000.00,9958000.00,-70159000.00,-88583000.00,38191000.00,-13008000.00,47728000.00,22047000.00,32587000.00,-60036000.00,2902000.00,20830000.00,-18368000.00,-28353000.00,-67161000.00,-20969000.00,-86098000.00,-105768000.00,-27052000.00,19632000.00,-15566000.00,48148000.00,-25488000.00,-50074000.00,-34943000.00,20580000.00,59275000.00,-110137000.00,84600000.00,-256902000.00,-1217000.00,94482000.00,98465000.00,54208000.00,90902000.00,-128901000.00,-154563000.00,100363000.00,,,,,,,,,,,,,,,,,,,,,,,,,,,,,,,,,,,,,,,
cashAndCashEquivalentsChanges,,2321538000.00,336473000.00,-1963536000.00,1280106000.00,1294262000.00,-153724000.00,-2451170000.00,-1782669000.00,816094000.00,548633000.00,156987000.00,1973069000.00,1005805000.00,-374081000.00,-316316000.00,1357695000.00,304269000.00,101099000.00,-697570000.00,1132515000.00,333766000.00,-86632000.00,-445149000.00,744652000.00,143346000.00,-838196000.00,-828551000.00,1407731000.00,463219000.00,-38534000.00,-1287573000.00,334577000.00,-35211000.00,-410947000.00,-448958000.00,872446000.00,368585000.00,-846924000.00,-1104687000.00,-306200000.00,301999000.00,-42806000.00,-961634000.00,1011867000.00,59913000.00,476840000.00,-609172000.00,444394000.00,579140000.00,517092000.00,-677840000.00,526181000.00,197360000.00,114688000.00,-541599000.00,,,,,,,,,,,,,,,,,,,,,,,,,,,,,,,,,,,,,,,
changeInWorkingCapital,976878000.00,497440000.00,-384918000.00,-2432600000.00,1202586000.00,315531000.00,-551448000.00,-2155415000.00,237028000.00,116647000.00,323375000.00,-575831000.00,1104114000.00,685702000.00,-537901000.00,-1178308000.00,494236000.00,373716000.00,-347430000.00,-677139000.00,600712000.00,597135000.00,-509182000.00,-585936000.00,547196000.00,403717000.00,-1185188000.00,-85899000.00,852957000.00,198634000.00,-913156000.00,-469723000.00,394060000.00,396924000.00,-801341000.00,-314776000.00,573653000.00,151115000.00,-717380000.00,-884631000.00,251431000.00,360526000.00,-661496000.00,-1128940000.00,767430000.00,166886000.00,-164346000.00,-469682000.00,504642000.00,397588000.00,-230717000.00,-704312000.00,389004000.00,173877000.00,-41227000.00,-519190000.00,307910000.00,166120000.00,-155487000.00,-317125000.00,309706000.00,241274000.00,-40236000.00,-695732000.00,167791000.00,364367000.00,162717000.00,-442585000.00,233853000.00,299696000.00,412826000.00,-61583000.00,131918000.00,-47124000.00,413980000.00,-448591000.00,-62045000.00,-94778000.00,549734000.00,-197132000.00,83678000.00,64472000.00,103648000.00,-131654000.00,404965000.00,-39645000.00,110264000.00,-538074000.00,,,,,,,
stockBasedCompensation,383017000.00,472695000.00,631870000.00,425469000.00,360234000.00,407257000.00,546607000.00,365691000.00,275700000.00,331038000.00,424892000.00,311321000.00,259706000.00,290866000.00,372305000.00,274929000.00,236301000.00,263674000.00,346762000.00,246516000.00,225082000.00,245900000.00,293035000.00,212891000.00,183298000.00,209614000.00,252527000.00,149796000.00,173532000.00,226929000.00,228532000.00,129183000.00,148638000.00,195576000.00,207200000.00,128915000.00,151312000.00,186303000.00,206780000.00,126906000.00,142561000.00,174713000.00,184434000.00,114170000.00,125697000.00,150872000.00,160959000.00,100558000.00,106419000.00,125530000.00,133092000.00,85096000.00,99193000.00,107213000.00,120811000.00,98605000.00,109988000.00,383858000.00,132436000.00,116712000.00,117871000.00,142929000.00,123814000.00,110165000.00,88382000.00,126924000.00,126805000.00,123029000.00,161794000.00,,,,,,,,,,,,,,,,,,,,,,,,,,
otherNonCashItems,976878000.00,-286256000.00,37758000.00,54537000.00,185510000.00,10479000.00,-39976000.00,30191000.00,-120643000.00,-30874000.00,-156416000.00,-103806000.00,-42706000.00,26343000.00,-48359000.00,-120927000.00,49230000.00,-6300000.00,46990000.00,-42244000.00,-169985000.00,-17480000.00,-96140000.00,-4714000.00,32263000.00,547702000.00,-13391000.00,-141184000.00,-396806000.00,6979000.00,-527673000.00,-78868000.00,334148000.00,-61890000.00,-115255000.00,119335000.00,-129513000.00,30699000.00,22503000.00,45729000.00,80787000.00,27509000.00,-248937000.00,68497000.00,43275000.00,71268000.00,32948000.00,28587000.00,18992000.00,80201000.00,31951000.00,23156000.00,45171000.00,19726000.00,-4648000.00,89190000.00,310975000.00,-132956000.00,121968000.00,90228000.00,99637000.00,109545000.00,110715000.00,80340000.00,104303000.00,80278000.00,80267000.00,68313000.00,101691000.00,172143000.00,102204000.00,175063000.00,165504000.00,136373000.00,108799000.00,140536000.00,130356000.00,182890000.00,115739000.00,90413000.00,138409000.00,193751000.00,109184000.00,153165000.00,109791000.00,157977000.00,236228000.00,230360000.00,,,,,,,
freeCashFlow,3229094000.00,3147871000.00,2222563000.00,396568000.00,3613059000.00,2870039000.00,1990833000.00,349200000.00,2200137000.00,2242938000.00,2442211000.00,1509730000.00,2967416000.00,2591485000.00,1365271000.00,691848000.00,1874993000.00,1983281000.00,1219853000.00,949817000.00,1929872000.00,1813982000.00,791161000.00,872486000.00,1750736000.00,1656761000.00,50294000.00,999329000.00,1895373000.00,1497370000.00,169278000.00,516528000.00,1356549000.00,1299810000.00,219719000.00,821042000.00,1547755000.00,1277973000.00,216213000.00,122274000.00,1173281000.00,1411633000.00,543983000.00,-195362000.00,1592933000.00,1125128000.00,772434000.00,394383000.00,1244301000.00,1240279000.00,522529000.00,30916000.00,1150003000.00,903173000.00,615935000.00,184294000.00,971493000.00,970974000.00,578024000.00,396256000.00,943946000.00,1013729000.00,645456000.00,-120251000.00,637721000.00,895511000.00,634278000.00,98684000.00,713356000.00,746237000.00,611797000.00,290425000.00,435899000.00,523616000.00,725574000.00,-115780000.00,291220000.00,297499000.00,806095000.00,79149000.00,356425000.00,412213000.00,353502000.00,179403000.00,409406000.00,226084000.00,404508000.00,-239447000.00,,,,,,,
researchDevelopment,,,,,,,,,,,,,,,,,,,0.00,0.00,790779000.00,0.00,0.00,0.00,704317000.00,0.00,0.00,0.00,643407000.00,0.00,0.00,0.00,625541000.00,0.00,0.00,0.00,639513000.00,0.00,0.00,0.00,715094000.00,0.00,0.00,0.00,559611000.00,0.00,0.00,0.00,503222000.00,0.00,0.00,0.00,383700000.00,0.00,0.00,0.00,434937000.00,0.00,0.00,0.00,390168000.00,0.00,0.00,0.00,307357000.00,0.00,0.00,0.00,298354000.00,0.00,0.00,0.00,243449000.00,0.00,0.00,0.00,271943000.00,0.00,0.00,0.00,250374000.00,0.00,0.00,0.00,234558000.00,0.00,0.00,0.00,271336000.00,0.00,0.00,251764000.00,0.00,,
effectOfAccountingCharges,,,,,,,,,,,,,,,,,,,,,0.00,0.00,0.00,0.00,0.00,0.00,0.00,0.00,0.00,0.00,0.00,0.00,0.00,0.00,0.00,0.00,0.00,0.00,0.00,0.00,0.00,0.00,0.00,0.00,0.00,0.00,0.00,0.00,0.00,0.00,0.00,0.00,0.00,0.00,0.00,0.00,0.00,0.00,0.00,0.00,0.00,0.00,0.00,0.00,0.00,0.00,0.00,0.00,0.00,0.00,0.00,0.00,0.00,0.00,0.00,0.00,0.00,0.00,0.00,0.00,0.00,0.00,0.00,0.00,0.00,0.00,0.00,0.00,0.00,0.00,0.00,,0.00,,
incomeBeforeTax,1959127000.00,2631681000.00,1946906000.00,2601618000.00,2244961000.00,2494624000.00,2050450000.00,2406132000.00,1917805000.00,2094001000.00,1762443000.00,1986867000.00,1783355000.00,1680773000.00,1509556000.00,1800647000.00,1560752000.00,1704307000.00,1376254000.00,1610484000.00,1456614000.00,1612558000.00,1244797000.00,1494124000.00,1292001000.00,874400000.00,1118510000.00,1331121000.00,1458913000.00,1293704000.00,1622592000.00,1228363000.00,1081461000.00,1132091000.00,1004960000.00,1192018000.00,1088058000.00,1175938000.00,950128000.00,1083577000.00,964904000.00,1146585000.00,1181349000.00,1046456000.00,946154000.00,1066453000.00,898540000.00,993027000.00,935398000.00,957849000.00,774147000.00,844628000.00,716594000.00,803280000.00,639390000.00,755105000.00,422482000.00,747771000.00,698962000.00,808521000.00,806874000.00,877821000.00,649578000.00,773489000.00,684290000.00,709385000.00,584078000.00,641165000.00,526133000.00,711887000.00,161932000.00,523715000.00,542469000.00,688403000.00,490962000.00,484168000.00,382287000.00,565752000.00,337381000.00,513150000.00,781737000.00,267717000.00,402985000.00,433254000.00,133310000.00,441611000.00,155668000.00,204341000.00,700715000.00,94142000.00,502397000.00,464587000.00,1063000000.00,983114000.00,643000000.00
minorityInterest,-35249000.00,38339000.00,27035000.00,31350000.00,-27257000.00,33241000.00,22587000.00,28706000.00,568842000.00,20146000.00,534400000.00,21781000.00,17495000.00,24437000.00,17342000.00,18200000.00,15121000.00,19133000.00,16271000.00,16604000.00,18847000.00,15121000.00,55837000.00,64882000.00,50721000.00,35333000.00,48456000.00,55273000.00,61555000.00,53036000.00,73338000.00,49782000.00,50497000.00,56533000.00,52466000.00,60712000.00,59152000.00,64477000.00,51031000.00,59800000.00,56327000.00,63804000.00,85296000.00,67214000.00,57873000.00,73612000.00,70267000.00,69671000.00,70932000.00,71056000.00,62733000.00,70842000.00,64781000.00,72922000.00,62119000.00,79981000.00,51284000.00,92560000.00,90972000.00,113367000.00,115443000.00,138482000.00,127239000.00,124273000.00,114453000.00,128017000.00,115814000.00,121625000.00,155930000.00,156535000.00,34432000.00,112906000.00,133596000.00,180731000.00,130826000.00,123278000.00,116621000.00,158460000.00,96884000.00,160234000.00,130670000.00,144934000.00,131130000.00,141746000.00,39627000.00,159337000.00,14166000.00,118462000.00,0.00,0.00,0.00,,0.00,,
sellingGeneralAdministrative,1066404000.00,1084288000.00,1082228000.00,1043023000.00,1099625000.00,1050697000.00,1047565000.00,1028070000.00,992558000.00,879122000.00,802231000.00,780451000.00,741888000.00,697751000.00,707573000.00,689373000.00,689883000.00,626191000.00,647687000.00,598397000.00,680219000.00,592264000.00,566241000.00,564591000.00,582342000.00,1057968000.00,494014000.00,509246000.00,519798000.00,449839000.00,451440000.00,465466000.00,486683000.00,516673000.00,420962000.00,444007000.00,471137000.00,458341000.00,441605000.00,448053000.00,472612000.00,458631000.00,455551000.00,448852000.00,468920000.00,455233000.00,454314000.00,432517000.00,471610000.00,527442000.00,435499000.00,385726000.00,432793000.00,410057000.00,413335000.00,412121000.00,432602000.00,410532000.00,957867000.00,1069931000.00,1115422000.00,1056172000.00,1009182000.00,970355000.00,945082000.00,921475000.00,839358000.00,816573000.00,844059000.00,815760000.00,738759000.00,802368000.00,778395000.00,803668000.00,738397000.00,764758000.00,732270000.00,731782000.00,674795000.00,689953000.00,688833000.00,701639000.00,641669000.00,726564000.00,803455000.00,792770000.00,816902000.00,768192000.00,831009000.00,736159000.00,621858000.00,592317000.00,544000000.00,526357000.00,544000000.00
sellingAndMarketingExpenses,1730422000.00,1738621000.00,1563567000.00,1550019000.00,1578243000.00,1660919000.00,1414814000.00,1454425000.00,1514969000.00,1406606000.00,1139486000.00,1227176000.00,1153949000.00,1118204000.00,1162653000.00,1191123000.00,1173240000.00,1184164000.00,1020036000.00,1070016000.00,1090241000.00,1107138000.00,999389000.00,1001789000.00,1007769000.00,986228000.00,871489000.00,888827000.00,940544000.00,933770000.00,830332000.00,875793000.00,924114000.00,874713000.00,798644000.00,907574000.00,918118000.00,899250000.00,837255000.00,928210000.00,893001000.00,886641000.00,834047000.00,868202000.00,839187000.00,854476000.00,772338000.00,837477000.00,820841000.00,832374000.00,709779000.00,731471000.00,698325000.00,714487000.00,623386000.00,621860000.00,552165000.00,524879000.00,,,,,,,,,,,,,,,,,,,,,,,,,,,,,,,,,,,,,
grossProfit,5181629000.00,5529070000.00,4834766000.00,5186142000.00,4946057000.00,5314734000.00,4523959000.00,4916789000.00,4466216000.00,4404384000.00,3595232000.00,3898296000.00,3440540000.00,3528688000.00,3359171000.00,3647759000.00,3434616000.00,3528298000.00,3054349000.00,3297425000.00,3223131000.00,3319128000.00,2848394000.00,3052260000.00,2886673000.00,2909631000.00,2504156000.00,2730032000.00,2655540000.00,2689552000.00,2369816000.00,2562519000.00,2504405000.00,2524905000.00,2240639000.00,2539290000.00,2468620000.00,2536357000.00,2230142000.00,2449347000.00,2349600000.00,2438019000.00,2230363000.00,2366193000.00,2248890000.00,2370905000.00,2116366000.00,2251540000.00,2215387000.00,2309628000.00,1917224000.00,1944480000.00,1844812000.00,1931650000.00,1690331000.00,1783954000.00,1660354000.00,1670627000.00,1622325000.00,1887808000.00,1904777000.00,1922681000.00,1653050000.00,1705077000.00,1594321000.00,1609842000.00,1405066000.00,1432244000.00,1351190000.00,1453885000.00,868656000.00,1320308000.00,1293194000.00,1409517000.00,1174572000.00,1229916000.00,1109085000.00,1306875000.00,1089662000.00,1110695000.00,1038928000.00,1105761000.00,1009490000.00,1155761000.00,1061908000.00,1227756000.00,1205181000.00,1182449000.00,5501579000.00,0.00,0.00,,0.00,,
reconciledDepreciation,641281000.00,601099000.00,532476000.00,253118000.00,534905000.00,524186000.00,528260000.00,500865000.00,486281000.00,478986000.00,457775000.00,468200000.00,486890000.00,444660000.00,442116000.00,399458000.00,240168000.00,221309000.00,219598000.00,211685000.00,235090000.00,238389000.00,220664000.00,232633000.00,232069000.00,194480000.00,187807000.00,187433000.00,193415000.00,181010000.00,172745000.00,181882000.00,173763000.00,153405000.00,152236000.00,166519000.00,164079000.00,162197000.00,149140000.00,145327000.00,153707000.00,142131000.00,157266000.00,139924000.00,178909000.00,135001000.00,147010000.00,132625000.00,141340000.00,130773000.00,121084000.00,120059000.00,124958000.00,116314000.00,118518000.00,114898000.00,127582000.00,116377000.00,135069000.00,119563000.00,136957000.00,118251000.00,111045000.00,125168000.00,115571000.00,79482000.00,104465000.00,144981000.00,91577000.00,75115000.00,74647000.00,79271000.00,75084000.00,85083000.00,68971000.00,52935000.00,59122000.00,55139000.00,80110000.00,62709000.00,57747000.00,56423000.00,62182000.00,60853000.00,69624000.00,74146000.00,72522000.00,69069000.00,,,,,,,
ebit,1976530000.00,2359288000.00,1944581000.00,2593100000.00,2268189000.00,2603118000.00,2061580000.00,2417315000.00,1930782000.00,2122740000.00,1771365000.00,1995721000.00,1797424000.00,1685734000.00,1518123000.00,1806121000.00,1568243000.00,1709655000.00,1381873000.00,1614989000.00,1461767000.00,1618397000.00,1248637000.00,1498831000.00,1293054000.00,869771000.00,1134835000.00,1334169000.00,1167619000.00,1297415000.00,1073558000.00,1232415000.00,1085293000.00,1136121000.00,1008865000.00,1194829000.00,1093383000.00,1180228000.00,954476000.00,1069220000.00,967645000.00,1100949000.00,961223000.00,1057906000.00,952271000.00,1072500000.00,898960000.00,992058000.00,934872000.00,959673000.00,781839000.00,836676000.00,722250000.00,814507000.00,660639000.00,753353000.00,683509000.00,743865000.00,637895000.00,846029000.00,795639000.00,874503000.00,654584000.00,728337000.00,650647000.00,700969000.00,575424000.00,621362000.00,524120000.00,591082000.00,117885000.00,537833000.00,513122000.00,545997000.00,403151000.00,459953000.00,417023000.00,595397000.00,501208000.00,332320000.00,341496000.00,401724000.00,338971000.00,427167000.00,383431000.00,422734000.00,589541000.00,516927000.00,0.00,0.00,0.00,,0.00,,
ebitda,2617811000.00,3243988000.00,2491016000.00,3115127000.00,2792737000.00,3127154000.00,2589926000.00,2918180000.00,2417063000.00,2601726000.00,2229140000.00,2463921000.00,2284314000.00,2130394000.00,1960239000.00,2205579000.00,1808411000.00,1930964000.00,1601471000.00,1826674000.00,1696857000.00,1856786000.00,1469301000.00,1731464000.00,1525123000.00,1064251000.00,1322642000.00,1521602000.00,1361034000.00,1478425000.00,1246303000.00,1414297000.00,1259056000.00,1289526000.00,1161101000.00,1361348000.00,1257462000.00,1342425000.00,1103616000.00,1214547000.00,1121352000.00,1243080000.00,1118489000.00,1197830000.00,1131180000.00,1207501000.00,1045970000.00,1124683000.00,1076212000.00,1090446000.00,902923000.00,956735000.00,847208000.00,930821000.00,779157000.00,868251000.00,811091000.00,860242000.00,772964000.00,965592000.00,932596000.00,992754000.00,765629000.00,853505000.00,766218000.00,780451000.00,679889000.00,766343000.00,615697000.00,666197000.00,192532000.00,617104000.00,588206000.00,631080000.00,472122000.00,512888000.00,476145000.00,650536000.00,581318000.00,395029000.00,399243000.00,458147000.00,401153000.00,488020000.00,453055000.00,496880000.00,662063000.00,585996000.00,,,,,,,
depreciationAndAmortization,641281000.00,884700000.00,546435000.00,522027000.00,524548000.00,524036000.00,528346000.00,500865000.00,486281000.00,478986000.00,457775000.00,468200000.00,486890000.00,444660000.00,442116000.00,399458000.00,240168000.00,221309000.00,219598000.00,211685000.00,235090000.00,238389000.00,220664000.00,232633000.00,232069000.00,194480000.00,187807000.00,187433000.00,193415000.00,181010000.00,172745000.00,181882000.00,173763000.00,153405000.00,152236000.00,166519000.00,164079000.00,162197000.00,149140000.00,145327000.00,153707000.00,142131000.00,157266000.00,139924000.00,178909000.00,135001000.00,147010000.00,132625000.00,141340000.00,130773000.00,121084000.00,120059000.00,124958000.00,116314000.00,118518000.00,114898000.00,127582000.00,116377000.00,135069000.00,119563000.00,136957000.00,118251000.00,111045000.00,125168000.00,115571000.00,79482000.00,104465000.00,144981000.00,91577000.00,75115000.00,74647000.00,79271000.00,75084000.00,85083000.00,68971000.00,52935000.00,59122000.00,55139000.00,80110000.00,62709000.00,57747000.00,56423000.00,62182000.00,60853000.00,69624000.00,74146000.00,72522000.00,69069000.00,,,,,,,
nonOperatingIncomeNetOther,,283601000.00,13959000.00,15798000.00,-10357000.00,-96444000.00,86000.00,-16979000.00,-27907000.00,4084000.00,117850000.00,105052000.00,252721000.00,-26999000.00,29178000.00,38858000.00,-3250000.00,-8288000.00,-4753000.00,-14023000.00,9096000.00,-1329000.00,-34127000.00,12951000.00,347000.00,12578000.00,-16167000.00,2210000.00,267667000.00,-8528000.00,539091000.00,11155000.00,-8315000.00,2602000.00,-12168000.00,7120000.00,14018000.00,1462000.00,3194000.00,-3864000.00,-16342000.00,8202000.00,20458000.00,2331000.00,8990000.00,9189000.00,13461000.00,16047000.00,16799000.00,11260000.00,6077000.00,22429000.00,6576000.00,1511000.00,-7064000.00,13178000.00,,,,,,,,,,,,,,,,,,,,,,,,,,,,,,,,,,,,,,,
operatingIncome,1912920000.00,2359288000.00,1944581000.00,2593100000.00,2268189000.00,2603118000.00,2061580000.00,2434294000.00,1958689000.00,2118656000.00,1653515000.00,1890669000.00,1544703000.00,1712733000.00,1488945000.00,1767263000.00,1571493000.00,1717943000.00,1386626000.00,1629012000.00,1452671000.00,1619726000.00,1282764000.00,1485880000.00,1296562000.00,865435000.00,1138653000.00,1331959000.00,1195198000.00,1305943000.00,1088044000.00,1221260000.00,1093608000.00,1133519000.00,1021033000.00,1187709000.00,1079365000.00,1178766000.00,951282000.00,1091099000.00,983503000.00,1141971000.00,1164532000.00,1048674000.00,940350000.00,1060761000.00,889299000.00,981138000.00,922529000.00,949416000.00,771577000.00,826935000.00,713634000.00,803830000.00,650973000.00,746408000.00,419586000.00,732040000.00,677467000.00,814772000.00,784972000.00,862154000.00,638057000.00,726399000.00,642106000.00,681529000.00,559392000.00,609592000.00,501067000.00,690124000.00,137312000.00,512556000.00,509188000.00,671948000.00,471952000.00,458150000.00,370900000.00,573157000.00,307429000.00,507140000.00,350095000.00,404122000.00,367821000.00,429197000.00,147929000.00,434986000.00,388279000.00,414257000.00,256574000.00,703300000.00,682107000.00,427934000.00,869500000.00,695185000.00,424000000.00
otherOperatingExpenses,14072280000.00,14205297000.00,13869577000.00,13154702000.00,13155467000.00,13555685000.00,12985113000.00,12530859000.00,11460595000.00,11145139000.00,10434610000.00,9871516000.00,9290568000.00,9278572000.00,9652560000.00,9591695000.00,9484157000.00,9381745000.00,9067503000.00,8976534000.00,9189578000.00,9219128000.00,8785068000.00,8568613000.00,8344344000.00,8491352000.00,7623529000.00,7673644000.00,7770382000.00,7663101000.00,7309009000.00,7244724000.00,7270903000.00,7141547000.00,6910557000.00,7155548000.00,7187954000.00,7061414000.00,6616201000.00,6726612000.00,6541007000.00,6615188000.00,6552555000.00,6618897000.00,6347476000.00,6579594000.00,6370114000.00,6607562000.00,6251137000.00,6254543000.00,5724347000.00,5650910000.00,5119379000.00,5168389000.00,4884213000.00,5001279000.00,4829862000.00,4802132000.00,4993105000.00,5652731000.00,5771690000.00,5726692000.00,5413755000.00,5367235000.00,4924112000.00,4855317000.00,4603645000.00,4550688000.00,3881780000.00,4167202000.00,4361215000.00,4025076000.00,3794255000.00,3891761000.00,3780209000.00,3606214000.00,3429734000.00,3475148000.00,3267437000.00,3153746000.00,3112246000.00,3014307000.00,2821202000.00,2898250000.00,2826152000.00,2915674000.00,3021823000.00,2994253000.00,0.00,0.00,0.00,,0.00,,
interestExpense,17403000.00,11208000.00,11634000.00,7280000.00,12871000.00,12050000.00,11216000.00,11183000.00,12977000.00,28739000.00,8922000.00,8854000.00,14069000.00,4961000.00,8567000.00,5474000.00,7491000.00,5348000.00,5619000.00,4505000.00,5153000.00,5839000.00,3840000.00,4707000.00,4908000.00,3613000.00,3976000.00,3048000.00,3952000.00,3711000.00,4543000.00,4052000.00,3832000.00,4030000.00,3905000.00,2811000.00,5325000.00,4290000.00,4348000.00,3658000.00,2257000.00,3588000.00,3641000.00,4549000.00,3186000.00,3497000.00,4220000.00,4158000.00,3930000.00,2827000.00,3507000.00,4736000.00,3616000.00,2061000.00,4519000.00,4481000.00,4222000.00,3285000.00,3214000.00,3400000.00,5172000.00,4450000.00,7684000.00,5398000.00,6211000.00,6841000.00,6862000.00,5122000.00,7051000.00,4852000.00,4558000.00,4685000.00,4984000.00,6373000.00,6300000.00,6316000.00,5074000.00,5403000.00,5816000.00,5751000.00,4747000.00,5232000.00,4501000.00,6536000.00,12608000.00,12712000.00,13774000.00,9770000.00,17863000.00,15305000.00,6110000.00,5960000.00,4000000.00,6111000.00,5000000.00
taxProvision,550915000.00,583346000.00,396223000.00,605318000.00,552576000.00,675308000.00,392921000.00,586402000.00,480382000.00,524429000.00,300950000.00,464810000.00,477931000.00,428134000.00,257474000.00,425479000.00,415204000.00,435658000.00,235534000.00,,,,,,,,,,,,,,,,,,,,,,,,,,,,,,,,,,,,,,,,,,,,,,,,,,,,,,,,,,,,,,,,,,,,,,,,,,,,
interestIncome,103627000.00,81818000.00,38625000.00,44705000.00,23087000.00,8727000.00,7269000.00,5133000.00,3255000.00,4551000.00,8407000.00,10685000.00,6214000.00,12671000.00,21386000.00,27419000.00,27394000.00,21402000.00,19081000.00,,,,,,,,,,,,,,,,,,,,,,,,,,,,,,,,,,,,,,,,,,,,,,,,,,,,,,,,,,,,,,,,,,,,,,,,,,,,
netInterestIncome,86224000.00,70610000.00,38625000.00,37425000.00,10216000.00,-3323000.00,-3947000.00,-5133000.00,-3255000.00,-24188000.00,-515000.00,1831000.00,-6214000.00,7710000.00,12819000.00,21945000.00,19903000.00,16054000.00,13462000.00,,,,,,,,,,,,,,,,,,,,,,,,,,,,,,,,,,,,,,,,,,,,,,,,,,,,,,,,,,,,,,,,,,,,,,,,,,,,
extraordinaryItems,,,,,,,,,,,,,,,,,,,,,0.00,0.00,0.00,0.00,0.00,0.00,0.00,0.00,0.00,0.00,0.00,0.00,0.00,0.00,0.00,0.00,0.00,0.00,0.00,0.00,0.00,0.00,0.00,0.00,0.00,0.00,0.00,0.00,0.00,0.00,0.00,0.00,0.00,0.00,0.00,0.00,0.00,0.00,0.00,0.00,0.00,0.00,0.00,0.00,0.00,0.00,0.00,0.00,0.00,0.00,0.00,0.00,0.00,0.00,0.00,0.00,0.00,0.00,0.00,0.00,0.00,0.00,0.00,0.00,0.00,0.00,0.00,0.00,187974000.00,0.00,-187974000.00,,187974000.00,,
nonRecurring,,346873000.00,244390000.00,,,,,,,,,,,,,,,,,,0.00,0.00,0.00,0.00,0.00,0.00,0.00,0.00,0.00,0.00,0.00,0.00,0.00,0.00,0.00,0.00,-18015000.00,0.00,0.00,0.00,0.00,0.00,0.00,0.00,0.00,0.00,0.00,0.00,0.00,0.00,0.00,0.00,0.00,0.00,0.00,0.00,0.00,0.00,0.00,0.00,0.00,0.00,0.00,0.00,0.00,0.00,0.00,0.00,0.00,0.00,0.00,0.00,0.00,0.00,0.00,0.00,0.00,0.00,0.00,0.00,0.00,0.00,0.00,0.00,0.00,0.00,0.00,0.00,0.00,0.00,0.00,,0.00,,
otherItems,,,,,,,,,,,,,,,,,,,,,0.00,0.00,0.00,0.00,0.00,0.00,0.00,0.00,0.00,0.00,0.00,0.00,0.00,0.00,0.00,0.00,0.00,0.00,0.00,0.00,0.00,0.00,0.00,0.00,0.00,0.00,0.00,0.00,0.00,0.00,0.00,0.00,0.00,0.00,0.00,0.00,0.00,0.00,0.00,0.00,0.00,0.00,0.00,0.00,0.00,0.00,0.00,0.00,0.00,0.00,0.00,0.00,0.00,0.00,0.00,0.00,0.00,0.00,0.00,0.00,0.00,0.00,0.00,0.00,0.00,0.00,0.00,0.00,0.00,0.00,0.00,,0.00,,
incomeTaxExpense,550915000.00,583346000.00,396223000.00,605318000.00,552576000.00,675308000.00,392921000.00,586402000.00,480382000.00,524429000.00,300950000.00,464810000.00,477931000.00,428134000.00,257474000.00,425479000.00,415204000.00,435658000.00,235534000.00,319160000.00,408243000.00,554417000.00,325257000.00,305582000.00,308827000.00,169599000.00,231302000.00,271372000.00,328132000.00,343421000.00,222734000.00,359682000.00,293336000.00,281861000.00,261768000.00,299776000.00,327890000.00,294125000.00,227797000.00,271931000.00,237577000.00,272522000.00,-5749000.00,280425000.00,309999000.00,303622000.00,184350000.00,281270000.00,252533000.00,258780000.00,208397000.00,239072000.00,206331000.00,239761000.00,177511000.00,230307000.00,116506000.00,211242000.00,196554000.00,215288000.00,256611000.00,270250000.00,115782000.00,267931000.00,253043000.00,235968000.00,171542000.00,235308000.00,23758000.00,213088000.00,57820000.00,195869000.00,179738000.00,202392000.00,150350000.00,164617000.00,82676000.00,196883000.00,117408000.00,178576000.00,112752000.00,135576000.00,153134000.00,164637000.00,55536000.00,167813000.00,145057000.00,122665000.00,82288000.00,284937000.00,82391000.00,48560000.00,53000000.00,81247000.00,71000000.00
totalRevenue,15985200000.00,16564585000.00,15814158000.00,15747802000.00,15423656000.00,16158803000.00,15046693000.00,14965153000.00,13419284000.00,13263795000.00,12088125000.00,11762185000.00,10835271000.00,10991305000.00,11141505000.00,11358958000.00,11055650000.00,11099688000.00,10454129000.00,10605546000.00,10642249000.00,10838854000.00,10067832000.00,10054493000.00,9640906000.00,9356787000.00,8762182000.00,9005603000.00,8965580000.00,8969044000.00,8397053000.00,8465984000.00,8364511000.00,8275066000.00,7931590000.00,8343257000.00,8267319000.00,8240180000.00,7567483000.00,7799696000.00,7524994000.00,7707935000.00,7493320000.00,7668036000.00,7288259000.00,7640790000.00,7259828000.00,7589108000.00,7174073000.00,7204355000.00,6496293000.00,6478193000.00,5833073000.00,5975495000.00,5537823000.00,5747687000.00,5505449000.00,5537348000.00,5657563000.00,6470608000.00,6561045000.00,6593201000.00,6057623000.00,6101957000.00,5573351000.00,5543684000.00,5169353000.00,5166359000.00,4388911000.00,4805327000.00,4491112000.00,4543016000.00,4309054000.00,4497610000.00,4216384000.00,4071372000.00,3806549000.00,4050241000.00,3682304000.00,3574488000.00,3462341000.00,3418429000.00,3189023000.00,3327447000.00,3084605000.00,3350660000.00,3410102000.00,3408510000.00,2777435000.00,2953289000.00,2881996000.00,2507034000.00,2831000000.00,2561051000.00,2272000000.00
totalOperatingExpenses,3268709000.00,3169782000.00,2890185000.00,2593042000.00,2677868000.00,2711616000.00,2462379000.00,2482495000.00,2507527000.00,2285728000.00,1941717000.00,2007627000.00,1895837000.00,1815955000.00,1870226000.00,1880496000.00,1863123000.00,1810355000.00,1667723000.00,1668413000.00,1770460000.00,1699402000.00,1565630000.00,1566380000.00,1590111000.00,2044196000.00,1365503000.00,1398073000.00,1460342000.00,1383609000.00,1281772000.00,1341259000.00,1410797000.00,1391386000.00,1219606000.00,1351581000.00,1389255000.00,1357591000.00,1278860000.00,1376263000.00,1365613000.00,1345272000.00,1289598000.00,1317054000.00,1308107000.00,1309709000.00,1226652000.00,1269994000.00,1292451000.00,1359816000.00,1145278000.00,1117197000.00,1131118000.00,1124544000.00,1036721000.00,1037546000.00,984767000.00,935411000.00,957867000.00,1069931000.00,1115422000.00,1056172000.00,1009182000.00,970355000.00,945082000.00,921475000.00,839358000.00,816573000.00,844059000.00,815760000.00,738759000.00,802368000.00,778395000.00,803668000.00,738397000.00,764758000.00,732270000.00,731782000.00,674795000.00,689953000.00,688833000.00,701639000.00,641669000.00,726564000.00,803455000.00,792770000.00,816902000.00,768192000.00,0.00,0.00,0.00,,0.00,,
costOfRevenue,10803571000.00,11035515000.00,10979392000.00,10561660000.00,10477599000.00,10844069000.00,10522734000.00,10048364000.00,8953068000.00,8859411000.00,8492893000.00,7863889000.00,7394731000.00,7462617000.00,7782334000.00,7711199000.00,7621034000.00,7571390000.00,7399780000.00,7308121000.00,7419118000.00,7519726000.00,7219438000.00,7002233000.00,6754233000.00,6447156000.00,6258026000.00,6275571000.00,6310040000.00,6279492000.00,6027237000.00,5903465000.00,5860106000.00,5750161000.00,5690951000.00,5803967000.00,5798699000.00,5703823000.00,5337341000.00,5350349000.00,5175394000.00,5269916000.00,5262957000.00,5301843000.00,5039369000.00,5269885000.00,5143462000.00,5337568000.00,4958686000.00,4894727000.00,4579069000.00,4533713000.00,3988261000.00,4043845000.00,3847492000.00,3963733000.00,3845095000.00,3866721000.00,4035238000.00,4582800000.00,4656268000.00,4670520000.00,4404573000.00,4396880000.00,3979030000.00,3933842000.00,3764287000.00,3734115000.00,3037721000.00,3351442000.00,3622456000.00,3222708000.00,3015860000.00,3088093000.00,3041812000.00,2841456000.00,2697464000.00,2743366000.00,2592642000.00,2463793000.00,2423413000.00,2312668000.00,2179533000.00,2171686000.00,2022697000.00,2122904000.00,2204921000.00,2226061000.00,1689852000.00,1513830000.00,1578031000.00,1486783000.00,1417500000.00,1339509000.00,1304000000.00
totalOtherIncomeExpenseNet,-40017000.00,272393000.00,2325000.00,8518000.00,-23228000.00,-108494000.00,-11130000.00,-23029000.00,-37629000.00,-467000.00,109443000.00,94367000.00,244866000.00,-39670000.00,7792000.00,11439000.00,-30644000.00,-29690000.00,-23834000.00,-33654000.00,-13659000.00,-14016000.00,-43586000.00,1515000.00,-12019000.00,4029000.00,-24895000.00,-6087000.00,258715000.00,-16207000.00,532364000.00,4029000.00,-16426000.00,-3839000.00,-21508000.00,-2979000.00,5877000.00,-6051000.00,-4766000.00,7395000.00,-23842000.00,50175000.00,234366000.00,-6901000.00,-2931000.00,-2550000.00,3800000.00,5127000.00,4456000.00,1003000.00,-4185000.00,12688000.00,-2040000.00,-9166000.00,-16730000.00,6233000.00,-256805000.00,7191000.00,26563000.00,-28152000.00,-6284000.00,-7994000.00,-10716000.00,6385000.00,-1408000.00,-12602000.00,-9716000.00,-5691000.00,-16989000.00,47043000.00,12012000.00,-19893000.00,1677000.00,59852000.00,33024000.00,5205000.00,-7347000.00,-20374000.00,-86857000.00,87736000.00,8047000.00,3080000.00,28841000.00,1500000.00,-125170000.00,9827000.00,-213926000.00,-96469000.00,0.00,0.00,0.00,,0.00,,
discontinuedOperations,,,,,,,,,,,,,,,,,,,,,0.00,0.00,0.00,0.00,0.00,0.00,0.00,0.00,0.00,0.00,0.00,0.00,0.00,0.00,0.00,0.00,0.00,0.00,0.00,0.00,0.00,0.00,0.00,0.00,0.00,0.00,0.00,0.00,0.00,0.00,0.00,0.00,0.00,0.00,0.00,0.00,0.00,0.00,0.00,0.00,0.00,0.00,0.00,0.00,0.00,0.00,0.00,0.00,0.00,0.00,0.00,0.00,0.00,0.00,0.00,0.00,0.00,0.00,0.00,0.00,0.00,0.00,0.00,0.00,0.00,0.00,0.00,0.00,0.00,0.00,0.00,,0.00,,
netIncomeFromContinuingOps,1408212000.00,2048335000.00,1550683000.00,1996300000.00,1692385000.00,1819316000.00,1657529000.00,1819730000.00,1437423000.00,1569572000.00,1461493000.00,1522057000.00,1305424000.00,1252639000.00,1252082000.00,1375168000.00,1145548000.00,1268649000.00,1140720000.00,1291324000.00,1048371000.00,1058141000.00,919540000.00,1188542000.00,983174000.00,704801000.00,887208000.00,1059749000.00,1130781000.00,950283000.00,1399858000.00,868681000.00,788125000.00,850230000.00,743192000.00,892242000.00,760168000.00,881813000.00,722331000.00,811646000.00,727327000.00,874063000.00,1187098000.00,766031000.00,636155000.00,762831000.00,714190000.00,711757000.00,682865000.00,699069000.00,565750000.00,605556000.00,510263000.00,563519000.00,461879000.00,524798000.00,0.00,0.00,0.00,0.00,0.00,0.00,0.00,0.00,0.00,0.00,0.00,0.00,0.00,0.00,0.00,0.00,0.00,0.00,0.00,0.00,0.00,0.00,0.00,0.00,0.00,0.00,0.00,0.00,0.00,0.00,0.00,0.00,0.00,0.00,0.00,,0.00,,
netIncomeApplicableToCommonShares,1372963000.00,2009996000.00,1523648000.00,1964950000.00,1665128000.00,1786075000.00,1634942000.00,1791024000.00,1416248000.00,1549426000.00,1440859000.00,1500276000.00,1287929000.00,1228202000.00,1234740000.00,1356968000.00,1130427000.00,1249516000.00,1124449000.00,1274720000.00,1029524000.00,1043020000.00,863703000.00,1123660000.00,932453000.00,669468000.00,838752000.00,1004476000.00,1069226000.00,897247000.00,1326520000.00,818899000.00,737628000.00,793697000.00,690726000.00,831530000.00,701016000.00,817336000.00,671300000.00,751846000.00,671000000.00,810258000.00,1101802000.00,698817000.00,578282000.00,689219000.00,643923000.00,642086000.00,611933000.00,628013000.00,503017000.00,534714000.00,445482000.00,490597000.00,399760000.00,444817000.00,254692000.00,443969000.00,411436000.00,479866000.00,434820000.00,469089000.00,406557000.00,381285000.00,316794000.00,345400000.00,296722000.00,284232000.00,346445000.00,342264000.00,69680000.00,214940000.00,229135000.00,305280000.00,209786000.00,196273000.00,182990000.00,210409000.00,123089000.00,174340000.00,120505000.00,132141000.00,118721000.00,126871000.00,38147000.00,114461000.00,10611000.00,81676000.00,869429000.00,-420006000.00,420006000.00,416027000.00,1010000000.00,901867000.00,572000000.00
preferredStockAndOtherAdjustments,,,,,,,,,,,,,,,,,,,,,,,,,,,,,,,,,,,,,,,,,,,,,,,,,,,,,,,,,,,,,,,,,,,,,,,,,,,,,,,,,,,,,,,,,,,,,,,
