,2023-06-30,2022-12-31,2022-09-30,2022-06-30,2022-03-31,2021-12-31,2021-09-30,2021-06-30,2021-03-31,2020-12-31,2020-09-30,2020-06-30,2020-03-31,2019-12-31,2019-09-30,2019-06-30,2019-03-31,2018-12-31,2018-09-30,2018-06-30,2018-03-31,2017-12-31,2017-09-30,2017-06-30,2017-03-31,2016-12-31,2016-09-30,2016-06-30,2016-03-31,2015-12-31,2015-09-30,2015-06-30,2015-03-31,2014-12-31,2014-09-30,2014-06-30,2014-03-31,2013-12-31,2013-09-30,2013-06-30,2013-03-31,2012-12-31,2012-09-30,2012-06-30,2012-03-31,2011-12-31,2011-09-30,2011-06-30,2011-03-31,2010-12-31,2010-09-30,2010-06-30,2010-03-31,2009-12-31,2009-09-30,2009-06-30,2009-03-31,2008-12-31,2008-09-30,2008-06-30,2008-03-31,2007-12-31,2007-09-30,2007-06-30,2007-03-31,2006-12-31,2006-09-30,2006-06-30,2006-03-31,2005-12-31,2005-09-30,2005-06-30,2005-03-31,2004-12-31,2004-09-30,2004-06-30,2004-03-31,2003-12-31,2003-09-30,2003-06-30,2003-03-31,2002-12-31,2002-09-30,2002-06-30,2002-03-31,2001-12-31,2001-09-30,2001-06-30,2001-03-31,2000-12-31,2000-09-30,2000-06-30,2000-03-31,1999-12-31,1999-09-30,1999-06-30,1999-03-31,1998-12-31,1998-09-30,1998-06-30,1998-03-31,1997-12-31,1997-09-30,1997-06-30,1997-03-31,1996-12-31,1996-09-30,1996-06-30,1996-03-31,1995-12-31,1995-09-30,1995-06-30,1995-03-31,1994-12-31,1994-09-30,1994-06-30,1994-03-31,1993-12-31,1993-09-30,1993-06-30,1993-03-31,1992-12-31,1992-09-30,1992-06-30,1992-03-31,1991-12-31,1991-09-30,1991-06-30,1991-03-31,1990-12-31,1990-09-30,1990-06-30,1990-03-31,1989-12-31,1989-09-30,1989-06-30,1989-03-31,1988-12-31,1988-09-30,1988-06-30,1988-03-31,1987-12-31,1987-09-30,1987-06-30,1987-03-31,1986-12-31,1986-09-30,1986-06-30,1986-03-31,1985-12-31,1985-09-30,2023-03-31
date,2023-06-30,2022-12-31,2022-09-30,2022-06-30,2022-03-31,2021-12-31,2021-09-30,2021-06-30,2021-03-31,2020-12-31,2020-09-30,2020-06-30,2020-03-31,2019-12-31,2019-09-30,2019-06-30,2019-03-31,2018-12-31,2018-09-30,2018-06-30,2018-03-31,2017-12-31,2017-09-30,2017-06-30,2017-03-31,2016-12-31,2016-09-30,2016-06-30,2016-03-31,2015-12-31,2015-09-30,2015-06-30,2015-03-31,2014-12-31,2014-09-30,2014-06-30,2014-03-31,2013-12-31,2013-09-30,2013-06-30,2013-03-31,2012-12-31,2012-09-30,2012-06-30,2012-03-31,2011-12-31,2011-09-30,2011-06-30,2011-03-31,2010-12-31,2010-09-30,2010-06-30,2010-03-31,2009-12-31,2009-09-30,2009-06-30,2009-03-31,2008-12-31,2008-09-30,2008-06-30,2008-03-31,2007-12-31,2007-09-30,2007-06-30,2007-03-31,2006-12-31,2006-09-30,2006-06-30,2006-03-31,2005-12-31,2005-09-30,2005-06-30,2005-03-31,2004-12-31,2004-09-30,2004-06-30,2004-03-31,2003-12-31,2003-09-30,2003-06-30,2003-03-31,2002-12-31,2002-09-30,2002-06-30,2002-03-31,2001-12-31,2001-09-30,2001-06-30,2001-03-31,2000-12-31,2000-09-30,2000-06-30,2000-03-31,1999-12-31,1999-09-30,1999-06-30,1999-03-31,1998-12-31,1998-09-30,1998-06-30,1998-03-31,1997-12-31,1997-09-30,1997-06-30,1997-03-31,1996-12-31,1996-09-30,1996-06-30,1996-03-31,1995-12-31,1995-09-30,1995-06-30,1995-03-31,1994-12-31,1994-09-30,1994-06-30,1994-03-31,1993-12-31,1993-09-30,1993-06-30,1993-03-31,1992-12-31,1992-09-30,1992-06-30,1992-03-31,1991-12-31,1991-09-30,1991-06-30,1991-03-31,1990-12-31,1990-09-30,1990-06-30,1990-03-31,1989-12-31,1989-09-30,1989-06-30,1989-03-31,1988-12-31,1988-09-30,1988-06-30,1988-03-31,1987-12-31,1987-09-30,1987-06-30,1987-03-31,1986-12-31,1986-09-30,1986-06-30,1986-03-31,1985-12-31,1985-09-30,
filing_date,2023-06-30,2023-03-22,2022-09-30,2022-08-11,2022-03-31,2022-03-21,2021-09-30,2021-08-12,2021-03-31,2021-03-18,2020-09-30,2020-08-13,2020-03-31,2020-03-18,,2019-06-30,,2019-03-22,,2018-06-30,,2018-03-23,2017-09-30,2017-06-30,2017-03-31,2017-03-24,2016-09-30,2016-06-30,2016-03-31,2016-03-25,2015-09-30,2015-06-30,2015-03-31,2015-03-20,2014-09-30,2014-06-30,2014-03-31,2014-03-21,2013-09-30,2013-06-30,2013-03-31,2013-03-22,2012-09-30,2012-06-30,2012-03-31,2012-03-23,2011-09-30,2011-06-30,2011-03-31,2011-03-31,2010-09-30,2010-06-30,2010-03-31,2010-03-29,2009-09-30,2009-06-30,2009-03-31,2009-03-31,2008-09-30,2008-06-30,2008-03-31,2008-03-28,2007-09-30,2007-06-30,2007-03-31,2007-03-30,2006-09-30,2006-06-30,2006-03-31,2006-03-30,2005-09-30,2005-06-30,2005-03-31,2005-03-31,2004-09-30,2004-06-30,2004-03-31,2004-03-30,2003-09-30,2003-06-30,2003-03-31,2003-03-31,2002-09-30,2002-06-30,2002-03-31,2002-03-29,2001-09-30,2001-06-30,2001-03-31,2001-03-30,2000-09-30,2000-06-30,2000-04-19,1999-12-31,1999-09-30,1999-06-30,1999-03-31,1998-12-31,1998-09-30,1998-06-30,1998-03-31,1997-12-31,1997-09-30,1997-06-30,1997-03-31,1996-12-31,1996-09-30,1996-06-30,1996-03-31,1995-12-31,1995-09-30,1995-06-30,1995-03-31,1994-12-31,1994-09-30,1994-06-30,1994-03-31,1993-12-31,1993-09-30,1993-06-30,1993-03-31,1992-12-31,1992-09-30,1992-06-30,1992-03-31,1991-12-31,1991-09-30,1991-06-30,1991-03-31,1990-12-31,1990-09-30,1990-06-30,1990-03-31,1989-12-31,1989-09-30,1989-06-30,1989-03-31,1988-12-31,1988-09-30,1988-06-30,1988-03-31,1987-12-31,1987-09-30,1987-06-30,1987-03-31,1986-12-31,1986-09-30,1986-06-30,1986-03-31,1985-12-31,1985-09-30,
currency_symbol,EUR,EUR,EUR,EUR,EUR,EUR,EUR,EUR,EUR,EUR,EUR,EUR,EUR,EUR,EUR,EUR,EUR,EUR,EUR,EUR,EUR,EUR,EUR,EUR,EUR,EUR,EUR,EUR,EUR,EUR,EUR,EUR,EUR,EUR,EUR,EUR,EUR,EUR,EUR,EUR,EUR,EUR,EUR,EUR,EUR,EUR,EUR,EUR,EUR,EUR,EUR,EUR,EUR,EUR,EUR,EUR,EUR,EUR,EUR,EUR,EUR,EUR,EUR,EUR,EUR,EUR,EUR,EUR,EUR,EUR,EUR,EUR,EUR,EUR,EUR,EUR,EUR,EUR,EUR,EUR,EUR,EUR,EUR,EUR,EUR,EUR,EUR,EUR,EUR,EUR,EUR,EUR,EUR,EUR,EUR,EUR,EUR,EUR,EUR,EUR,EUR,EUR,EUR,EUR,EUR,EUR,EUR,EUR,EUR,EUR,EUR,EUR,EUR,EUR,EUR,EUR,EUR,EUR,EUR,EUR,EUR,EUR,EUR,EUR,EUR,EUR,EUR,EUR,EUR,EUR,EUR,EUR,EUR,EUR,EUR,EUR,EUR,EUR,EUR,EUR,EUR,EUR,EUR,EUR,EUR,EUR,EUR,EUR,EUR,EUR,EUR,
totalAssets,383263000000.00,401786000000.00,424508000000.00,421333000000.00,448296000000.00,468252000000.00,459684000000.00,459413000000.00,450681000000.00,443814000000.00,,443546000000.00,,440348000000.00,1237437158372.60,423676000000.00,1674265186941.80,392633000000.00,454541560546.42,388514000000.00,478399557141.10,396291000000.00,397195000000.00,404625000000.00,425454000000.00,425935000000.00,425358000000.00,425801000000.00,414603000000.00,415415000000.00,420889000000.00,440812000000.00,482240000000.00,424902000000.00,399321000000.00,375989000000.00,361313000000.00,353621000000.00,354294000000.00,356694000000.00,369679000000.00,366118000000.00,369274000000.00,363982000000.00,349718000000.00,345577000000.00,337821000000.00,315975000000.00,321321000000.00,332303000000.00,337000000000.00,338745000000.00,429661506000.00,298634000000.00,291683000000.00,285443000000.00,283022000000.00,287259000000.00,296823000000.00,295896000000.00,292515000000.00,314120000000.00,318816259800.00,328956019240.00,319712219550.00,314813000000.00,312547166400.00,298489528620.00,339635867000.00,311200000000.00,365750000000.00,265363238000.00,364091000000.00,238499000000.00,303781905000.00,245357612020.00,300142368000.00,233976000000.00,280071825000.00,240534267390.00,258730030000.00,238206000000.00,244843112000.00,249960561600.00,237395743000.00,264061000000.00,226552361000.00,267985931200.00,193241115000.00,244216000000.00,230362916000.00,241302592000.00,228808000000.00,,,,,130349819900.00,,,,123762502925.00,,,,82757074920.00,,,,68540388000.00,,,,62631279360.00,,,,58601855760.00,,,,38175936682.00,,,,32435090136.00,,,,27408356548.00,,,,25571329668.00,,,,22869154528.00,,,,19664065884.00,,,,17107812963.00,,,,15349164728.00,,
intangibleAssets,367000000.00,924000000.00,1512000000.00,1426000000.00,1365000000.00,941000000.00,1314000000.00,1401000000.00,1457000000.00,1010000000.00,,1504000000.00,,1167000000.00,31304899634.55,1638000000.00,45662568177.37,1342000000.00,13658254225.52,1347000000.00,14319104440.89,1340000000.00,1358000000.00,1356000000.00,1494000000.00,1526000000.00,1443000000.00,1524000000.00,1539000000.00,1602000000.00,1760000000.00,1988000000.00,1951000000.00,1857000000.00,2858979000.00,2128000000.00,1982000000.00,2035000000.00,2078000000.00,2267000000.00,2229000000.00,2310000000.00,2384000000.00,2455000000.00,2469000000.00,2403000000.00,2842000000.00,3380000000.00,3512000000.00,4359000000.00,5638976000.00,4889000000.00,6399151000.00,4609000000.00,4575000000.00,5182000000.00,,5425000000.00,,,,4894000000.00,,,,4338000000.00,,,,4678000000.00,,,,,,,,,,,,,,,,,,,,,,,,,,,,,,,,,,,,,,,,,,,,,,,,,,,,,,,,,,,,,,,,,,,,,,,,,,,,,,,,,,
earningAssets,,,,,,,,,,,,,,,,,,,,,,,,,,,,,,,,,,,,,,,,,,,,,,,,,,,,,,,,,,,,,,,,,,,,,,,,,,,,,,,,,,,,,,,,,,,,,,,,,,,,,,,,,,,,,,,,,,,,,,,,,,,,,,,,,,,,,,,,,,,,,,,,,,,,,,,,
otherCurrentAssets,,,36538000000.00,31009000000.00,29305000000.00,11227000000.00,31315000000.00,30896000000.00,31230000000.00,163706000000.00,16345000000.00,38118000000.00,38118000000.00,176472000000.00,35106000000.00,138021637907.31,127799866279.20,53708661772.13,35916878907.15,64698151606.70,32019928650.51,131598000000.00,31100000000.00,29421000000.00,27390000000.00,115215000000.00,35199000000.00,37804000000.00,27876000000.00,100386000000.00,,,,111193000000.00,,,,78803000000.00,,,,51458000000.00,,,,1617733000.00,,,,,,,,,,,,265803000000.00,,,,,,,,,,,,106578000.00,,,,186824000.00,,,,290991000.00,,,,225428000.00,,,,133515000.00,,,,181188000.00,,,,,,,,,,,,,,,,,,,,,,,,,,,,,,,,,,,,,,,,,,,,,,,,,,,,,,,,,,,,,,
totalLiab,5395000000.00,387596000000.00,409162000000.00,402039000000.00,424528000000.00,441880000000.00,433552000000.00,433075000000.00,425990000000.00,419153000000.00,,417878000000.00,,415907000000.00,1168754658196.00,399424000000.00,1578427142507.60,370066000000.00,428416300069.46,365006000000.00,449124123508.43,371905000000.00,373281000000.00,380414000000.00,400123000000.00,401201000000.00,400406000000.00,400018000000.00,387928000000.00,389165000000.00,392986000000.00,411959000000.00,450977000000.00,396773000000.00,373573000000.00,351844000000.00,337596000000.00,328630000000.00,328958000000.00,330589000000.00,341037000000.00,336418000000.00,339714000000.00,335949000000.00,323423000000.00,319843000000.00,313650000000.00,294408000000.00,298973000000.00,308878000000.00,312738000000.00,314834000000.00,400897114000.00,279751000000.00,272320000000.00,270091000000.00,270416000000.00,273499000000.00,282700000000.00,279454000000.00,275102000000.00,298953000000.00,297673644920.00,307427726240.00,300549093480.00,295660000000.00,289377689400.00,277357997220.00,320514514000.00,288530000000.00,343229000000.00,248616088000.00,,224086000000.00,285125362000.00,230241497390.00,281649054000.00,219844000000.00,264220835000.00,226926990330.00,243991050000.00,223975000000.00,230455336000.00,236255562000.00,223717383000.00,248769000000.00,207238824000.00,252297232800.00,183323242000.00,231372000000.00,217769307000.00,228983443200.00,215265000000.00,,,,,1491099070.00,,,,1723927616.00,,,,77657397800.00,,,,64820794960.00,,,,58975252128.00,,,,54633032160.00,,,,35284420106.00,,,,29829169749.00,,,,3789579107.00,,,,4045721520.00,,,,3568854752.00,,,,3438879144.00,,,,1972302192.00,,,,1538592590.00,,
totalStockholderEquity,10085000000.00,14014000000.00,15145000000.00,19069000000.00,23549000000.00,26176000000.00,25955000000.00,26183000000.00,24609000000.00,24586000000.00,,25646000000.00,,24421000000.00,68626297484.27,24230000000.00,95751105749.70,22545000000.00,26099791618.43,23489000000.00,29252060524.05,24366000000.00,23894000000.00,24188000000.00,25308000000.00,24718000000.00,24937000000.00,25766000000.00,26659000000.00,26241000000.00,27895000000.00,28844000000.00,31254000000.00,28120000000.00,25739000000.00,24136000000.00,23709000000.00,24981000000.00,25328000000.00,26094000000.00,28630000000.00,29687000000.00,29546000000.00,28020000000.00,26281000000.00,25720000000.00,24159000000.00,21556000000.00,22337000000.00,23414000000.00,24251000000.00,23898000000.00,28746808000.00,18873000000.00,19357000000.00,15345000000.00,12599000000.00,13754000000.00,14105000000.00,16426000000.00,17398000000.00,15151000000.00,21128551680.00,21513484200.00,19147350240.00,19137000000.00,23154478020.00,21116672070.00,19121353000.00,22655000000.00,22334000000.00,16747150000.00,20440000000.00,14413000000.00,18656543000.00,15116114630.00,18493314000.00,14132000000.00,15850990000.00,13607277060.00,14738980000.00,14231000000.00,14387776000.00,13704999600.00,13678360000.00,15292000000.00,19313537000.00,15688698400.00,9917873000.00,12844000000.00,12593609000.00,12319148800.00,13543000000.00,,,,,7882983490.00,,,,8227543835.00,,,,5099677120.00,,,,3719593040.00,,,,3633679296.00,,,,3962430864.00,,,,2874206569.00,,,,2601423009.00,,,,2019024893.00,,,,1693097268.00,,,,1231289792.00,,,,950517668.00,,,,1205634645.00,,,,1549220820.00,,
deferredLongTermLiab,,,14105000000.00,1306000000.00,11524000000.00,1200000000.00,9645000000.00,558000000.00,9927000000.00,545000000.00,545000000.00,814000000.00,814000000.00,831000000.00,831000000.00,478000000.00,478000000.00,785938193.22,525584626.07,1118528111.84,553573625.29,1116515354.26,456000000.00,506000000.00,535000000.00,541000000.00,516000000.00,523000000.00,518000000.00,539000000.00,,,,599128540.31,,,,440000000.00,,,,,,,,,,,,,,,,,,,,,,,,,,,,,,,,,,,,,,,,,,,,,,,,,,,,,,,,,,,,,,,,,,,,,,,,,,,,,,,,,,,,,,,,,,,,,,,,,,,,,,,,,,,,,,,,,,
otherCurrentLiab,,-2172000000.00,,,,-3080000000.00,,,,-2824000000.00,16889000000.00,,,-3314000000.00,12606000000.00,0.00,0.00,-2954000000.00,12300300995.60,15216953557.01,7531061631.20,-4653000000.00,12544000000.00,10638000000.00,16963000000.00,-5342000000.00,23720000000.00,28059000000.00,19618000000.00,-2662000000.00,,,,-3748000000.00,-237000000.00,-446000000.00,-262000000.00,-3559000000.00,-254000000.00,-485000000.00,-557000000.00,-4902000000.00,-11298000000.00,,,1881085000.00,,,,935466000.00,553561000.00,451080000.00,486936000.00,921547000.00,503272000.00,479484000.00,,1274981000.00,,,,-2677058580.00,,,,-832668300.00,,,,-1361534680.00,,,,-1971000000.00,,,,-2641000000.00,,,,-4262000000.00,,,,-3235000000.00,,,,-9692185220.00,,,-4615000000.00,,,,,,,,,,,,,-813174720.00,,,,-1024446820.00,,,,-1597481184.00,,,,-2122654716.00,,,,-1597986962.00,,,,-1567103610.00,,,,,,,,,,,,,,,,,,,,,,,,,,
commonStock,319000000.00,319000000.00,319000000.00,322000000.00,321000000.00,321000000.00,7354000000.00,7426000000.00,7480000000.00,320000000.00,320000000.00,7536000000.00,323000000.00,323000000.00,323000000.00,7669000000.00,322000000.00,321000000.00,372771474.88,20179000000.00,396112682.99,20573000000.00,20108000000.00,20409000000.00,21505000000.00,20913000000.00,320000000.00,21982000000.00,22848000000.00,328000000.00,24094000000.00,25047000000.00,27429000000.00,24293000000.00,21919000000.00,20325000000.00,19129000000.00,19966000000.00,20332000000.00,21104000000.00,23600000000.00,24669000000.00,9098000000.00,,,229000000.00,,,,208000000.00,18048000000.00,341690000.00,376023000.00,8114000000.00,,7347000000.00,,189000000.00,,,12597000000.00,195615420.00,,,,255563950.00,,,,6834802360.00,,,,242045300.00,,,,181551200.00,,,,173433260.00,,,,170709680.00,,,,162966420.00,,,152649630.00,,,,,,,,,,,,,,,,,,,,,,,,,,,,,,,,,,,,,,,,,,,,,,,,,,,,,,,,,,,
capitalStock,319000000.00,319000000.00,319000000.00,322000000.00,321000000.00,321000000.00,7354000000.00,7426000000.00,,,,,,,,,,,,,,,,,,,,,,,,,,,,,,,,,,,,,,,,,,,,,,,,,,,,,,,,,,,,,,,,,,,,,,,,,,,,,,,,,,,,,,,,,,,,,,,,,,,,,,,,,,,,,,,,,,,,,,,,,,,,,,,,,,,,,,,,,,,,,,,,
retainedEarnings,6519000000.00,10619000000.00,11885000000.00,12285000000.00,12712000000.00,12166000000.00,11962000000.00,12184000000.00,11328000000.00,10327000000.00,10326000000.00,10351000000.00,10351000000.00,10667000000.00,10668000000.00,9857000000.00,9857000000.00,9995000000.00,11570965501.27,10020000000.00,12377906261.53,9699000000.00,8963000000.00,8663000000.00,8157000000.00,7609000000.00,7493000000.00,7313000000.00,7984000000.00,8100000000.00,8876000000.00,9582000000.00,9371000000.00,9059000000.00,,8830000000.00,8748000000.00,11135000000.00,10627000000.00,10683000000.00,,10747000000.00,10162000000.00,,,9655000000.00,,,,9421000000.00,,,,7995000000.00,,7553000000.00,,8818000000.00,,,,12387380670.00,,,,11464735300.00,,,,9349317840.00,,5440036000.00,,3933787900.00,,,,4968477600.00,,,,5367854690.00,,4954456080.00,,4645100240.00,,7832537200.00,,6195919380.00,,,778213800.00,,,,,654942487.00,,,,529993745.00,,,,3470175840.00,,,,2612306460.00,,,,2739286368.00,,,,2684860332.00,,,,2377931153.00,,,,216649554.00,,,,91561942.00,,,,439425204.00,,,,96639296.00,,,,784148878.00,,,,670846401.00,,,,887769800.00,,
otherLiab,,,396966000000.00,390331000000.00,412720000000.00,404824000000.00,421797000000.00,421333000000.00,414829000000.00,379032000000.00,379032000000.00,406639000000.00,406639000000.00,378393000000.00,378393000000.00,388390000000.00,388390000000.00,576861322406.96,385767538782.13,855261392962.78,423279616188.95,1040767423232.90,422525022000.00,416089563000.00,410997903000.00,394926537000.00,434541994000.00,426962671000.00,428505468000.00,396545703000.00,423223973000.00,442498142000.00,467906961000.00,420298959089.81,452884278000.00,462090891000.00,446918991000.00,420769322000.00,428522160000.00,412227054000.00,418949913000.00,408623592000.00,421926205000.00,411279289000.00,416040801000.00,384837558000.00,408401748000.00,413690559000.00,424033406000.00,380623920000.00,409498908000.00,374274470000.00,388117749000.00,373818690000.00,386277353000.00,366386062000.00,357948868000.00,358855481000.00,395861969000.00,438438493000.00,432453249000.00,410242079000.00,419551501000.00,412311328000.00,393118031000.00,366091378000.00,,,,319016374000.00,,,,269174700000.00,,,,245282485000.00,,,,207188842000.00,,,,197216786000.00,,,,196499290000.00,,,,,,,,,,,,,,,,,,,,,,,,,,,,,,,,,,,,,,,,,,,,,,,,,,,,,,,,,,,,,,
goodWill,,316000000.00,,,,392000000.00,,,,376000000.00,,,,392000000.00,1101572769.89,0.00,0.00,385000000.00,445705024.31,296000000.00,364128429.08,293000000.00,324000000.00,332000000.00,347000000.00,294000000.00,282000000.00,281000000.00,276000000.00,299000000.00,226000000.00,228000000.00,236000000.00,216000000.00,,,210000000.00,211000000.00,212000000.00,271000000.00,277000000.00,638000000.00,719000000.00,758000000.00,756000000.00,882000000.00,722000000.00,636000000.00,641000000.00,865139000.00,1003754000.00,935345000.00,1002277000.00,1031904000.00,1046045000.00,1009440000.00,,1002168000.00,,,,632310000.00,,,,291654000.00,,,,76973000.00,,,,,,,,,,,,,,,,,,,,,,,,,,,,,,,,,,,,,,,,,,,,,,,,,,,,,,,,,,,,,,,,,,,,,,,,,,,,,,,,,,
otherAssets,61989000000.00,238915000000.00,204674000000.00,195180000000.00,197158000000.00,190604000000.00,187963000000.00,188495000000.00,184455000000.00,167891000000.00,291532000000.00,170763000000.00,270015000000.00,179750000000.00,275471000000.00,172710000000.00,268093000000.00,151889000000.00,278673304005.56,143253000000.00,301216631812.03,134903000000.00,129531000000.00,130112000000.00,119966000000.00,118661000000.00,113298000000.00,112034000000.00,93824000000.00,100057000000.00,100164000000.00,118912000000.00,128625000000.00,113996000000.00,98219000000.00,86958000000.00,79881000000.00,81570000000.00,73597000000.00,68779000000.00,68281000000.00,52585000000.00,53627000000.00,49180000000.00,46649000000.00,37496000000.00,100819000000.00,32580000000.00,29324000000.00,332302990410.00,297895000000.00,319337000000.00,405359342000.00,282192000000.00,272417000000.00,265607000000.00,249546000000.00,271611000000.00,23169000000.00,-220663000000.00,262714000000.00,298243791900.00,318816259800.00,328956019240.00,319712219550.00,297331000000.00,312547166400.00,298489528620.00,,298943710400.00,,265363238000.00,,234097000000.00,,245357612020.00,,229146000000.00,,240534267390.00,,234001000000.00,,249960561600.00,,257375000000.00,,267985931200.00,,238423000000.00,,241302592000.00,224097000000.00,,,,,129189981560.00,,,,122626211045.00,,,,81919473440.00,,,,67740750140.00,,,,61866694656.00,,,,57906201780.00,,,,37545405183.00,,,,31896412809.00,,,,,,,,,,,,,,,,,,,,,,,,,,
cash,3755000000.00,3407000000.00,8052000000.00,7910000000.00,7105000000.00,6889000000.00,6356000000.00,7786000000.00,7247000000.00,8368000000.00,,11138000000.00,,12253000000.00,34429769328.74,11990000000.00,47381583076.31,8742000000.00,10120398240.33,9585000000.00,11791118218.72,10769000000.00,11837000000.00,12880000000.00,11037000000.00,11347000000.00,11316000000.00,10482000000.00,10616000000.00,9131000000.00,9524000000.00,10882000000.00,13235000000.00,10610000000.00,9024000000.00,7850000000.00,7116000000.00,5691000000.00,6133000000.00,8069000000.00,8572000000.00,9653000000.00,7810000000.00,8737000000.00,8671000000.00,8104000000.00,7322000000.00,4450000000.00,4286000000.00,5231000000.00,7778000000.00,5328000000.00,6373451000.00,4314000000.00,7578000000.00,6816000000.00,6274000000.00,10223000000.00,9030000000.00,12413000000.00,10383000000.00,8431000000.00,12708943000.00,18810376000.00,20570549000.00,13144000000.00,,,,7307000000.00,,,,886739000.00,,,,1234506000.00,,,,1201581000.00,,,,317766000.00,,,,330458000.00,,,,,,,,,,,,,,,,,,,,,,,,,,,,,,,,,,,,,,,,,,,,,,,,,,,,,,,,,,,,,,
cashAndEquivalents,3755000000.00,3407000000.00,8052000000.00,7910000000.00,7105000000.00,6889000000.00,6356000000.00,7786000000.00,,,,,,,,,,,,,,,,,,,,,,,,,,,,,,,,,,,,,,,,,,,,,,,,,,,,,,,,,,,,,,,,,,,,,,,,,,,,,,,,,,,,,,,,,,,,,,,,,,,,,,,,,,,,,,,,,,,,,,,,,,,,,,,,,,,,,,,,,,,,,,,,
totalCurrentLiabilities,,2172000000.00,,,,3080000000.00,,,,2824000000.00,30115000000.00,,,3314000000.00,30573000000.00,25606982.90,23710550.34,2954000000.00,28520490854.36,15216953557.01,7531061631.20,4653000000.00,12596000000.00,10642000000.00,16966000000.00,5342000000.00,23736000000.00,28073000000.00,19658000000.00,2662000000.00,,,,3748000000.00,237000000.00,446000000.00,262000000.00,3559000000.00,254000000.00,485000000.00,557000000.00,4902000000.00,11298000000.00,,,,,,,82.00,,,,,,,,42000000.00,,,,2677058580.00,,,,43000000.00,,,,1361534680.00,,,,1971000000.00,,,,2641000000.00,,,,82000000.00,,,,3235000000.00,,,,9692185220.00,,,4615000000.00,,,,,,,,,,,,,813174720.00,,,,1024446820.00,,,,1597481184.00,,,,2122654716.00,,,,1597986962.00,,,,1567103610.00,,,,,,,,,,,,,,,,,,,,,,,,,,
currentDeferredRevenue,,,,,,,,,,,,,,,,,,,,,,,,,,,,,,,,,,,,,,,,,,,,,,,,,,82.00,,,,,,,,42000000.00,,,,,,,,43000000.00,,,,,,,,,,,,,,,,82000000.00,,,,,,,,,,,,,,,,,,,,,,,,,,,,,,,,,,,,,,,,,,,,,,,,,,,,,,,,,,,,,,,,,,,,,,
netDebt,1640000000.00,3267000000.00,4143000000.00,3910000000.00,4703000000.00,5344000000.00,5400000000.00,3773000000.00,3914000000.00,2705000000.00,,102000000.00,,-234000000.00,,-962000000.00,,4923000000.00,,5302000000.00,,3763000000.00,3766000000.00,2895000000.00,4904000000.00,2729000000.00,2418000000.00,2514000000.00,1100000000.00,4355000000.00,4297000000.00,4360000000.00,2115000000.00,4438000000.00,5914000000.00,6443000000.00,6072000000.00,6508000000.00,6206000000.00,5648000000.00,5552000000.00,3321000000.00,3549000000.00,2389000000.00,2586000000.00,2055000000.00,2507000000.00,4975000000.00,4306000000.00,3287000000.00,38182000000.00,30226000000.00,,3171000000.00,-426000000.00,1059000000.00,-6274000000.00,-4843000000.00,-9030000000.00,-12413000000.00,-10383000000.00,-2410000000.00,,,,-8153000000.00,1871714820.00,268250010.00,,-1775000000.00,,1789116000.00,,2225000000.00,,3986360500.00,,3093000000.00,,3703554930.00,,4878000000.00,,3953034240.00,,3905000000.00,,2832517600.00,,2730000000.00,,2040499200.00,5318000000.00,,,,,1491099070.00,,,,1723927616.00,,,,4741155320.00,,,,2667850080.00,,,,6423684384.00,,,,5568605784.00,,,,5615399400.00,,,,5411276226.00,,,,3789579107.00,,,,4045721520.00,,,,3568854752.00,,,,3438879144.00,,,,1972302192.00,,,,1538592590.00,,
shortTermDebt,0.00,0.00,0.00,0.00,0.00,0.00,0.00,0.00,,72000000.00,,,,58000000.00,0.00,0.00,0.00,82000000.00,0.00,0.00,0.00,74000000.00,15655000000.00,15779000000.00,15944000000.00,129000000.00,13750000000.00,13010000000.00,11756000000.00,125000000.00,,,,128000000.00,237000000.00,446000000.00,262000000.00,174000000.00,254000000.00,485000000.00,557000000.00,506000000.00,11298000000.00,,,,,,,,,,,,,,,,,,,2677058580.00,,,,832668300.00,,,,1361534680.00,,,,1971000000.00,,,,2641000000.00,,,,4262000000.00,,,,3235000000.00,,,,2047000000.00,,,4615000000.00,,,,,,,,,,,,,813174720.00,,,,1024446820.00,,,,1597481184.00,,,,2122654716.00,,,,1597986962.00,,,,1567103610.00,,,,,,,,,,,,,,,,,,,,,,,,,,
shortLongTermDebt,,,,,,0.00,,,,72000000.00,,,,58000000.00,13963558912.40,0.00,0.00,2387243983.36,1596434359.81,1305380322257600.00,29526266794939000.00,4226272884.54,15655000000.00,15779000000.00,15944000000.00,1902000000.00,13750000000.00,13010000000.00,11756000000.00,2587000000.00,,,,18213507625.27,,,,12009000000.00,,,,,,,,,,,,,,,,,,,,,,,,,,,,,,,,,,,,,,,,,,,,,,,,,,,,,,,,,,,,,,,,,,,,,,,,,,,,,,,,,,,,,,,,,,,,,,,,,,,,,,,,,,,,,,,,,,
shortLongTermDebtTotal,5395000000.00,6674000000.00,12195000000.00,11820000000.00,11808000000.00,12233000000.00,11756000000.00,11559000000.00,11161000000.00,11073000000.00,,11240000000.00,,12019000000.00,0.00,11028000000.00,0.00,13665000000.00,,14887000000.00,,14532000000.00,15603000000.00,15775000000.00,15941000000.00,14076000000.00,13734000000.00,12996000000.00,11716000000.00,13486000000.00,13821000000.00,15242000000.00,15350000000.00,15048000000.00,14938000000.00,14293000000.00,13188000000.00,12199000000.00,12339000000.00,13717000000.00,14124000000.00,12974000000.00,11359000000.00,11126000000.00,11257000000.00,10159000000.00,9829000000.00,9425000000.00,8592000000.00,8518000000.00,45960000000.00,35554000000.00,,7485000000.00,7152000000.00,7875000000.00,,5380000000.00,,,,6021000000.00,,,,4991000000.00,1871714820.00,268250010.00,,5532000000.00,,1789116000.00,,2225000000.00,,3986360500.00,,3093000000.00,,3703554930.00,,4878000000.00,,3953034240.00,,3905000000.00,,2832517600.00,,2730000000.00,,2040499200.00,5318000000.00,,,,,1491099070.00,,,,1723927616.00,,,,4741155320.00,,,,2667850080.00,,,,6423684384.00,,,,5568605784.00,,,,5615399400.00,,,,5411276226.00,,,,3789579107.00,,,,4045721520.00,,,,3568854752.00,,,,3438879144.00,,,,1972302192.00,,,,1538592590.00,,
otherStockholderEquity,8790000000.00,8121000000.00,8786000000.00,8879000000.00,9405000000.00,9122000000.00,2351000000.00,2555000000.00,2574000000.00,9546000000.00,6961000000.00,2557000000.00,7759000000.00,9503000000.00,6498000000.00,3384000000.00,6704000000.00,10469000000.00,5879833294.74,3310000000.00,7114036166.81,11200000000.00,-8270000000.00,-10106000000.00,-9509000000.00,11481000000.00,11664000000.00,-12162000000.00,-10649000000.00,11591000000.00,-11906000000.00,-14266000000.00,-15007000000.00,11778000000.00,3820000000.00,-7813000000.00,-10429000000.00,13097000000.00,-6635000000.00,-12403000000.00,5030000000.00,-10839000000.00,5011000000.00,28020000000.00,26281000000.00,15755000000.00,24159000000.00,21556000000.00,22337000000.00,14110000000.00,6203000000.00,23898000000.00,,2694000000.00,19357000000.00,445000000.00,12599000000.00,4685000000.00,14105000000.00,16426000000.00,4801000000.00,4325806810.00,21128551680.00,21513484200.00,19147350240.00,7416700750.00,23154478020.00,21116672070.00,,6470879800.00,,11307114000.00,,10237166800.00,,15116114630.00,,8981971200.00,,13607277060.00,,8689712050.00,,8750543520.00,,10476190080.00,,7856161200.00,,6485114200.00,,12319148800.00,11553566260.00,,,,,7228041003.00,,,,7697550090.00,,,,1629501280.00,,,,1107286580.00,,,,894392928.00,,,,1277570532.00,,,,496275416.00,,,,2384773455.00,,,,1927462951.00,,,,1253672064.00,,,,1134650496.00,,,,166368790.00,,,,534788244.00,,,,661451020.00,,
propertyPlantEquipment,,59000000.00,2761000000.00,2789000000.00,2738000000.00,469000000.00,2500000000.00,2423000000.00,2338000000.00,474000000.00,474000000.00,2992000000.00,,536000000.00,536000000.00,2754000000.00,0.00,2700000000.00,272053716.14,2514000000.00,0.00,1591511459.08,,,,603574000.00,,,,624393000.00,,,,261437908.50,,,,671037000.00,,,,693584000.00,,,,727785000.00,,,,761641000.00,,,,785394000.00,,,,751626000.00,,,,294981000.00,,,,311449000.00,,,,319734000.00,,,,622748000.00,,,,401844000.00,,,,412061000.00,,,,318656000.00,,,,238455000.00,,,,,,,,,,,,,,,,,,,,,,,,,,,,,,,,,,,,,,,,,,,,,,,,,,,,,,,,,,,,,,
totalCurrentAssets,57036000000.00,73193000000.00,89236000000.00,91342000000.00,100897000000.00,113877000000.00,109405000000.00,110181000000.00,108161000000.00,115825000000.00,44415000000.00,113265000000.00,66929000000.00,110117000000.00,66086000000.00,103377000000.00,231778532993.42,101014000000.00,67798101412.36,98361000000.00,60793455529.59,109370000000.00,113489000000.00,116913000000.00,130630000000.00,130968000000.00,133408000000.00,134175000000.00,137149000000.00,130642000000.00,133927000000.00,132896000000.00,147699000000.00,127001000000.00,118231000000.00,116811000000.00,113027000000.00,107437000000.00,112662000000.00,118386000000.00,123911000000.00,124211000000.00,163787000000.00,163733000000.00,158300000000.00,159975000000.00,122186000000.00,145799000000.00,150122000000.00,5231.00,38346000000.00,13771000000.00,,11137000000.00,13975000000.00,13994000000.00,32892000000.00,10223000000.00,151811000000.00,264486000000.00,29331000000.00,10780436950.00,,,,13144000000.00,,,,7307000000.00,,,,3942000000.00,,241647420.00,,4511000000.00,,3151461390.00,,3812000000.00,,,,6328000000.00,,,,5539000000.00,,,4550000000.00,,,,,1038063830.00,,,,1013745191.00,,,,739106480.00,,,,712260940.00,,,,688506624.00,,,,636254808.00,,,,580920522.00,,,,501922893.00,,,,,,,,,,,,,,,,,,,,,,,,,,
longTermInvestments,263871000000.00,88280000000.00,129086000000.00,133385000000.00,148876000000.00,162239000000.00,161002000000.00,159336000000.00,156608000000.00,158501000000.00,,158014000000.00,,148667000000.00,243703304399.14,145951000000.00,337385324163.62,140106466501.31,93694142162.54,205503441560.74,101706236929.51,208915758903.16,85398000000.00,87758000000.00,103436000000.00,105097000000.00,107115000000.00,106020000000.00,110956000000.00,109177000000.00,,,,185227547809.25,,,,137429000000.00,,,,,,,,,,,,,,,,,,,,,,,,,,,,,,,,,,,,,,,,,,,,,,,,,,,,,,,,,,,,,,,,,,,,,,,,,,,,,,,,,,,,,,,,,,,,,,,,,,,,,,,,,,,,,,,,,,
netTangibleAssets,,,13633000000.00,17965000000.00,22184000000.00,26127000000.00,24641000000.00,24207000000.00,23152000000.00,24087000000.00,24087000000.00,24142000000.00,23890000000.00,23898000000.00,23898000000.00,22592000000.00,22592000000.00,38138776067.76,25504746469.09,58141091253.27,28774757042.69,59202789544.75,23225000000.00,23770000000.00,24868000000.00,23961000000.00,,,,25869000000.00,,,,33167513919.15,,,,22341000000.00,,,,,,,,,,,,,,,,,,,,,,,,,,,,,,,,,,,,,,,,,,,,,,,,,,,,,,,,,,,,,,,,,,,,,,,,,,,,,,,,,,,,,,,,,,,,,,,,,,,,,,,,,,,,,,,,,,
shortTermInvestments,53281000000.00,60906000000.00,81184000000.00,83432000000.00,93792000000.00,101366000000.00,103049000000.00,102395000000.00,100914000000.00,100631000000.00,,102127000000.00,,91209000000.00,14739156066.75,91387000000.00,26804777148.22,86253000000.00,6893956934.48,88776000000.00,7567966539.55,90510000000.00,92142000000.00,94724000000.00,109918000000.00,111091000000.00,113718000000.00,114632000000.00,118416000000.00,116316000000.00,116185000000.00,114614000000.00,126946000000.00,111024000000.00,109207000000.00,101378000000.00,98953000000.00,96485000000.00,98692000000.00,102261000000.00,107219000000.00,109007000000.00,147955000000.00,147065000000.00,140770000000.00,144079000000.00,105465000000.00,132837000000.00,136991000000.00,143188000000.00,286063000000.00,299899000000.00,17928713000.00,264967000000.00,255605000000.00,246621000000.00,236442000000.00,243938000000.00,121346000000.00,252073000000.00,251632000000.00,23247977000.00,,,,2971964000.00,,,,10150962000.00,,,,3851561000.00,,,,837701000.00,,,,462389000.00,,,,454841000.00,,,,350172000.00,,,,,,,,,,,,,,,,,,,,,,,,,,,,,,,,,,,,,,,,,,,,,,,,,,,,,,,,,,,,,,
netReceivables,,8880000000.00,,,,5622000000.00,,,,6826000000.00,5087000000.00,,,6655000000.00,4403000000.00,0.00,0.00,6019000000.00,4914332021.30,0.00,0.00,8091000000.00,9510000000.00,9309000000.00,9675000000.00,8530000000.00,8374000000.00,9061000000.00,8117000000.00,5195000000.00,8218000000.00,7400000000.00,7518000000.00,5367000000.00,,7583000000.00,6958000000.00,5261000000.00,7837000000.00,8056000000.00,8120000000.00,5551000000.00,8022000000.00,7931000000.00,8859000000.00,7792000000.00,9399000000.00,8512000000.00,8845000000.00,7912000000.00,30568000000.00,8443000000.00,,6823000000.00,6397000000.00,7178000000.00,26618000000.00,4673000000.00,21435000000.00,,18948000000.00,2349436950.00,,,,,,,,,,,,3942000000.00,,241647420.00,,4511000000.00,,3151461390.00,,3812000000.00,,,,6328000000.00,,,,5539000000.00,,,4550000000.00,,,,,1038063830.00,,,,1013745191.00,,,,739106480.00,,,,712260940.00,,,,688506624.00,,,,636254808.00,,,,580920522.00,,,,501922893.00,,,,,,,,,,,,,,,,,,,,,,,,,,
longTermDebt,5395000000.00,6464000000.00,12195000000.00,11820000000.00,11808000000.00,11981000000.00,11756000000.00,11559000000.00,11161000000.00,10735000000.00,,4037000000.00,,4088000000.00,18774509376.87,11028000000.00,43579991506.71,13583000000.00,14128270432.97,14887000000.00,18313445688.28,38556617235.04,18431824000.00,18000853000.00,17053682000.00,12846005000.00,15434269000.00,14337187000.00,13344524000.00,11699487000.00,15427000000.00,17000927000.00,16487435000.00,18213507625.27,18863706000.00,19583545000.00,18187018000.00,15428346000.00,16722493000.00,17869235000.00,18123106000.00,15264114000.00,14810113000.00,14300905000.00,15211427000.00,10345967000.00,13426137000.00,13878179000.00,,10124247000.00,12484358000.00,9954481000.00,10803216000.00,7992956000.00,10657955000.00,11232824000.00,649789000.00,5324018000.00,2207901000.00,1645666000.00,2345462000.00,5137335000.00,2154179000.00,2425488000.00,2134490000.00,5559896000.00,,,,5280348000.00,,,,10481120000.00,,,,8904819000.00,,,,6794280000.00,,,,6991736000.00,,,,5692883000.00,,,,,,,,,,,,,,,,,,,,,,,,,,,,,,,,,,,,,,,,,,,,,,,,,,,,,,,,,,,,,,
inventory,,,,,,,,,,,,,,0.00,0.00,0.00,0.00,0.00,0.00,0.00,0.00,0.00,,,,,,,,,,,,0.00,,,,,,,,,,,,,,,,,,,,,,,,,,,,,,,,,,,,,,,,,,,,,,,,,,,,,,,,,,,,,,,,,,,,,,,,,,,,,,,,,,,,,,,,,,,,,,,,,,,,,,,,,,,,,,,,,,,,,,
accountsPayable,,2172000000.00,,,,3080000000.00,,,,2752000000.00,8184000000.00,,,3256000000.00,9171000000.00,0.00,0.00,2872000000.00,10259319286.87,0.00,0.00,4579000000.00,,,,5213000000.00,8858000000.00,8858000000.00,8858000000.00,2537000000.00,,,,3620000000.00,,,,3385000000.00,,,,4396000000.00,,,,7744882000.00,,,,7130762000.00,,,,6889393000.00,,,,6757675000.00,,,,6327480000.00,,,,6013873000.00,,,,3447206000.00,,,,18977568000.00,,,,16077551000.00,,,,12366008000.00,,,,5181272000.00,,,,7645185220.00,,,,,,,,,,,,,,,,,,,,,,,,,,,,,,,,,,,,,,,,,,,,,,,,,,,,,,,,,,,,,,
totalPermanentEquity,,,,,,,,,,,,,,0.00,0.00,0.00,0.00,0.00,0.00,0.00,0.00,0.00,,,,,,,,,,,,0.00,,,,,,,,,,,,,,,,,,,,,,,,,,,,,,,,,,,,,,,,,,,,,,,,,,,,,,,,,,,,,,,,,,,,,,,,,,,,,,,,,,,,,,,,,,,,,,,,,,,,,,,,,,,,,,,,,,,,,,
noncontrollingInterestInConsolidatedEntity,,,,,,,,,,,,,,0.00,0.00,0.00,0.00,0.00,0.00,0.00,0.00,0.00,,,,,,,,,,,,0.00,,,,,,,,,,,,,,,,,,,,,,,,,,,,,,,,,,,,,,,,,,,,,,,,,,,,,,,,,,,,,,,,,,,,,,,,,,,,,,,,,,,,,,,,,,,,,,,,,,,,,,,,,,,,,,,,,,,,,,
temporaryEquityRedeemableNoncontrollingInterests,,,,,,,,,,,,,,0.00,0.00,0.00,0.00,0.00,0.00,0.00,0.00,0.00,,,,,,,,,,,,0.00,,,,,,,,,,,,,,,,,,,,,,,,,,,,,,,,,,,,,,,,,,,,,,,,,,,,,,,,,,,,,,,,,,,,,,,,,,,,,,,,,,,,,,,,,,,,,,,,,,,,,,,,,,,,,,,,,,,,,,
accumulatedOtherComprehensiveIncome,-5543000000.00,-5045000000.00,-5845000000.00,-2417000000.00,1111000000.00,4567000000.00,4288000000.00,4018000000.00,3227000000.00,4393000000.00,,5202000000.00,,3928000000.00,0.00,3320000000.00,0.00,1760000000.00,0.00,0.00,0.00,2861000000.00,3093000000.00,5222000000.00,5155000000.00,4908000000.00,5460000000.00,8633000000.00,6476000000.00,6222000000.00,6831000000.00,8481000000.00,9461000000.00,6620000000.00,,2794000000.00,6261000000.00,516000000.00,1004000000.00,6710000000.00,,5027000000.00,5275000000.00,,,,,,,-395000000.00,,,,,,,,,,,,-1757802900.00,,,,,,,,,,,,,,,,,,,,,,,,,,,,,,,1058570310.00,,,,,,,,,,,,,,,,,,,,,,,,,,,,,,,,,,,,,,,,,,,,,,,,,,,,,,,,,,,
additionalPaidInCapital,,,,,,,,,,,,,,0.00,0.00,0.00,0.00,0.00,0.00,0.00,0.00,0.00,,,,,,,,,,,,0.00,,,,,,,,,,,,,,,,,,,,,,,,,,,,,,,,,,,,,,,,,,,,,,,,,,,,,,,,,,,,,,,,,,,,,,,,,,,,,,,,,,,,,,,,,,,,,,,,,,,,,,,,,,,,,,,,,,,,,,
commonStockTotalEquity,,,,,,,,7426000000.00,7480000000.00,320000000.00,,7536000000.00,,323000000.00,0.00,7669000000.00,0.00,321000000.00,0.00,20179000000.00,0.00,322000000.00,,20409000000.00,21505000000.00,320000000.00,,21982000000.00,22848000000.00,328000000.00,,25047000000.00,27429000000.00,327000000.00,,20325000000.00,19129000000.00,326000000.00,,21104000000.00,23600000000.00,319000000.00,,,,229000000.00,,,,208000000.00,,,,8114000000.00,,7347000000.00,,189000000.00,,,12597000000.00,195615420.00,,,,255563950.00,,,,6834802360.00,,,,242045300.00,,,,181551200.00,,,,173433260.00,,,,,,,,,,,,,,,,,,,,,,,,,,,,,,,,,,,,,,,,,,,,,,,,,,,,,,,,,,,,,,,,,,,,,,
preferredStockTotalEquity,,,,,,,,,,,,,,0.00,0.00,0.00,0.00,0.00,0.00,0.00,0.00,0.00,,,,,,,,,,,,0.00,,,,,,,,109444000.00,,,,105081000.00,,,,92883000.00,,,,100324000.00,,,,86298000.00,,,,90539000.00,2985990000.00,2839200000.00,2808540000.00,79182000.00,,,,69868000.00,,,,77167000.00,,,,70543000.00,,,,55571000.00,,,,47175000.00,,,,49756000.00,,,,,,,,,,,,,,,,,,,,,,,,,,,,,,,,,,,,,,,,,,,,,,,,,,,,,,,,,,,,,,
retainedEarningsTotalEquity,,,,,,,,,,,,,,0.00,0.00,0.00,0.00,0.00,0.00,0.00,0.00,0.00,,,,,,,,,,,,0.00,,,,,,,,,,,,,,,,,,,,,,,,,,,,,,,,,,,,,,,,,,,,,,,,,,,,,,,,,,,,,,,,,,,,,,,,,,,,,,,,,,,,,,,,,,,,,,,,,,,,,,,,,,,,,,,,,,,,,,
treasuryStock,,,,,,-273000000.00,,,,,,,,0.00,0.00,0.00,0.00,0.00,0.00,0.00,0.00,-975926838.13,,,,-200488000.00,,,,-292107000.00,,,,-467225853.30,,,,-402347000.00,,,,-320420000.00,,,,-326920000.00,,,,-334379000.00,,,,-359733000.00,,,,-1009128000.00,,,,-2997996000.00,,,,-1038604000.00,,,,-645389000.00,,,,,,,,,,,,,,,,,,,,,,,,,,,,,,,,,,,,,,,,,,,,,,,,,,,,,,,,,,,,,,,,,,,,,,,,,,,,,,,,,,
accumulatedAmortization,,,,,,,,,,,,,,0.00,0.00,0.00,0.00,0.00,0.00,0.00,0.00,0.00,,,,,,,,,,,,,,,,,,,,,,,,,,,,,,,,,,,,,,,,,,,,,,,,,,,,,,,,,,,,,,,,,,,,,,,,,,,,,,,,,,,,,,,,,,,,,,,,,,,,,,,,,,,,,,,,,,,,,,,,,,,,,,,,,,
nonCurrrentAssetsOther,-264238000000.00,-89678000000.00,-130598000000.00,-134811000000.00,-150241000000.00,-163771000000.00,-162316000000.00,-160737000000.00,-158065000000.00,-160098000000.00,,-159518000000.00,,-150481000000.00,0.00,-147589000000.00,0.00,-139730000000.00,0.00,-146900000000.00,0.00,-152018000000.00,-154175000000.00,-157600000000.00,-174858000000.00,-176306000000.00,-178652000000.00,-179592000000.00,-183630000000.00,-184716000000.00,-186798000000.00,-189004000000.00,-205916000000.00,-183905000000.00,-182871000000.00,-172220000000.00,-168405000000.00,-164614000000.00,-168035000000.00,-169529000000.00,-177487000000.00,-189322000000.00,-151860000000.00,-151069000000.00,-144769000000.00,-148106000000.00,-114816000000.00,-137596000000.00,-141875000000.00,-148279995641.00,-759000000.00,-5637000000.00,,-5305000000.00,-5291000000.00,-5842000000.00,-584000000.00,-1135000000.00,-121843000000.00,-252073000000.00,-470000000.00,-5095771150.00,,,,-235846850.00,-4491010380.00,,,-4949289600.00,,,,-460000000.00,,,,-319000000.00,,,,-393000000.00,,,,-358000000.00,,,,-254000000.00,,,-161000000.00,,,,,-121774510.00,,,,-122546689.00,,,,-98495000.00,,,,-87376920.00,,,,-76078080.00,,,,-59399172.00,,,,-49610977.00,,,,-36754434.00,,,,,,,,,,,,,,,,,,,,,,,,,,
deferredLongTermAssetCharges,,,,,,,,,,,,,,0.00,0.00,0.00,0.00,0.00,0.00,0.00,0.00,0.00,,,,,,,,,,,,,,,,,,,,,,,,,,,,,,,,,,,,,,,,,,,,,,,,,,,,,,,,,,,,,,,,,,,,,,,,,,,,,,,,,,,,,,,,,,,,,,,,,,,,,,,,,,,,,,,,,,,,,,,,,,,,,,,,,,
nonCurrentAssetsTotal,264238000000.00,89678000000.00,130598000000.00,134811000000.00,150241000000.00,163771000000.00,162316000000.00,160737000000.00,158065000000.00,160098000000.00,,159518000000.00,,150481000000.00,0.00,147589000000.00,0.00,139730000000.00,0.00,146900000000.00,0.00,152018000000.00,154175000000.00,157600000000.00,174858000000.00,176306000000.00,178652000000.00,179592000000.00,183630000000.00,184716000000.00,186798000000.00,189004000000.00,205916000000.00,183905000000.00,182871000000.00,172220000000.00,168405000000.00,164614000000.00,168035000000.00,169529000000.00,177487000000.00,189322000000.00,151860000000.00,151069000000.00,144769000000.00,148106000000.00,114816000000.00,137596000000.00,141875000000.00,4359.00,759000000.00,5637000000.00,,5305000000.00,5291000000.00,5842000000.00,584000000.00,5425000000.00,121843000000.00,252073000000.00,470000000.00,5095771150.00,,,,4338000000.00,,,,4949289600.00,,,,460000000.00,,,,319000000.00,,,,393000000.00,,,,358000000.00,,,,254000000.00,,,161000000.00,,,,,121774510.00,,,,122546689.00,,,,98495000.00,,,,87376920.00,,,,76078080.00,,,,59399172.00,,,,49610977.00,,,,36754434.00,,,,,,,,,,,,,,,,,,,,,,,,,,
capitalLeaseObligations,,210000000.00,,,,252000000.00,,,,266000000.00,,,,311000000.00,0.00,0.00,0.00,0.00,0.00,0.00,0.00,0.00,,,,,,,,,,,,,,,,,,,,,,,,,,,,,,,,,,,,,,,,,,,,,,,,,,,,,,,,,,,,,,,,,,,,,,,,,,,,,,,,,,,,,,,,,,,,,,,,,,,,,,,,,,,,,,,,,,,,,,,,,,,,,,,,,,
longTermDebtTotal,5395000000.00,6464000000.00,12195000000.00,11820000000.00,11808000000.00,11981000000.00,11755000000.00,11559000000.00,11161000000.00,10735000000.00,,4037000000.00,,4088000000.00,0.00,11028000000.00,0.00,13583000000.00,0.00,14887000000.00,0.00,32071716216.13,,,,,,,,,,,,,,,,,,,,,,,,,,,,,,,,,,,,,,,,,,,,,,,,,,,,,,,,,,,,,,,,,,,,,,,,,,,,,,,,,,,,,,,,,,,,,,,,,,,,,,,,,,,,,,,,,,,,,,,,,,,,,,,,,,
nonCurrentLiabilitiesOther,,,,,,,,,,,,,,0.00,0.00,0.00,0.00,0.00,0.00,0.00,0.00,0.00,,,,,,,,,,,,,,,,,,,,,,,,,,,,,,,,,,,,,,,,,,,,,,,,,,,,,,,,,,,,,,,,,,,,,,,,,,,,,,,,,,,,,,,,,,,,,,,,,,,,,,,,,,,,,,,,,,,,,,,,,,,,,,,,,,
nonCurrentLiabilitiesTotal,5395000000.00,2172000000.00,409162000000.00,402039000000.00,424528000000.00,3080000000.00,433552000000.00,433075000000.00,425990000000.00,12435000000.00,,417878000000.00,,13199000000.00,0.00,399424000000.00,0.00,14133000000.00,0.00,365006000000.00,0.00,15574000000.00,373281000000.00,380414000000.00,400123000000.00,16341000000.00,400406000000.00,400018000000.00,387928000000.00,15725000000.00,392986000000.00,411959000000.00,450977000000.00,18281000000.00,14701000000.00,13847000000.00,12926000000.00,14591000000.00,12085000000.00,13232000000.00,13567000000.00,16689000000.00,61000000.00,335949000000.00,323423000000.00,319843000000.00,313650000000.00,294408000000.00,298973000000.00,308796.00,312738000000.00,314834000000.00,,279751000000.00,272320000000.00,270091000000.00,,273457000000.00,,,,4998941420.00,,,,291585000000.00,289377689400.00,277357997220.00,,7165465320.00,,248616088000.00,,254000000.00,,230241497390.00,,452000000.00,,226926990330.00,,616000000.00,,3953034240.00,,670000000.00,,2832517600.00,,683000000.00,,2040499200.00,703000000.00,,,,,1491099070.00,,,,1723927616.00,,,,3927980600.00,,,,1643403260.00,,,,4826203200.00,,,,3445951068.00,,,,4017412438.00,,,,3844172616.00,,,,3789579107.00,,,,4045721520.00,,,,3568854752.00,,,,3438879144.00,,,,1972302192.00,,,,1538592590.00,,
negativeGoodwill,,,,,,,,,,,,,,0.00,0.00,0.00,0.00,0.00,0.00,0.00,0.00,0.00,,,,,,,,,,,,,,,,,,,,,,,,,,,,,,,,,,,,,,,,,,,,,,,,,,,,,,,,,,,,,,,,,,,,,,,,,,,,,,,,,,,,,,,,,,,,,,,,,,,,,,,,,,,,,,,,,,,,,,,,,,,,,,,,,,
warrants,,,,,,,,,,,,,,0.00,0.00,0.00,0.00,0.00,0.00,0.00,0.00,0.00,,,,,,,,,,,,,,,,,,,,,,,,,,,,,,,,,,,,,,,,,,,,,,,,,,,,,,,,,,,,,,,,,,,,,,,,,,,,,,,,,,,,,,,,,,,,,,,,,,,,,,,,,,,,,,,,,,,,,,,,,,,,,,,,,,
preferredStockRedeemable,,,,,,,,,,,,,,0.00,0.00,0.00,0.00,0.00,0.00,0.00,0.00,0.00,,,,,,,,,,,,,,,,,,,,,,,,,,,,,,,,,,,,,,,,,,,,,,,,,,,,,,,,,,,,,,,,,,,,,,,,,,,,,,,,,,,,,,,,,,,,,,,,,,,,,,,,,,,,,,,,,,,,,,,,,,,,,,,,,,
capitalSurpluse,,6853000000.00,,,,7033000000.00,,,,7160000000.00,,7213000000.00,,7213000000.00,0.00,7347000000.00,0.00,0.00,0.00,7612000000.00,0.00,19310470254.44,,,,,,,,,,,,,,,,,,,,,,,,,,,,,,,,,,,,,,,,,,,,,,,,,,,,,,,,,,,,,,,,,,,,,,,,,,,,,,,,,,,,,,,,,,,,,,,,,,,,,,,,,,,,,,,,,,,,,,,,,,,,,,,,,,
liabilitiesAndStockholdersEquity,383263000000.00,401786000000.00,424508000000.00,421333000000.00,448296000000.00,468252000000.00,459684000000.00,459413000000.00,450681000000.00,443814000000.00,,443546000000.00,,440348000000.00,0.00,423676000000.00,0.00,392633000000.00,0.00,388514000000.00,0.00,396291000000.00,397195000000.00,404625000000.00,425454000000.00,425935000000.00,425358000000.00,425801000000.00,414603000000.00,415415000000.00,420889000000.00,440812000000.00,482240000000.00,424902000000.00,399321000000.00,375989000000.00,361313000000.00,353621000000.00,354294000000.00,356694000000.00,369679000000.00,366118000000.00,369274000000.00,363982000000.00,349718000000.00,345577000000.00,337821000000.00,315975000000.00,321321000000.00,332303000000.00,337000000000.00,338745000000.00,,298634000000.00,291683000000.00,285443000000.00,283022000000.00,287259000000.00,296823000000.00,295896000000.00,292515000000.00,314120000000.00,318816259800.00,328956019240.00,319712219550.00,314813000000.00,312547166400.00,298489528620.00,,311200000000.00,,265363238000.00,,238499000000.00,,245357612020.00,,233976000000.00,,240534267390.00,,238206000000.00,,249960561600.00,,264061000000.00,,267985931200.00,,244216000000.00,,241302592000.00,228808000000.00,,,,,130349819900.00,,,,123762502925.00,,,,82757074920.00,,,,68540388000.00,,,,62631279360.00,,,,58601855760.00,,,,38175936682.00,,,,32435090136.00,,,,27408356548.00,,,,25571329668.00,,,,22869154528.00,,,,19664065884.00,,,,17107812963.00,,,,15349164728.00,,
cashAndShortTermInvestments,57036000000.00,64313000000.00,89236000000.00,91342000000.00,100897000000.00,108255000000.00,109405000000.00,110181000000.00,108161000000.00,108999000000.00,,113265000000.00,,103462000000.00,0.00,103377000000.00,0.00,94995000000.00,0.00,98361000000.00,0.00,101279000000.00,103979000000.00,107604000000.00,120955000000.00,122438000000.00,125034000000.00,125114000000.00,129032000000.00,125447000000.00,125709000000.00,125496000000.00,140181000000.00,121634000000.00,118231000000.00,109228000000.00,106069000000.00,102176000000.00,104825000000.00,110330000000.00,115791000000.00,118660000000.00,155765000000.00,155802000000.00,149441000000.00,152183000000.00,112787000000.00,137287000000.00,141277000000.00,148419000000.00,7778000000.00,5328000000.00,,4314000000.00,7578000000.00,6816000000.00,6274000000.00,10223000000.00,130376000000.00,264486000000.00,10383000000.00,8431000000.00,,,,13144000000.00,,,,7307000000.00,,,,,,,,,,,,,,,,,,,,,,,,,,,,,,,,,,,,,,,,,,,,,,,,,,,,,,,,,,,,,,,,,,,,,,,,,,,,,,,,,,
propertyPlantAndEquipmentGross,,,,,,,,,,211000000.00,,,,255000000.00,0.00,0.00,0.00,0.00,0.00,0.00,0.00,530000000.00,,,,572000000.00,,,,575000000.00,,,,216000000.00,,,,199000000.00,,,,526000000.00,,,,,,,,,,,,,,,,540000000.00,,,,201771150.00,,,,235846850.00,,,,271289600.00,,,,460000000.00,,,,319000000.00,,,,393000000.00,,,,,,,,,,,,,,,,,,,,,,,,,,,,,,,,,,,,,,,,,,,,,,,,,,,,,,,,,,,,,,,,,,,,,,
propertyPlantAndEquipmentNet,,158000000.00,,,,199000000.00,,,,211000000.00,,,,255000000.00,,,,,,,,530000000.00,,,,572000000.00,,,,575000000.00,,,,216000000.00,,,,199000000.00,,,,526000000.00,,,,,,,,,,,,,,,,540000000.00,,,,201771150.00,,,,235846850.00,4491010380.00,,,271289600.00,,,,460000000.00,,,,319000000.00,,,,393000000.00,,,,358000000.00,,,,254000000.00,,,161000000.00,,,,,121774510.00,,,,122546689.00,,,,98495000.00,,,,87376920.00,,,,76078080.00,,,,59399172.00,,,,49610977.00,,,,36754434.00,,,,,,,,,,,,,,,,,,,,,,,,,,
accumulatedDepreciation,,,,,,,,,,,,,,0.00,0.00,0.00,0.00,0.00,0.00,0.00,0.00,0.00,,,,,,,,,,,,,,,,,,,,,,,,,,,,,,,,,,,,,,,,,,,,,,,,,,,,,,,,,,,,,,,,,,,,,,,,,,,,,,,,,,,,,,,,,,,,,,,,,,,,,,,,,,,,,,,,,,,,,,,,,,,,,,,,,,
netWorkingCapital,,,,,,,,,,,,,,,,,,,,,,,,,,,,,,,,,,,,,,,,,,,,,,,,,,,,,,,,,,,,,,,,,,,,,,,,,,,,,,,,,,,,,,,,,,,,,,,,,,,,,,,,,,,,,,,,,,,,,,,,,,,,,,,,,,,,,,,,,,,,,,,,,,,,,,,,
netInvestedCapital,15480000000.00,20478000000.00,27340000000.00,30889000000.00,35357000000.00,38157000000.00,37711000000.00,37742000000.00,35770000000.00,35393000000.00,,36886000000.00,,,,,,,,,,,,,,,,,,,,,,,,,,,,,,,,,,,,,,,,,,,,,,,,,,,,,,,,,,,,,,,,,,,,,,,,,,,,,,,,,,,,,,,,,,,,,,,,,,,,,,,,,,,,,,,,,,,,,,,,,,,,,,,,,,,,,,,,,,,,
commonStockSharesOutstanding,2233333333.00,2546000000.00,2551000000.00,2554000000.00,2564000000.00,2607000000.00,2607000000.00,2606000000.00,2603000000.00,2603000000.00,2609000000.00,2602000000.00,2599000000.00,2052548020.00,5408096600.00,2632000000.00,8545109700.00,3682678300.00,2708663600.00,10336842100.00,2467362500.00,2632000000.00,2644000000.00,2600000000.00,2594000000.00,2601000000.00,2605000000.00,2618000000.00,2669000000.00,2694000000.00,2689000000.00,2681000000.00,2676000000.00,2677000000.00,2679000000.00,2673000000.00,2669000000.00,2669000000.00,2677000000.00,2312000000.00,1943000000.00,1943000000.00,1919000000.00,1886000000.00,1880000000.00,1880000000.00,1880000000.00,1880000000.00,1765000000.00,1765000000.00,2165000000.00,2207000000.00,1707000000.00,1707000000.00,1605000000.00,1516000000.00,1516000000.00,1516000000.00,1316000000.00,1499000000.00,1499000000.00,1636544530.00,1576000000.00,5181000000.00,1683333333.00,1581000000.00,1577000000.00,1576000000.00,1548346000.00,1548346000.00,1689536157.00,1532800000.00,1739132443.00,1739132443.00,1586718170.00,1494300000.00,1579976669.00,1579976669.00,1606553742.00,1529625780.00,1633281948.00,1633281948.00,1486005847.00,1448024948.00,1456713611.00,1456713611.00,1441785587.00,1391060291.00,1388667165.00,1388667165.00,1357652755.00,1386382536.00,1390684630.00,1390684630.00,1492118510.00,1176261542.00,1183355520.00,1183355520.00,1203138155.00,1256641498.00,1198891965.00,1198891965.00,1122660451.00,1155925534.00,1122660411.00,1122660411.00,1138254124.00,1138255341.00,1138254140.00,1138254140.00,1066525750.00,1094591025.00,1084546550.00,1084546550.00,1325836421.00,1079481523.00,1079481523.00,1079481523.00,1046702148.00,1114665229.00,1102737872.00,1102737872.00,1022172453.00,1021311475.00,1084196663.00,1084196663.00,953744559.00,963274374.00,938381717.00,938381717.00,946988839.00,932956215.00,910309959.00,910309959.00,668397847.00,668396540.00,668396471.00,668396471.00,727653039.00,725920429.00,810808467.00,810808467.00,693004539.00,680878975.00,687809219.00,687809219.00,720719357.00,698545743.00,698545493.00,698545493.00,725054902.00,
investments,,78000000.00,27000000.00,4000000.00,-8000000.00,-10000000.00,-3000000.00,11000000.00,-9000000.00,-85000000.00,-176000000.00,78500000.00,143000000.00,-221000908.98,-157367538.54,-55481796.32,-51372859.05,16058729.07,16207455.43,-40735567.97,-43055726.41,10000000.00,-6000000.00,23000000.00,-27000000.00,94000000.00,,,,274000000.00,,,,26627935.12,,,,64000000.00,,,,,,,,,,,,,,,,,,,,,,,,,,,,,,,,,,,,,,,,,,,,,,,,,,,,,,,,,,,,,,,,,,,,,,,,,,,,,,,,,,,,,,,,,,,,,,,,,,,,,,,,,,,,,,,,,,
changeToLiabilities,,,0.00,0.00,0.00,0.00,0.00,0.00,0.00,0.00,0.00,0.00,0.00,0.00,0.00,0.00,0.00,0.00,0.00,0.00,0.00,0.00,0.00,0.00,0.00,0.00,,,,0.00,,,,0.00,,,,0.00,,,,,,,,,,,,,,,,,,,,,,,,,,,,,,,,,,,,,,,,,,,,,,,,,,,,,,,,,,,,,,,,,,,,,,,,,,,,,,,,,,,,,,,,,,,,,,,,,,,,,,,,,,,,,,,,,,
totalCashflowsFromInvestingActivities,130000000.00,616000000.00,13000000.00,59000000.00,466000000.00,-54000000.00,-6000000.00,-32000000.00,38000000.00,-120000000.00,-201000000.00,50500000.00,122000000.00,-86500000.00,-86500000.00,87000000.00,43500000.00,-200160587.29,-202014355.17,-51792364.99,-54742280.72,-1196000000.00,-13000000.00,-966000000.00,-100000000.00,-1078000000.00,-272000000.00,-786000000.00,6834000.00,585301000.00,830453000.00,180695000.00,336193000.00,-85935608.81,22730000.00,,,622810000.00,724123000.00,141809000.00,,90984000.00,,,,843245000.00,766593000.00,,,,,,,,,,,,,,,,,,,,,,,,,,,,,,,,,,,,,,,,,,,,,,,,,,,,,,,,,,,,,,,,,,,,,,,,,,,,,,,,,,,,,,,,,,,,,,,,,,,,,,,,,
netBorrowings,,,69000000.00,-263000000.00,-270000000.00,117000000.00,107000000.00,433000000.00,242000000.00,-76000000.00,57000000.00,-194500000.00,-649000000.00,270500000.00,270500000.00,-1316000000.00,-1316000000.00,-739848589.13,-746700625.14,-104166666.67,-110099643.25,1252000000.00,18000000.00,265000000.00,1947000000.00,641000000.00,,,,-2095000000.00,,,,3092471556.52,,,,-1227000000.00,,,,,,,,,,,,,,,,,,,,,,,,,,,,,,,,,,,,,,,,,,,,,,,,,,,,,,,,,,,,,,,,,,,,,,,,,,,,,,,,,,,,,,,,,,,,,,,,,,,,,,,,,,,,,,,,,,
totalCashFromFinancingActivities,-1437000000.00,-405000000.00,-341000000.00,-843000000.00,-331000000.00,-5000000.00,-399000000.00,489000000.00,215000000.00,-345000000.00,-32000000.00,276000000.00,-677000000.00,-3730000000.00,-1295472058.51,-2808000000.00,-5548268777.26,-1140169763.71,-1150729335.49,-236848230.91,-250338294.99,-1315000000.00,-171000000.00,94000000.00,1911000000.00,-140000000.00,533000000.00,819000000.00,-1677000000.00,-649000000.00,-1673000000.00,-205000000.00,-258000000.00,103000000.00,281000000.00,-134000000.00,465000000.00,-135000000.00,-1506000000.00,-904000000.00,-7000000.00,1518000000.00,32000000.00,-471000000.00,1523000000.00,-43000000.00,33000000.00,-360000000.00,-4000000.00,-400000000.00,665000000.00,-124000000.00,-22000000.00,-943000000.00,1153000000.00,978000000.00,568000000.00,1919000000.00,-37000000.00,-1096000000.00,675000000.00,-924011200.00,-262938760.00,548799590.00,-60849630.00,,,,,,,,,717514000.00,,,,1098458000.00,,,,548366000.00,,,,8404324000.00,,,,3518622000.00,,,,,,,,,,,,,,,,,,,,,,,,,,,,,,,,,,,,,,,,,,,,,,,,,,,,,,,,,,,,,,
changeToOperatingActivities,,,-10926000000.00,-30029000000.00,-17865000000.00,5030000000.00,-4203000000.00,9043000000.00,299000000.00,11539000000.00,7693000000.00,-2879000000.00,-30073000000.00,3934500000.00,3934500000.00,10844500000.00,10844500000.00,-12294677678.37,-12408543644.36,-12474976722.53,-13185508672.65,10887000000.00,10887000000.00,10887000000.00,10887000000.00,13154000000.00,13155000000.00,13155000000.00,13155000000.00,-3192000000.00,,,,21062696683.61,,,,14672000000.00,,,,,,,,,,,,,,,,,,,,,,,,,,,,,,,,,,,,,,,,,,,,,,,,,,,,,,,,,,,,,,,,,,,,,,,,,,,,,,,,,,,,,,,,,,,,,,,,,,,,,,,,,,,,,,,,,,
changeInCash,-299000000.00,481000000.00,100000000.00,805000000.00,216000000.00,533000000.00,-1430000000.00,577000000.00,-1163000000.00,-2227000000.00,-539000000.00,-2334000000.00,1209000000.00,3519000000.00,392013779.08,3240000000.00,6401848589.15,-482335398.03,-486802500.58,-838570763.50,-886332882.27,-1028000000.00,-822000000.00,1842000000.00,-313000000.00,46000000.00,832000000.00,-108000000.00,983000000.00,77000000.00,-1402000000.00,-2359000000.00,2628000000.00,1712000000.00,1383000000.00,556000000.00,1346000000.00,-372000000.00,-1922000000.00,-433000000.00,-1118000000.00,1866000000.00,-960000000.00,85000000.00,743000000.00,606000000.00,2840000000.00,162000000.00,-956000000.00,-2228000000.00,2165000000.00,905000000.00,319000000.00,-3262000000.00,1624000000.00,-989000000.00,-3583000000.00,901000000.00,-2958000000.00,2812306060.00,2263088740.00,-1585915280.00,-4972310360.00,-1487789790.00,2392667550.00,,,,,,,,,,,,,,,,,,,,,,,,,,,,,,,,,,,,,,,,,,,,,,,,,,,,,,,,,,,,,,,,,,,,,,,,,,,,,,,,,,,,,,,
beginPeriodCashFlow,8491000000.00,8010000000.00,7910000000.00,7105000000.00,6889000000.00,6356000000.00,7786000000.00,7209000000.00,8372000000.00,10599000000.00,11138000000.00,13472000000.00,12263000000.00,,,,,,,,11026000000.00,12054000000.00,12876000000.00,11034000000.00,11347000000.00,11300000000.00,10468000000.00,10576000000.00,9593000000.00,9516000000.00,10918000000.00,13277000000.00,10649000000.00,8937000000.00,7554000000.00,6998000000.00,5652000000.00,6024000000.00,7946000000.00,8379000000.00,9497000000.00,7694000000.00,8654000000.00,8569000000.00,7826000000.00,7220000000.00,4380000000.00,4218000000.00,5174000000.00,7402000000.00,5237000000.00,4332000000.00,4013000000.00,7275000000.00,5651000000.00,6640000000.00,10223000000.00,8605000000.00,11563000000.00,8750693940.00,6487605200.00,8970915280.00,13943225640.00,15431015430.00,13038347880.00,,,,,,,,,,,,,,,,,,,,,,,,,,,,,,,,,,,,,,,,,,,,,,,,,,,,,,,,,,,,,,,,,,,,,,,,,,,,,,,,,,,,,,,
endPeriodCashFlow,,8491000000.00,8010000000.00,7910000000.00,7105000000.00,6889000000.00,6356000000.00,7786000000.00,7209000000.00,8372000000.00,10599000000.00,11138000000.00,13472000000.00,12263000000.00,,,,,,,,11026000000.00,12054000000.00,12876000000.00,11034000000.00,11346000000.00,11300000000.00,10468000000.00,10576000000.00,9593000000.00,9516000000.00,10918000000.00,13277000000.00,10649000000.00,8937000000.00,7554000000.00,6998000000.00,5652000000.00,6024000000.00,7946000000.00,8379000000.00,9560000000.00,7694000000.00,8654000000.00,8569000000.00,7826000000.00,7220000000.00,4380000000.00,4218000000.00,5174000000.00,7402000000.00,5237000000.00,4332000000.00,4013000000.00,7275000000.00,5651000000.00,6640000000.00,9506000000.00,8605000000.00,11563000000.00,8750693940.00,7385000000.00,8970915280.00,13943225640.00,15431015430.00,13038347880.00,,,,,,,,,,,,,,,,,,,,,,,,,,,,,,,,,,,,,,,,,,,,,,,,,,,,,,,,,,,,,,,,,,,,,,,,,,,,,,,,,,,,,,
totalCashFromOperatingActivities,1061000000.00,902000000.00,365000000.00,1515000000.00,69000000.00,568000000.00,-1021000000.00,130000000.00,-1473000000.00,-1801000000.00,-260000000.00,-2557000000.00,1764000000.00,670000000.00,670000000.00,5962000000.00,2981000000.00,854553796.74,862468163.93,-566224394.79,-598474597.12,415000000.00,-590000000.00,2825000000.00,-2097000000.00,371000000.00,304000000.00,-155000000.00,2799000000.00,772000000.00,-226000000.00,-1970000000.00,2338000000.00,1645000000.00,922000000.00,648000000.00,907000000.00,-195000000.00,-803000000.00,341000000.00,-1073000000.00,158000000.00,-896000000.00,504000000.00,-732000000.00,471000000.00,2140000000.00,555000000.00,-900000000.00,-1837000000.00,1610000000.00,1132000000.00,358000000.00,-2220000000.00,665000000.00,-1323000000.00,-4127000000.00,-451000000.00,-3005000000.00,3164000000.00,1615000000.00,1577583520.00,-5206734320.00,-447053030.00,2720203830.00,10370203000.00,,5422130000.00,,4261936000.00,,,,11815966000.00,,,,14181703000.00,,,,17223710000.00,,,,607938000.00,,,,2837054000.00,,,,,,,,,,,,,,,,,,,,,,,,,,,,,,,,,,,,,,,,,,,,,,,,,,,,,,,,,,,,,,
issuanceOfCapitalStock,,,,,,,,,,,,,,,,,,,,,,,,,,,,,,,,,,,,,,,,,,,,,,,,,,,,,,,,,,,,,,,,,,,,,,,,,,,,,,,,,,,,,,,,,,,,,,,,,,,,,,,,,,,,,,,,,,,,,,,,,,,,,,,,,,,,,,,,,,,,,,,,,,,,,,,,
depreciation,,339000000.00,212000000.00,279000000.00,330000000.00,136000000.00,596000000.00,161000000.00,274000000.00,218000000.00,236000000.00,332000000.00,-64000000.00,1185000000.00,-264152654.04,491000000.00,970156684.36,-143381509.52,-144709423.48,290968342.64,307540902.94,112000000.00,79000000.00,191000000.00,204000000.00,-568000000.00,268000000.00,208000000.00,277000000.00,347000000.00,132000000.00,343000000.00,314000000.00,45993706.12,181000000.00,246000000.00,247000000.00,59000000.00,288000000.00,315000000.00,286000000.00,385000000.00,,,,,,,,,1288000000.00,,,,,,,,,,,,,,,,,,,,,,,,,,,,,,,,,,,,,,,,,,,,,,,,,,,,,,,,,,,,,,,,,,,,,,,,,,,,,,,,,,,,,,,,,,,,,,,,,,,,,
otherCashflowsFromInvestingActivities,158000000.00,688000000.00,-2000000.00,1000000.00,1000000.00,-2000000.00,2000000.00,-1000000.00,9000000.00,-500000.00,-1000000.00,-500000.00,11000000.00,500000.00,500000.00,132000000.00,-500000.00,573526.04,578837.69,-581936.69,-615081.81,-1207000000.00,1000000.00,-1000000.00,-1000000.00,-949000000.00,,,15946000.00,674345000.00,899657000.00,218620000.00,352305000.00,-1210360.69,71979000.00,12321000.00,,693082000.00,774203000.00,175635000.00,,163507000.00,,,,913300000.00,819044000.00,,,,,,,,,,,,,,,,,,,,,154626000.00,,,,,,1354000.00,,,,,,,,,,,,,,,,,,,,,,,,,,,,,,,,,,,,,,,,,,,,,,,,,,,,,,,,,,,,,,,,,,,,,,,,,,,,,,
dividendsPaid,232000000.00,167000000.00,173000000.00,18000000.00,3000000.00,1000000.00,123000000.00,19000000.00,12000000.00,1000000.00,64000000.00,16500000.00,13000000.00,309000000.00,262747586.68,170000000.00,462355731.42,170337233.31,171914795.09,97183426.44,102718661.58,353447000.00,151000000.00,163177000.00,36000000.00,1000000.00,154000000.00,166583000.00,,317083000.00,145000000.00,163964000.00,,528927620.43,128000000.00,188922000.00,,1986000000.00,127000000.00,254996000.00,,272950000.00,69000000.00,138000000.00,,76541000.00,79349000.00,85686000.00,,119421000.00,122409000.00,110619000.00,,174850000.00,178486000.00,171044000.00,,918654000.00,258000000.00,633069000.00,97991000.00,107585480.00,334283240.00,594880000.00,,621579000.00,,336088000.00,,322102000.00,,,,475184000.00,,,,222967000.00,,,,769599000.00,,,,484214000.00,,,,279762000.00,,,,,,,,,,,,,,,,,,,,,,,,,,,,,,,,,,,,,,,,,,,,,,,,,,,,,,,,,,,,,,
changeToInventory,,,,,,,,,,,,,,0.00,0.00,0.00,0.00,0.00,0.00,0.00,0.00,,,,,,,,,,,,,0.00,,,,,,,,,,,,,,,,,,,,,,,,,,,,,,,,,,,,,,,,,,,,,,,,,,,,,,,,,,,,,,,,,,,,,,,,,,,,,,,,,,,,,,,,,,,,,,,,,,,,,,,,,,,,,,,,,,,,,,
changeToAccountReceivables,,,,,,,,,,,,,,0.00,0.00,0.00,0.00,0.00,0.00,0.00,0.00,-2158000000.00,,,,-2966000000.00,,,,-1507000000.00,,,,-3318809005.08,,,,,,,,,,,,,,,,,,,,,,,,,,,,,,,,,,,,,,,,1210297000.00,,,,,,,,,,,,,,,,,,,,,,,,,,,,,,,,,,,,,,,,,,,,,,,,,,,,,,,,,,,,,,,,,,,,,,,,,,,,,,
salePurchaseOfStock,-243000000.00,-239000000.00,-208000000.00,-100000000.00,-50000000.00,-98000000.00,-133000000.00,16000000.00,,-59000000.00,,20000000.00,,179000000.00,0.00,496000000.00,0.00,0.00,0.00,0.00,0.00,-266000000.00,,2000000.00,2000000.00,-118000000.00,-104000000.00,-201000000.00,-200000000.00,-46000000.00,-114000000.00,,,-52000000.00,-109000000.00,,,334000000.00,-25000000.00,,,,234000000.00,,,,,,,,,,,,,,,,-142000000.00,-2424650.00,-72575350.00,-769722130.00,-384450760.00,-168661120.00,-114186960.00,,,,,,,,,,,,,,,,,,,,,,,,,,,,,,,,,,,,,,,,,,,,,,,,,,,,,,,,,,,,,,,,,,,,,,,,,,,,,,,,,,,,,,,
otherCashflowsFromFinancingActivities,-13000000.00,899000000.00,40000000.00,1210000000.00,614000000.00,194000000.00,-320000000.00,2858000000.00,667000000.00,-31000000.00,71000000.00,1702000000.00,720000000.00,-28000000.00,-28000000.00,-528000000.00,1000000.00,-8602890.57,-8682565.41,581936.69,615081.81,6841000000.00,-11000000.00,103000000.00,1921000000.00,-72000000.00,385000000.00,2220000000.00,-37000000.00,1747000000.00,-39000000.00,-177000000.00,-39000000.00,1439000000.00,-40000000.00,-127000000.00,473000000.00,3481000000.00,-35000000.00,-645000000.00,1000000.00,5403000000.00,-17000000.00,-274000000.00,1581000000.00,-43000000.00,33000000.00,823000000.00,1180000000.00,-400000000.00,665000000.00,-58000000.00,41000000.00,4786000000.00,214000000.00,978000000.00,568000000.00,6752000000.00,541000000.00,-1032575350.00,809575350.00,-1280586900.00,-744465600.00,717460710.00,53337330.00,543716000.00,,,,,,,,,,,,,,,,2145232000.00,,,,7404741000.00,,,,4203006000.00,,,,,,,,,,,,,,,,,,,,,,,,,,,,,,,,,,,,,,,,,,,,,,,,,,,,,,,,,,,,,,
changeToNetincome,,,12070000000.00,30840000000.00,17219000000.00,-5102000000.00,2887000000.00,-10139000000.00,-2429000000.00,-12732000000.00,-7988000000.00,2357000000.00,30631000000.00,-4080500000.00,-4080500000.00,-8259500000.00,-8259500000.00,12556205551.73,12672493632.79,-1142923649.91,-1208020666.75,-13584000000.00,-1264000000.00,2105000000.00,-2679000000.00,-11480000000.00,,,,3019000000.00,,,,-18142096344.71,,,,-18648000000.00,,,,,,,,,,,,,,,,,,,,,,,,,,,,,,,,,,,,,,,,,,,,,,,,,,,,,,,,,,,,,,,,,,,,,,,,,,,,,,,,,,,,,,,,,,,,,,,,,,,,,,,,,,,,,,,,,,
capitalExpenditures,28000000,24000000,25000000,25000000,24000000,43000000,29000000,21000000,19000000,49000000,27000000,26000000,18000000,102000000,80088836.58,45000000,88914563.76,28102775.87,28363047,8147113.59,8611145.28,43000000,23000000,18000000,22000000,36000000,14000000,25000000,16000000,47000000,40000000,38000000,17000000,46000000,14000000,28000000,17000000,33000000,13000000,31000000,11000000,31000000,29000000,19000000,24000000,40000000,18000000,15000000,17000000,46000000,26000000,29000000,35000000,74000000,115000000,7000000,16000000,91000000,2000000,7990710,12000000,58983080,3803720,13198440,9014760,81821000,0,0,0,0,0,0,0,331681000,0,0,0,122191000,0,0,0,169857000,0,0,0,172679000,0,0,0,149269000,0,0,0,,,,,,,,,,,,,,,,,,,,,,,,,,,,,,,,,,,,,,,,,,,,,,,,,,,,,,,,,,,
changeReceivables,,,,,,,,,,,,,,0.00,0.00,0.00,0.00,0.00,0.00,0.00,0.00,,,,,,,,,,,,,,,,,,,,,,,,,,,,,,,,,,,,,,,,,,,,,,,,,,,,,,,,,,,,,,,,,,,,,,,,,,,,,,,,,,,,,,,,,,,,,,,,,,,,,,,,,,,,,,,,,,,,,,,,,,,,,,,,,,,
cashFlowsOtherOperating,,,,,,,,,,,,,,0.00,0.00,0.00,0.00,0.00,0.00,0.00,0.00,,,,,,,,,,,,,,,,,,,,,,,,,,,,,,,,,,,,,,,,,,,,,,,,,,,,,,,,,,,,,,,,,,,,,,,,,,,,,,,,,,,,,,,,,,,,,,,,,,,,,,,,,,,,,,,,,,,,,,,,,,,,,,,,,,,
exchangeRateChanges,,,,,,,,,,,,,,0.00,0.00,0.00,0.00,0.00,0.00,0.00,0.00,,,,,,,,,,,,,,,,,,,,,,,,,,,,,,,,,,,,,,,,,,,,,,,,,,,,,,,,,,,,,,,,,,,,,,,,,,,,,,,,,,,,,,,,,,,,,,,,,,,,,,,,,,,,,,,,,,,,,,,,,,,,,,,,,,,
cashAndCashEquivalentsChanges,,,,,,,,,,,,,,0.00,0.00,0.00,0.00,0.00,0.00,0.00,0.00,,,,,,,,,,,,,,,,,,,,,,,,,,,,,,,,,,,,,,,,,,,,,,,,,,,,,,,,,,,,,,,,,,,,,,,,,,,,,,,,,,,,,,,,,,,,,,,,,,,,,,,,,,,,,,,,,,,,,,,,,,,,,,,,,,,
changeInWorkingCapital,-8866000000.00,2245000000.00,-12595000000.00,-31092000000.00,-19393000000.00,4907000000.00,-4511000000.00,9482000000.00,-2514000000.00,15267000000.00,5396000000.00,24694000000.00,-25612000000.00,4422000000.00,,4753000000.00,,,,,,,,,,,,,,,,,,,,,,,,,,,,,,,,,,,,,,,,,,,,,,,,,,,,,,,,,,,,,,,,,,,,,,,,,,,,,,,,,,,,,,,,,,,,,,,,,,,,,,,,,,,,,,,,,,,,,,,,,,,,,,,,,,,,,,,,
stockBasedCompensation,,,,,,,,,,,,,,,,,,,,,,,,,,,,,,,,,,,,,,,,,,,,,,,,,,,,,,,,,,,,,,,,,,,,,,,,,,,,,,,,,,,,,,,,,,,,,,,,,,,,,,,,,,,,,,,,,,,,,,,,,,,,,,,,,,,,,,,,,,,,,,,,,,,,,,,,
otherNonCashItems,,-1160000000.00,13067000000.00,32782000000.00,18759000000.00,-5508000000.00,3019000000.00,-10547000000.00,309000000.00,-17379000000.00,-5602000000.00,-25902000000.00,25926000000.00,,,,,,,,,-790000000.00,-1138000000.00,2105000000.00,-2679000000.00,50000000.00,-322000000.00,22000000.00,2379000000.00,202000000.00,166000000.00,-2663000000.00,1708000000.00,1676000000.00,689000000.00,59000000.00,268000000.00,-500000000.00,-1318000000.00,-216000000.00,-1563000000.00,-610000000.00,-1269000000.00,250000000.00,-1253000000.00,392000000.00,2080000000.00,152000000.00,-1227000000.00,-2155000000.00,511000000.00,719000000.00,-13000000.00,-2750000000.00,564000000.00,-1162000000.00,-3954000000.00,731000000.00,-2676000000.00,2888000000.00,1462000000.00,827746950.00,-5893602560.00,-1433611480.00,2070389880.00,,,,,,,,,,,,,,,,,,,,,,,,,,,,,,,,,,,,,,,,,,,,,,,,,,,,,,,,,,,,,,,,,,,,,,,,,,,,,,,,,,,,,,,
freeCashFlow,,878000000.00,340000000.00,1490000000.00,45000000.00,525000000.00,-1050000000.00,109000000.00,-1492000000.00,-1850000000.00,-287000000.00,-2583000000.00,1746000000.00,,,,,,,,,372000000.00,-613000000.00,2807000000.00,-2119000000.00,335000000.00,290000000.00,-180000000.00,2783000000.00,725000000.00,-266000000.00,-2008000000.00,2321000000.00,1599000000.00,908000000.00,620000000.00,890000000.00,-228000000.00,-816000000.00,310000000.00,-1084000000.00,127000000.00,-925000000.00,485000000.00,-756000000.00,431000000.00,2122000000.00,540000000.00,-917000000.00,-1883000000.00,1584000000.00,1103000000.00,323000000.00,-2294000000.00,550000000.00,-1330000000.00,-4143000000.00,-542000000.00,-3007000000.00,3171990710.00,1603000000.00,1518600440.00,-5210538040.00,-460251470.00,2711189070.00,,,,,,,,,,,,,,,,,,,,,,,,,,,,,,,,,,,,,,,,,,,,,,,,,,,,,,,,,,,,,,,,,,,,,,,,,,,,,,,,,,,,,,,
researchDevelopment,,,,,,,,,,,,,,0.00,0.00,0.00,0.00,0.00,0.00,0.00,0.00,0.00,0.00,0.00,0.00,0.00,0.00,0.00,0.00,0.00,0.00,0.00,0.00,0.00,0.00,0.00,,0.00,0.00,0.00,,0.00,0.00,0.00,0.00,0.00,0.00,0.00,0.00,0.00,0.00,0.00,0.00,0.00,0.00,0.00,0.00,0.00,0.00,0.00,0.00,0.00,0.00,0.00,0.00,0.00,0.00,0.00,0.00,0.00,0.00,0.00,0.00,0.00,0.00,0.00,0.00,0.00,0.00,0.00,0.00,0.00,0.00,0.00,0.00,0.00,0.00,0.00,0.00,0.00,0.00,0.00,0.00,,,,,,,,,,,,,,,,,,,,,,,,,,,,,,,,,,,,,,,,,,,,,,,,,,,,,,,,,,,
effectOfAccountingCharges,,,,,,,,,,,,,,0.00,0.00,0.00,0.00,0.00,0.00,0.00,0.00,0.00,0.00,0.00,0.00,0.00,0.00,0.00,0.00,0.00,0.00,0.00,0.00,0.00,0.00,0.00,,0.00,0.00,0.00,,0.00,0.00,0.00,0.00,0.00,0.00,0.00,0.00,0.00,0.00,0.00,0.00,0.00,0.00,0.00,0.00,0.00,0.00,0.00,0.00,0.00,0.00,0.00,0.00,0.00,0.00,0.00,0.00,0.00,0.00,0.00,0.00,0.00,0.00,0.00,0.00,0.00,0.00,0.00,0.00,0.00,0.00,0.00,0.00,0.00,0.00,0.00,0.00,0.00,0.00,0.00,0.00,,,,,,,,,,,,,,,,,,,,,,,,,,,,,,,,,,,,,,,,,,,,,,,,,,,,,,,,,,,
incomeBeforeTax,-391000000.00,-1143000000.00,-319000000.00,-454000000.00,373000000.00,1033000000.00,-124000000.00,1034000000.00,458000000.00,93000000.00,-568000000.00,-1403000000.00,1514000000.00,1081000000.00,1554004443.25,749000000.00,693533597.16,117000000.00,49780041.68,665000000.00,409029400.91,517000000.00,607000000.00,746000000.00,523000000.00,531000000.00,499000000.00,-362000000.00,138000000.00,530000000.00,-572000000.00,378000000.00,418000000.00,510000000.00,19000000.00,431000000.00,488000000.00,310000000.00,150000000.00,277000000.00,234000000.00,550000000.00,453000000.00,338000000.00,563000000.00,86000000.00,-16000000.00,473000000.00,373000000.00,352000000.00,-837000000.00,485000000.00,408000000.00,373000000.00,-44000000.00,-338000000.00,-457000000.00,-1278000000.00,-343000000.00,343000000.00,217000000.00,3077000000.00,6321408400.00,8335133080.00,6251736060.00,3390000000.00,7160039400.00,5896025730.00,1775936000.00,3615000000.00,1037000000.00,3180100000.00,1212000000.00,2165000000.00,800596000.00,2889905880.00,621975000.00,2147000000.00,733021000.00,3016485840.00,563530000.00,1849000000.00,673573000.00,2852381520.00,763698000.00,685941000.00,875852000.00,3607384800.00,667465000.00,836702000.00,545449000.00,3295468800.00,676882000.00,,,,,,,,,,,,,,,,,,,,,,,,,,,,,,,,,,,,,,,,,,,,,,,,,,,,,,,,,,,205000000.00
minorityInterest,3000000.00,10000000.00,6000000.00,-18000000.00,-27000000.00,-22000000.00,-19000000.00,155000000.00,82000000.00,75000000.00,75000000.00,22000000.00,22000000.00,20000000.00,20000000.00,22000000.00,22000000.00,38085110.69,25468858.53,47226742.48,23373108.62,0.00,43000000.00,-46000000.00,23000000.00,23000000.00,0.00,0.00,0.00,1086000.00,0.00,0.00,0.00,9428709.76,0.00,0.00,,-24000.00,52000.00,1301000.00,,33000.00,1286000.00,0.00,0.00,2547000.00,-1452000.00,1452000.00,0.00,1196000.00,131000.00,-1353000.00,1353000.00,0.00,0.00,0.00,0.00,0.00,0.00,0.00,0.00,0.00,0.00,0.00,0.00,0.00,0.00,0.00,0.00,0.00,-4000000.00,4000000.00,1000000.00,0.00,0.00,0.00,0.00,0.00,0.00,0.00,0.00,0.00,0.00,0.00,0.00,0.00,0.00,0.00,0.00,0.00,0.00,0.00,0.00,,,,,,,,,,,,,,,,,,,,,,,,,,,,,,,,,,,,,,,,,,,,,,,,,,,,,,,,,,,
sellingGeneralAdministrative,394000000.00,256000000.00,913000000.00,886000000.00,869000000.00,841000000.00,883000000.00,888000000.00,866000000.00,859000000.00,869000000.00,935000000.00,925000000.00,1888000000.00,3664415540.71,1798000000.00,2129997771.32,1801000000.00,1440727020.14,1737000000.00,645220814.37,925000000.00,855000000.00,948000000.00,929000000.00,925000000.00,849000000.00,879000000.00,907000000.00,948000000.00,873000000.00,878000000.00,859000000.00,864000000.00,794000000.00,782000000.00,751000000.00,824000000.00,806000000.00,814000000.00,775000000.00,837000000.00,0.00,0.00,0.00,0.00,0.00,0.00,0.00,2433000000.00,2433000000.00,0.00,0.00,0.00,0.00,0.00,0.00,0.00,0.00,0.00,0.00,0.00,0.00,0.00,0.00,0.00,0.00,0.00,0.00,0.00,0.00,0.00,0.00,0.00,0.00,0.00,0.00,0.00,0.00,0.00,0.00,51640560.00,0.00,51640560.00,0.00,0.00,0.00,60241200.00,0.00,0.00,0.00,121011200.00,0.00,,,,,,,,,,,,,,,,,,,,,,,,,,,,,,,,,,,,,,,,,,,,,,,,,,,,,,,,,,,0.00
sellingAndMarketingExpenses,,,,,,,,,,,,,,,,,,,,,,,,,,,,,,,,,,,,,,,,,,,,,,,,,,1161000000.00,,,,,,,,,,,,,,,,,,,,,,,,,,,,,,,,,,,,,,,,,,,,,,,,,,,,,,,,,,,,,,,,,,,,,,,,,,,,,,,,,,,,,,,,,,,,,,,,,,,,,,
grossProfit,6235000000.00,20558000000.00,-3896000000.00,-23265000000.00,-8679000000.00,14915000000.00,6828000000.00,17501000000.00,8611000000.00,21754000000.00,13318000000.00,30625000000.00,-21359000000.00,4556170524.92,3244300415.44,5667678884.99,5247935139.73,1480991463.21,990391294.28,3701085241.17,1831713617.91,11548000000.00,12309000000.00,11045000000.00,14889000000.00,5691000000.00,16904000000.00,13191000000.00,10424000000.00,10165000000.00,-268000000.00,697000000.00,18934000000.00,10285000000.00,8733000000.00,11433000000.00,9907000000.00,9462000000.00,11095000000.00,5038000000.00,16479000000.00,2442000000.00,13437000000.00,6407000000.00,16912000000.00,13732000000.00,812000000.00,8436000000.00,10430000000.00,11976000000.00,35754000000.00,3437000000.00,15464000000.00,10655000000.00,19307000000.00,14597000000.00,1850000000.00,1165000000.00,-806000000.00,6560000000.00,607000000.00,8656584200.00,12116149960.00,13846228000.00,12879838350.00,15226580920.00,12663875640.00,10701063810.00,9346731740.00,11534058910.00,13692230440.00,7400960000.00,7328916000.00,13318702620.00,8576457800.00,7118735730.00,7116970040.00,7066261400.00,6746805900.00,7391435280.00,7771241600.00,7732046080.00,7177992960.00,7770385440.00,8541929520.00,6088393880.00,8341961820.00,8071139600.00,8169670840.00,7072550480.00,7078217040.00,7642483200.00,3374678680.00,3374678680.00,9931591460.00,4379074880.00,4988944080.00,3237343415.00,4053728835.00,4192642410.00,4801030125.00,3602115993.00,3678984960.00,3416754900.00,3475284960.00,2952297800.00,2826212640.00,2820414240.00,2735612640.00,2476686980.00,2133656558.00,2184214416.00,2758917100.00,2369747220.00,2500084950.00,2142196875.00,2245900530.00,4204893833.00,1908337662.00,1793944930.00,2250666600.00,1858656827.00,1533331944.00,1631481250.00,2013112674.00,1603198765.00,1728561951.00,1403208768.00,1782554400.00,1190322384.00,1459305462.00,1331620880.00,1729574972.00,906783183.00,1473610600.00,1538837469.00,1491423948.00,1120885330.00,939916222.00,912108537.00,1434884695.00,998281118.00,974906900.00,911102686.00,1263522291.00,1049712435.00,1241873715.00,715128951.00,754911615.00,702961810.00,1079586666.00,
reconciledDepreciation,,339000000.00,212000000.00,279000000.00,330000000.00,136000000.00,596000000.00,161000000.00,274000000.00,218000000.00,236000000.00,332000000.00,-64000000.00,,,,,,,,,112000000.00,79000000.00,191000000.00,204000000.00,-568000000.00,268000000.00,208000000.00,277000000.00,-694000000.00,132000000.00,343000000.00,314000000.00,-534000000.00,181000000.00,246000000.00,247000000.00,-775000000.00,288000000.00,315000000.00,286000000.00,385000000.00,,,,,,,,,1288000000.00,,,,,,,,,,,,,,,,,,,,,,,,,,,,,,,,,,,,,,,,,,,,,,,,,,,,,,,,,,,,,,,,,,,,,,,,,,,,,,,,,,,,,,,,,,,,,,,,,,,,,
ebit,,-1479000000.00,-196000000.00,-373000000.00,428000000.00,1093000000.00,-57000000.00,1110000000.00,539000000.00,210000000.00,-423000000.00,-1289000000.00,1631000000.00,1872588058.99,1333408875.81,979467096.43,906928550.11,240628653.88,160916878.91,908493388.63,449624800.10,780000000.00,717000000.00,857000000.00,616000000.00,-457000000.00,588000000.00,-290000000.00,234000000.00,-297000000.00,-447000000.00,453000000.00,525000000.00,-742000000.00,104000000.00,496000000.00,604000000.00,-497000000.00,231000000.00,359000000.00,337000000.00,592000000.00,453000000.00,338000000.00,563000000.00,86000000.00,1608000000.00,473000000.00,373000000.00,1735000000.00,-518000000.00,485000000.00,408000000.00,368000000.00,-50000000.00,-348000000.00,-457000000.00,-1283000000.00,-342000000.00,2226000000.00,208000000.00,3077000000.00,0.00,0.00,0.00,3390000000.00,0.00,0.00,0.00,0.00,0.00,0.00,0.00,7305243790.00,0.00,0.00,0.00,0.00,0.00,0.00,0.00,0.00,0.00,0.00,0.00,0.00,0.00,0.00,0.00,0.00,0.00,0.00,0.00,,,,,,,,,,,,,,,,,,,,,,,,,,,,,,,,,,,,,,,,,,,,,,,,,,,,,,,,,,,
ebitda,-37000000.00,-1140000000.00,16000000.00,-94000000.00,758000000.00,1229000000.00,539000000.00,1271000000.00,813000000.00,428000000.00,-187000000.00,-957000000.00,1567000000.00,,,,,,,,,892000000.00,796000000.00,1048000000.00,820000000.00,-144000000.00,856000000.00,-82000000.00,511000000.00,60000000.00,-315000000.00,796000000.00,839000000.00,-480000000.00,285000000.00,742000000.00,851000000.00,-203000000.00,519000000.00,674000000.00,623000000.00,977000000.00,567000000.00,464000000.00,695000000.00,214000000.00,117000000.00,589000000.00,484000000.00,447000000.00,770000000.00,584000000.00,503000000.00,603000000.00,5000000.00,-232000000.00,-335000000.00,-1122000000.00,-179000000.00,454000000.00,312000000.00,901493120.00,802305560.00,799675200.00,748225080.00,839040200.00,1088610180.00,911893620.00,692472920.00,854658770.00,847677460.00,867300000.00,710962560.00,368318800.00,519321750.00,704394010.00,395477640.00,469743300.00,463698000.00,720159870.00,392227760.00,357076160.00,428008320.00,351358320.00,615541620.00,485277540.00,648953460.00,1032368800.00,589365620.00,487396680.00,488426440.00,886720000.00,266695760.00,266695760.00,646957220.00,351121128.00,326884212.00,279497845.00,306612540.00,301234560.00,294444270.00,304371222.00,195056640.00,247681320.00,184256640.00,219646820.00,170789340.00,170438940.00,165314340.00,172876440.00,149291208.00,149039514.00,131403660.00,143862360.00,111299990.00,142162125.00,115240050.00,122479955.00,109533193.00,121455038.00,104948666.00,97402771.00,106571700.00,122419500.00,87727773.00,139582828.00,62405414.00,103158016.00,86564775.00,159917902.00,72969278.00,61131956.00,52887188.00,37852767.00,61528027.00,64255633.00,62275836.00,50425361.00,40224660.00,38945631.00,39606372.00,41923608.00,37714000.00,36675546.00,36676051.00,35322923.00,43105504.00,37833936.00,39938640.00,24885126.00,38219094.00,
depreciationAndAmortization,,339000000.00,212000000.00,279000000.00,330000000.00,136000000.00,596000000.00,161000000.00,274000000.00,218000000.00,236000000.00,332000000.00,-64000000.00,,,,,,,,,112000000.00,79000000.00,191000000.00,204000000.00,313000000.00,268000000.00,208000000.00,277000000.00,357000000.00,132000000.00,343000000.00,314000000.00,262000000.00,181000000.00,246000000.00,247000000.00,294000000.00,288000000.00,315000000.00,286000000.00,385000000.00,114000000.00,126000000.00,132000000.00,,-1491000000.00,116000000.00,111000000.00,-1288000000.00,1288000000.00,99000000.00,95000000.00,235000000.00,55000000.00,116000000.00,122000000.00,161000000.00,163000000.00,-1772000000.00,104000000.00,,,,,,,,,,,,,-6936924990.00,,,,,,,,,,,,,,,,,,,,,,,,,,,,,,,,,,,,,,,,,,,,,,,,,,,,,,,,,,,,,,,,,,,,,,,,,,,,,,
nonOperatingIncomeNetOther,,,,,,,,,,,,,,0.00,0.00,0.00,0.00,0.00,0.00,0.00,0.00,0.00,,,,,,,,,,,,,,,,,,,,,,,,,,,,,,,,,,,,,,,,,,,,,,,,,,,,,,,,,,,,,,,,,,,,,,,,,,,,,,,,,,,,,,,,,,,,,,,,,,,,,,,,,,,,,,,,,,,,,,,,,,,,,,,,,,
operatingIncome,-37000000.00,-1479000000.00,-196000000.00,-373000000.00,428000000.00,1093000000.00,-57000000.00,1110000000.00,539000000.00,210000000.00,-423000000.00,-1289000000.00,1631000000.00,965000000.00,1333408875.81,641000000.00,906928550.11,1000000.00,160916878.91,564000000.00,449624800.10,517000000.00,607000000.00,746000000.00,523000000.00,531000000.00,499000000.00,-389000000.00,107000000.00,500000000.00,-625000000.00,343000000.00,388000000.00,495000000.00,104000000.00,409000000.00,474000000.00,302000000.00,148000000.00,263000000.00,237000000.00,548000000.00,453000000.00,338000000.00,563000000.00,214000000.00,1608000000.00,473000000.00,373000000.00,382000000.00,-855000000.00,485000000.00,408000000.00,368000000.00,-50000000.00,-348000000.00,-457000000.00,-1283000000.00,-342000000.00,2226000000.00,208000000.00,901493120.00,802305560.00,799675200.00,748225080.00,839040200.00,1088610180.00,911893620.00,692472920.00,854658770.00,847677460.00,867300000.00,710962560.00,7305243790.00,519321750.00,704394010.00,395477640.00,469743300.00,463698000.00,720159870.00,392227760.00,357076160.00,428008320.00,351358320.00,615541620.00,485277540.00,648953460.00,1032368800.00,589365620.00,487396680.00,488426440.00,886720000.00,266695760.00,,646957220.00,351121128.00,326884212.00,279497845.00,306612540.00,301234560.00,294444270.00,304371222.00,195056640.00,247681320.00,184256640.00,219646820.00,170789340.00,170438940.00,165314340.00,172876440.00,149291208.00,149039514.00,131403660.00,143862360.00,111299990.00,142162125.00,115240050.00,122479955.00,109533193.00,121455038.00,104948666.00,97402771.00,106571700.00,122419500.00,87727773.00,139582828.00,62405414.00,103158016.00,86564775.00,159917902.00,72969278.00,61131956.00,52887188.00,37852767.00,61528027.00,64255633.00,62275836.00,50425361.00,40224660.00,38945631.00,39606372.00,41923608.00,37714000.00,36675546.00,36676051.00,35322923.00,43105504.00,37833936.00,39938640.00,24885126.00,38219094.00,166000000.00
otherOperatingExpenses,6621000000.00,21703000000.00,-3576000000.00,-22810000000.00,9052000000.00,13881000000.00,6395000000.00,16468000000.00,8155000000.00,23425000000.00,13324000000.00,32029000000.00,22871000000.00,599500000.00,599500000.00,559500000.00,559500000.00,914042656.41,611252604.77,1488885197.78,736868003.44,14321000000.00,11703000000.00,10297000000.00,14366000000.00,8554000000.00,16406000000.00,13554000000.00,10288000000.00,12502000000.00,304000000.00,320000000.00,18515000000.00,13345000000.00,8713000000.00,11003000000.00,9419000000.00,12100000000.00,10945000000.00,4761000000.00,16245000000.00,8821000000.00,12984000000.00,6069000000.00,16349000000.00,13646000000.00,828000000.00,7963000000.00,10057000000.00,11624000000.00,36591000000.00,2952000000.00,15056000000.00,10282000000.00,19351000000.00,14935000000.00,2307000000.00,2443000000.00,463000000.00,6217000000.00,390000000.00,42172733760.00,118130880.00,111066000.00,97659900.00,45585864760.00,131833140.00,100887030.00,8654258820.00,10679400140.00,12844552980.00,1558662000.00,6617953440.00,1604407360.00,8057136050.00,1604407360.00,6721492400.00,6596518100.00,6283107900.00,1468185660.00,7379013840.00,51640560.00,6749984640.00,1640347200.00,7926387900.00,5603116340.00,7693008360.00,1364286000.00,7580305220.00,6585153800.00,6589790600.00,1286265600.00,3107982920.00,,9284634240.00,4027953752.00,4662059868.00,2957845570.00,3747116295.00,3891407850.00,4506585855.00,3297744771.00,3483928320.00,3169073580.00,3291028320.00,2732650980.00,2655423300.00,2649975300.00,2570298300.00,2303810540.00,1984365350.00,2035174902.00,2627513440.00,2225884860.00,2388784960.00,2000034750.00,2130660480.00,4082413878.00,1798804469.00,1672489892.00,2145717934.00,1761254056.00,1426760244.00,1509061750.00,1925384901.00,1463615937.00,1666156537.00,1300050752.00,1695989625.00,1030404482.00,1386336184.00,1270488924.00,1676687784.00,868930416.00,1412082573.00,1474581836.00,1429148112.00,1070459969.00,899691562.00,873162906.00,1395278323.00,956357510.00,937192900.00,874427140.00,1226846240.00,1014389512.00,1198768211.00,677295015.00,714972975.00,678076684.00,1041367572.00,
interestExpense,106000000.00,32000000.00,117000000.00,98000000.00,82000000.00,81000000.00,87000000.00,83000000.00,84000000.00,126000000.00,146000000.00,115000000.00,118000000.00,270000000.00,379368173.29,243000000.00,480138644.18,276000000.00,159759203.52,231000000.00,142083897.16,121000000.00,109000000.00,111000000.00,93000000.00,89000000.00,89000000.00,72000000.00,97000000.00,104000000.00,125000000.00,75000000.00,108000000.00,104000000.00,85000000.00,65000000.00,116000000.00,87000000.00,81000000.00,83000000.00,103000000.00,94000000.00,115000000.00,126000000.00,132000000.00,130000000.00,133000000.00,117000000.00,111000000.00,95000000.00,319000000.00,99000000.00,96000000.00,93000000.00,93000000.00,106000000.00,120000000.00,156000000.00,164000000.00,111000000.00,95000000.00,147733760.00,118130880.00,111066000.00,97659900.00,28864760.00,131833140.00,100887030.00,133529000.00,181720000.00,0.00,181720000.00,0.00,161920210.00,211350000.00,161920210.00,218798000.00,161099850.00,185341000.00,161099850.00,180940000.00,176185440.00,196036000.00,176185440.00,166402000.00,175831000.00,235527000.00,210253600.00,175880000.00,229437000.00,174228000.00,179430400.00,157014000.00,,,,,,,,,,,,,,,,,,,,,,,,,,,,,,,,,,,,,,,,,,,,,,,,,,,,,,,,,,,119000000.00
taxProvision,-104000000.00,-259000000.00,-113000000.00,-106000000.00,-39000000.00,86000000.00,-65000000.00,185000000.00,72000000.00,-47000000.00,-150000000.00,-92000000.00,243000000.00,171000000.00,,133000000.00,,-137000000.00,,174000000.00,,-468000000.00,,,,,,,,,,,,,,,,,,,,,,,,,,,,,,,,,,,,,,,,,,,,,,,,,,,,,,,,,,,,,,,,,,,,,,,,,,,,,,,,,,,,,,,,,,,,,,,,,,,,,,,,,,,,,,,,,,,,,,,,,,,,,,,,,,35000000.00
interestIncome,1027000000.00,27000000.00,44000000.00,1844000000.00,2026000000.00,128000000.00,1415000000.00,1616000000.00,2069000000.00,178000000.00,1467000000.00,118000000.00,2214000000.00,116000000.00,,110000000.00,,115000000.00,,101000000.00,,,,,,,,,,,,,,,,,,,,,,,,,,,,,,,,,,,,,,,,,,,,,,,,,,,,,,,,,,,,,,,,,,,,,,,,,,,,,,,,,,,,,,,,,,,,,,,,,,,,,,,,,,,,,,,,,,,,,,,,,,,,,,,,,,,,41000000.00
netInterestIncome,-106000000.00,-32000000.00,-117000000.00,-98000000.00,-82000000.00,-81000000.00,-87000000.00,-83000000.00,-84000000.00,-126000000.00,-146000000.00,-115000000.00,-118000000.00,,,,,,,,,,,,,,,,,,,,,,,,,,,,,,,,,,,,,,,,,,,,,,,,,,,,,,,,,,,,,,,,,,,,,,,,,,,,,,,,,,,,,,,,,,,,,,,,,,,,,,,,,,,,,,,,,,,,,,,,,,,,,,,,,,,,,,,,,,,
extraordinaryItems,350000000.00,-1479000000.00,,,,632000000.00,,,,,,,,0.00,0.00,0.00,0.00,0.00,0.00,0.00,0.00,0.00,0.00,0.00,0.00,0.00,0.00,0.00,0.00,0.00,0.00,0.00,0.00,0.00,0.00,0.00,,0.00,0.00,0.00,,0.00,0.00,0.00,0.00,0.00,0.00,0.00,0.00,0.00,0.00,0.00,0.00,0.00,0.00,0.00,0.00,0.00,0.00,0.00,0.00,0.00,0.00,0.00,0.00,0.00,0.00,0.00,0.00,0.00,0.00,0.00,0.00,0.00,0.00,0.00,0.00,0.00,0.00,0.00,0.00,0.00,0.00,0.00,0.00,0.00,0.00,0.00,0.00,0.00,0.00,0.00,0.00,,,,,,,,,,,,,,,,,,,,,,,,,,,,,,,,,,,,,,,,,,,,,,,,,,,,,,,,,,,-432000000.00
nonRecurring,,,,,,,,,,,,,,0.00,0.00,0.00,0.00,0.00,0.00,0.00,0.00,124889860.66,0.00,0.00,0.00,100000000.00,0.00,0.00,0.00,1359000000.00,0.00,0.00,0.00,127087872.19,0.00,0.00,,0.00,0.00,0.00,,0.00,0.00,0.00,0.00,0.00,0.00,0.00,0.00,0.00,0.00,0.00,0.00,0.00,0.00,0.00,0.00,0.00,0.00,0.00,0.00,0.00,0.00,0.00,0.00,0.00,0.00,0.00,0.00,0.00,0.00,0.00,0.00,0.00,0.00,0.00,0.00,0.00,0.00,0.00,0.00,0.00,0.00,0.00,0.00,0.00,0.00,0.00,0.00,0.00,0.00,0.00,0.00,,,,,,,,,,,,,,,,,,,,,,,,,,,,,,,,,,,,,,,,,,,,,,,,,,,,,,,,,,,
otherItems,,,,,,,,,,,,,,0.00,0.00,0.00,0.00,0.00,0.00,0.00,0.00,0.00,0.00,0.00,0.00,0.00,0.00,0.00,0.00,0.00,0.00,0.00,0.00,0.00,0.00,0.00,,0.00,0.00,0.00,,0.00,0.00,0.00,0.00,0.00,0.00,0.00,0.00,0.00,0.00,0.00,0.00,0.00,0.00,0.00,0.00,0.00,0.00,0.00,0.00,0.00,0.00,0.00,0.00,0.00,0.00,0.00,0.00,0.00,0.00,0.00,0.00,0.00,0.00,0.00,0.00,0.00,0.00,0.00,0.00,0.00,0.00,0.00,0.00,0.00,0.00,0.00,0.00,0.00,0.00,0.00,0.00,,,,,,,,,,,,,,,,,,,,,,,,,,,,,,,,,,,,,,,,,,,,,,,,,,,,,,,,,,,
incomeTaxExpense,-104000000.00,-259000000.00,-113000000.00,-106000000.00,-39000000.00,179000000.00,-65000000.00,185000000.00,72000000.00,13000000.00,-150000000.00,-335000000.00,243000000.00,84000000.00,84000000.00,25000000.00,25000000.00,-115986473.45,-77564250.98,216248768.28,107024234.22,-469000000.00,139000000.00,217000000.00,145000000.00,61000000.00,141000000.00,23000000.00,-6000000.00,52000000.00,-48000000.00,28000000.00,101000000.00,111000000.00,-33000000.00,88000000.00,96000000.00,136000000.00,-77000000.00,34000000.00,30000000.00,128000000.00,79000000.00,84000000.00,42000000.00,5000000.00,-76000000.00,69000000.00,46000000.00,34000000.00,-648000000.00,72000000.00,36000000.00,-20000000.00,-189000000.00,-177000000.00,-282000000.00,-96000000.00,-14000000.00,67000000.00,64000000.00,112541920.00,141335160.00,31838920.00,163768140.00,-4485140.00,277086420.00,164234700.00,-692472920.00,708714000.00,-847677460.00,174286000.00,-710962560.00,354874530.00,-519321750.00,147125470.00,-395477640.00,224249310.00,-463698000.00,129750690.00,-392227760.00,273648320.00,-428008320.00,28351680.00,-615541620.00,-485277540.00,-648953460.00,239783600.00,-589365620.00,-487396680.00,-488426440.00,205510400.00,-266695760.00,,-646957220.00,-351121128.00,-326884212.00,-279497845.00,-306612540.00,-301234560.00,-294444270.00,-304371222.00,-195056640.00,-247681320.00,-184256640.00,-219646820.00,-170789340.00,-170438940.00,-165314340.00,-172876440.00,-149291208.00,-149039514.00,-131403660.00,-143862360.00,-111299990.00,-142162125.00,-115240050.00,-122479955.00,-109533193.00,-121455038.00,-104948666.00,-97402771.00,-106571700.00,-122419500.00,-87727773.00,-139582828.00,-62405414.00,-103158016.00,-86564775.00,-159917902.00,-72969278.00,-61131956.00,-52887188.00,-37852767.00,-61528027.00,-64255633.00,-62275836.00,-50425361.00,-40224660.00,-38945631.00,-39606372.00,-41923608.00,-37714000.00,-36675546.00,-36676051.00,-35322923.00,-43105504.00,-37833936.00,-39938640.00,-24885126.00,-38219094.00,
totalRevenue,6235000000.00,20558000000.00,-3896000000.00,-23265000000.00,-8679000000.00,14915000000.00,6269000000.00,17501000000.00,8611000000.00,23517000000.00,12755000000.00,30625000000.00,-21359000000.00,47667133551.53,33942210972.73,85698036152.75,79351308438.05,647446881.65,432970595.05,21424784577.72,10603395251.57,14838000000.00,12309000000.00,11045000000.00,14889000000.00,9085000000.00,16904000000.00,13191000000.00,10424000000.00,13033000000.00,-268000000.00,697000000.00,18934000000.00,13855000000.00,8733000000.00,11433000000.00,9907000000.00,12411000000.00,11095000000.00,5038000000.00,16479000000.00,9371000000.00,13437000000.00,6407000000.00,16912000000.00,13732000000.00,812000000.00,8436000000.00,10430000000.00,11976000000.00,35754000000.00,3437000000.00,15464000000.00,10655000000.00,19307000000.00,14597000000.00,1850000000.00,1165000000.00,-806000000.00,6560000000.00,607000000.00,8656584200.00,12116149960.00,13846228000.00,12879838350.00,15226580920.00,12663875640.00,10701063810.00,9346731740.00,11534058910.00,13692230440.00,7400960000.00,7328916000.00,5990539050.00,8576457800.00,7118735730.00,7116970040.00,7066261400.00,6746805900.00,7391435280.00,7771241600.00,7732046080.00,7177992960.00,7770385440.00,8541929520.00,6088393880.00,8341961820.00,8071139600.00,8169670840.00,7072550480.00,7078217040.00,7642483200.00,3374678680.00,3374678680.00,9931591460.00,4379074880.00,4988944080.00,3237343415.00,4053728835.00,4192642410.00,4801030125.00,3602115993.00,3678984960.00,3416754900.00,3475284960.00,2952297800.00,2826212640.00,2820414240.00,2735612640.00,2476686980.00,2133656558.00,2184214416.00,2758917100.00,2369747220.00,2500084950.00,2142196875.00,2245900530.00,4204893833.00,1908337662.00,1793944930.00,2250666600.00,1858656827.00,1533331944.00,1631481250.00,2013112674.00,1603198765.00,1728561951.00,1403208768.00,1782554400.00,1190322384.00,1459305462.00,1331620880.00,1729574972.00,906783183.00,1473610600.00,1538837469.00,1491423948.00,1120885330.00,939916222.00,912108537.00,1434884695.00,998281118.00,974906900.00,911102686.00,1263522291.00,1049712435.00,1241873715.00,715128951.00,754911615.00,702961810.00,1079586666.00,1039000000.00
totalOperatingExpenses,-6272000000.00,-22037000000.00,3700000000.00,22892000000.00,9107000000.00,-13822000000.00,-6885000000.00,-16391000000.00,-8072000000.00,-21544000000.00,-13741000000.00,-31914000000.00,22990000000.00,45794545492.57,32608802096.91,84718569056.21,78444379887.90,406818227.77,272053716.14,199841108062.15,227023328972.36,-11031000000.00,-11702000000.00,-10299000000.00,-14366000000.00,-5160000000.00,-16405000000.00,-13580000000.00,-10317000000.00,-9665000000.00,-357000000.00,-354000000.00,-18546000000.00,-9790000000.00,-8629000000.00,-11024000000.00,-9433000000.00,-9160000000.00,-10947000000.00,-4775000000.00,-16242000000.00,-1894000000.00,-12984000000.00,-6069000000.00,-16349000000.00,-13518000000.00,796000000.00,-7963000000.00,-10057000000.00,-2433000000.00,-36609000000.00,-2952000000.00,-15056000000.00,-10287000000.00,-19357000000.00,-14945000000.00,-2307000000.00,-2448000000.00,464000000.00,-4334000000.00,-399000000.00,-7755091080.00,-11313844400.00,-13046552800.00,-12131613270.00,-14387540720.00,-11575265460.00,-9789170190.00,-8654258820.00,-10679400140.00,-12844552980.00,-6533660000.00,-6617953440.00,5723756210.00,-8057136050.00,-6414341720.00,-6721492400.00,-6596518100.00,-6283107900.00,-6671275410.00,-7379013840.00,-51640560.00,-6749984640.00,-7419027120.00,-7926387900.00,-5603116340.00,-7693008360.00,-7038770800.00,-7580305220.00,-6585153800.00,-6589790600.00,-6755763200.00,-3107982920.00,,-9284634240.00,-4027953752.00,-4662059868.00,-2957845570.00,-3747116295.00,-3891407850.00,-4506585855.00,-3297744771.00,-3483928320.00,-3169073580.00,-3291028320.00,-2732650980.00,-2655423300.00,-2649975300.00,-2570298300.00,-2303810540.00,-1984365350.00,-2035174902.00,-2627513440.00,-2225884860.00,-2388784960.00,-2000034750.00,-2130660480.00,-4082413878.00,-1798804469.00,-1672489892.00,-2145717934.00,-1761254056.00,-1426760244.00,-1509061750.00,-1925384901.00,-1463615937.00,-1666156537.00,-1300050752.00,-1695989625.00,-1030404482.00,-1386336184.00,-1270488924.00,-1676687784.00,-868930416.00,-1412082573.00,-1474581836.00,-1429148112.00,-1070459969.00,-899691562.00,-873162906.00,-1395278323.00,-956357510.00,-937192900.00,-874427140.00,-1226846240.00,-1014389512.00,-1198768211.00,-677295015.00,-714972975.00,-678076684.00,-1041367572.00,
costOfRevenue,,,,,,1718000000.00,-559000000.00,,,1763000000.00,-563000000.00,4203500000.00,,43110963026.64,30697910557.22,80030357267.69,74103373298.34,-833544581.57,-557420699.24,17723699336.56,8771681633.66,3290000000.00,15883154000.00,15376255000.00,16093001000.00,3394000000.00,20044915000.00,15612763000.00,12416239000.00,2868000000.00,1416488000.00,2832697000.00,20556126000.00,3570000000.00,9391089000.00,15910733000.00,13788023000.00,2949000000.00,16591463000.00,7214791000.00,21756442000.00,6929000000.00,16716443000.00,6166758000.00,21279730000.00,16373024000.00,-11560985000.00,11560985000.00,14022732000.00,13748015000.00,25951820000.00,1430544000.00,20018480000.00,13264861000.00,28693380000.00,19818838000.00,2329958000.00,2362495000.00,-9472458000.00,9472458000.00,426735000.00,13349856000.00,16856343000.00,15988175000.00,15056449000.00,19788995000.00,16431371000.00,5906139000.00,14827788000.00,9684274000.00,15864000000.00,12235000000.00,11393000000.00,-7328163570.00,0.00,0.00,0.00,32187853000.00,0.00,0.00,0.00,29973470000.00,0.00,0.00,0.00,25115062000.00,0.00,0.00,0.00,25421765000.00,0.00,0.00,0.00,,,,,,,,,,,,,,,,,,,,,,,,,,,,,,,,,,,,,,,,,,,,,,,,,,,,,,,,,,,
totalOtherIncomeExpenseNet,-354000000.00,336000000.00,-123000000.00,-81000000.00,-55000000.00,-60000000.00,31000000.00,29000000.00,24000000.00,20000000.00,32000000.00,33000000.00,33000000.00,309795917.01,220595567.46,-230462846.21,-213394952.96,-166189573.89,-111136837.23,-82025394.87,-40595399.19,26000000.00,30000000.00,37000000.00,36000000.00,37000000.00,32000000.00,32000000.00,35000000.00,30000000.00,39000000.00,40000000.00,37000000.00,32000000.00,29000000.00,39000000.00,31000000.00,25000000.00,29000000.00,31000000.00,32000000.00,38000000.00,1108000000.00,1085000000.00,955000000.00,898000000.00,2601000000.00,476000000.00,469000000.00,1877000000.00,1000000.00,460000000.00,481000000.00,3312000000.00,11858000000.00,7022000000.00,-7251000000.00,-7627000000.00,-9352000000.00,-1892000000.00,336000000.00,-8403702400.00,5519102840.00,7535457880.00,5503510980.00,-1683540340.00,6071429220.00,4984132110.00,0.00,-2312800000.00,0.00,2312800000.00,0.00,-5140243790.00,0.00,2185511870.00,0.00,-2296325970.00,0.00,2296325970.00,0.00,-2501023200.00,0.00,2501023200.00,0.00,0.00,0.00,2575016000.00,0.00,0.00,0.00,2408748800.00,0.00,,,,,,,,,,,,,,,,,,,,,,,,,,,,,,,,,,,,,,,,,,,,,,,,,,,,,,,,,,,
discontinuedOperations,,,,,,,,,,,,,,0.00,0.00,0.00,0.00,0.00,0.00,0.00,0.00,0.00,0.00,0.00,0.00,0.00,0.00,0.00,0.00,0.00,0.00,0.00,0.00,0.00,0.00,0.00,,0.00,0.00,0.00,,0.00,0.00,0.00,0.00,0.00,0.00,0.00,0.00,0.00,0.00,0.00,0.00,0.00,0.00,0.00,0.00,0.00,0.00,0.00,0.00,0.00,0.00,0.00,0.00,0.00,0.00,0.00,0.00,0.00,0.00,0.00,0.00,0.00,0.00,0.00,0.00,0.00,0.00,0.00,0.00,0.00,0.00,0.00,0.00,0.00,0.00,0.00,0.00,0.00,0.00,0.00,0.00,,,,,,,,,,,,,,,,,,,,,,,,,,,,,,,,,,,,,,,,,,,,,,,,,,,,,,,,,,,
netIncomeFromContinuingOps,-287000000.00,-884000000.00,-206000000.00,-348000000.00,412000000.00,854000000.00,-59000000.00,849000000.00,386000000.00,80000000.00,-418000000.00,-1287000000.00,1271000000.00,1850882612.52,1317953135.39,642308488.07,594739637.49,190425553.43,127344292.66,610219225.47,302005166.69,4933149495.86,620000000.00,-504000000.00,378000000.00,437000000.00,0.00,0.00,0.00,-431000000.00,0.00,0.00,0.00,927136286.61,0.00,0.00,,1004000000.00,0.00,0.00,,0.00,0.00,0.00,0.00,0.00,0.00,0.00,0.00,0.00,0.00,0.00,0.00,0.00,0.00,0.00,0.00,0.00,0.00,0.00,0.00,0.00,0.00,0.00,0.00,0.00,0.00,0.00,0.00,0.00,0.00,0.00,0.00,0.00,0.00,0.00,0.00,0.00,0.00,0.00,0.00,0.00,0.00,0.00,0.00,0.00,0.00,0.00,0.00,0.00,0.00,0.00,0.00,,,,,,,,,,,,,,,,,,,,,,,,,,,,,,,,,,,,,,,,,,,,,,,,,,,,,,,,,,,
netIncomeApplicableToCommonShares,42000000.00,-2369000000.00,-204000000.00,411000000.00,383000000.00,491000000.00,-81000000.00,1051000000.00,374000000.00,-69500000.00,-414000000.00,-22500000.00,1260000000.00,449000000.00,449000000.00,568000000.00,126500000.00,197000000.00,94350544.11,434000000.00,266945503.75,3356899577.76,589310000.00,630594000.00,404384000.00,487986000.00,397335000.00,-162877000.00,162877000.00,-571000000.00,-367748000.00,367748000.00,310415000.00,741951101.43,279206000.00,174560000.00,540058000.00,1004615000.00,197567000.00,349111000.00,287078000.00,552894000.00,496828000.00,205727000.00,700035000.00,67691000.00,8629000.00,510709000.00,463784000.00,377101000.00,984499000.00,351182000.00,501814000.00,572516000.00,184319000.00,0.00,0.00,0.00,-257394000.00,257394000.00,241817000.00,1016085000.00,858510000.00,780962000.00,945542000.00,1273995000.00,448666000.00,1061088000.00,1292804000.00,466563000.00,780379000.00,864426000.00,874000000.00,672024000.00,562624000.00,507651000.00,402120000.00,687430000.00,523355000.00,529734000.00,398452000.00,1590575000.00,0.00,0.00,0.00,2130899000.00,0.00,0.00,0.00,1937683000.00,0.00,0.00,0.00,,,,,,,,,,,,,,,,,,,,,,,,,,,,,,,,,,,,,,,,,,,,,,,,,,,,,,,,,,,-267000000.00
preferredStockAndOtherAdjustments,,,,,,,,,,,,,,0.00,0.00,0.00,0.00,0.00,0.00,0.00,0.00,0.00,,,,,,,,,,,,,,,,,,,,,,,,,,,,,,,,,,,,,,,,,,,,,,,,,,,,,,,,,,,,,,,,,,,,,,,,,,,,,,,,,,,,,,,,,,,,,,,,,,,,,,,,,,,,,,,,,,,,,,,,,,,,,,,,,,
