,2023-09-30,2023-06-30,2023-03-31,2022-12-31,2022-09-30,2022-06-30,2022-03-31,2021-12-31,2021-09-30,2021-06-30,2021-03-31,2020-12-31,2020-09-30,2020-06-30,2020-03-31,2019-12-31,2019-09-30,2019-06-30,2019-03-31,2018-12-31,2018-09-30,2018-06-30,2018-03-31,2017-12-31,2017-09-30,2017-06-30,2017-03-31,2016-12-31,2016-09-30,2016-06-30,2016-03-31,2015-12-31,2015-09-30,2015-06-30,2015-03-31,2014-12-31,2014-09-30,2014-06-30,2014-03-31,2013-12-31,2013-09-30,2013-06-30,2013-03-31,2012-12-31,2012-09-30,2012-06-30,2012-03-31,2011-12-31,2011-09-30,2011-06-30,2011-03-31,2010-12-31,2010-09-30,2010-06-30,2010-03-31,2009-12-31,2009-09-30,2009-06-30,2009-03-31,2008-12-31,2008-09-30,2008-06-30,2008-03-31,2007-12-31,2007-09-30,2007-06-30,2007-03-31,2006-12-31,2006-09-30,2006-06-30,2006-03-31,2005-12-31,2005-09-30,2005-06-30,2005-03-31,2004-12-31,2004-09-30,2004-06-30,2004-03-31,2003-12-31,2003-09-30,2003-06-30,2003-03-31,2002-12-31,2002-09-30,2002-06-30,2002-03-31,2001-12-31,2001-09-30,2001-06-30,2001-03-31,2000-12-31,2000-09-30,2000-06-30,2000-03-31,1999-12-31,1999-09-30,1999-06-30,1999-03-31,1998-12-31,1998-09-30,1998-06-30,1998-03-31,1997-12-31,1997-09-30,1997-06-30,1997-03-31,2011-11-23
date,2023-09-30,2023-06-30,2023-03-31,2022-12-31,2022-09-30,2022-06-30,2022-03-31,2021-12-31,2021-09-30,2021-06-30,2021-03-31,2020-12-31,2020-09-30,2020-06-30,2020-03-31,2019-12-31,2019-09-30,2019-06-30,2019-03-31,2018-12-31,2018-09-30,2018-06-30,2018-03-31,2017-12-31,2017-09-30,2017-06-30,2017-03-31,2016-12-31,2016-09-30,2016-06-30,2016-03-31,2015-12-31,2015-09-30,2015-06-30,2015-03-31,2014-12-31,2014-09-30,2014-06-30,2014-03-31,2013-12-31,2013-09-30,2013-06-30,2013-03-31,2012-12-31,2012-09-30,2012-06-30,2012-03-31,2011-12-31,2011-09-30,2011-06-30,2011-03-31,2010-12-31,2010-09-30,2010-06-30,2010-03-31,2009-12-31,2009-09-30,2009-06-30,2009-03-31,2008-12-31,2008-09-30,2008-06-30,2008-03-31,2007-12-31,2007-09-30,2007-06-30,2007-03-31,2006-12-31,2006-09-30,2006-06-30,2006-03-31,2005-12-31,2005-09-30,2005-06-30,2005-03-31,2004-12-31,2004-09-30,2004-06-30,2004-03-31,2003-12-31,2003-09-30,2003-06-30,2003-03-31,2002-12-31,2002-09-30,2002-06-30,2002-03-31,2001-12-31,2001-09-30,2001-06-30,2001-03-31,2000-12-31,2000-09-30,2000-06-30,2000-03-31,1999-12-31,1999-09-30,1999-06-30,1999-03-31,1998-12-31,1998-09-30,1998-06-30,1998-03-31,1997-12-31,1997-09-30,1997-06-30,1997-03-31,
filing_date,2023-11-09,2023-08-03,2023-05-05,2023-02-22,2022-11-04,2022-08-08,2022-05-06,2022-02-23,2021-11-04,2021-08-06,2021-05-10,2021-02-22,2020-11-05,2020-08-07,2020-05-11,2020-02-28,2019-11-08,2019-08-02,2019-05-10,2019-02-26,2018-11-02,2018-08-08,2018-05-09,2018-02-28,2017-11-03,2017-08-04,2017-05-05,2017-02-28,2016-11-04,2016-08-05,2016-05-10,2016-02-26,2015-11-06,2015-08-06,2015-05-11,2015-03-02,2014-11-10,2014-08-11,2014-05-12,2014-03-03,2013-11-08,2013-08-09,2013-05-10,2013-03-01,2012-11-09,2012-08-08,2012-05-10,2012-02-28,2011-11-08,2011-08-09,2011-05-10,2011-02-24,2010-11-08,2010-08-09,2010-05-10,2010-02-26,2009-11-09,2009-08-10,2009-05-08,2009-03-02,2008-11-10,2008-08-08,2008-05-08,2008-02-29,2007-11-09,2007-08-09,2007-05-10,2007-03-01,2006-11-09,2006-08-09,2006-05-10,2006-03-07,2005-11-09,2005-08-09,2005-05-10,2005-03-09,2004-11-09,2004-08-09,2004-05-10,2004-03-09,2003-11-14,2003-08-14,2003-05-14,2003-03-31,2002-11-14,2002-08-14,2002-05-15,2002-03-28,2001-11-14,2001-08-14,2001-05-15,2001-03-30,2000-11-14,2000-08-14,2000-05-15,2000-03-30,1999-11-15,1999-08-13,1999-05-14,1999-03-30,1998-11-13,1998-08-13,1998-05-13,1998-03-30,1997-09-30,1997-06-30,1997-03-31,
currency_symbol,USD,USD,USD,USD,USD,USD,USD,USD,USD,USD,USD,USD,USD,USD,USD,USD,USD,USD,USD,USD,USD,USD,USD,USD,USD,USD,USD,USD,USD,USD,USD,USD,USD,USD,USD,USD,USD,USD,USD,USD,USD,USD,USD,USD,USD,USD,USD,USD,USD,USD,USD,USD,USD,USD,USD,USD,USD,USD,USD,USD,USD,USD,USD,USD,USD,USD,USD,USD,USD,USD,USD,USD,USD,USD,USD,USD,USD,USD,USD,USD,USD,USD,USD,USD,USD,USD,USD,USD,USD,USD,USD,USD,USD,USD,USD,USD,USD,USD,USD,USD,USD,USD,USD,USD,USD,USD,USD,
totalAssets,39599000000.00,38947000000.00,38064000000.00,37904000000.00,37657000000.00,37108000000.00,36197000000.00,35735000000.00,34665000000.00,33916000000.00,32789000000.00,32030000000.00,30517000000.00,30016000000.00,29272000000.00,28933000000.00,28546000000.00,28103000000.00,27509000000.00,27215000000.00,26959000000.00,26639000000.00,26079000000.00,25945000000.00,25617000000.00,25254000000.00,24811000000.00,24699000000.00,24134000000.00,23793000000.00,23385000000.00,23640000000.00,23459000000.00,23152000000.00,22884000000.00,22676000000.00,21876000000.00,21588000000.00,21166000000.00,21042000000.00,22385000000.00,22276000000.00,21952000000.00,21835000000.00,23498000000.00,22980000000.00,22899000000.00,23645000000.00,23356000000.00,23391000000.00,23329000000.00,23515000000.00,23631000000.00,23915000000.00,23688000000.00,23790000000.00,23594000000.00,23190000000.00,23071000000.00,22657000000.00,21479000000.00,21645000000.00,20758000000.00,20728000000.00,20405000000.00,20531000000.00,19626000000.00,19578000000.00,18830000000.00,18450000000.00,18314000000.00,18162000000.00,18090000000.00,17491000000.00,17333000000.00,17434000000.00,17764000000.00,14677000000.00,14639000000.00,14233000000.00,13537000000.00,13457000000.00,13589000000.00,11499000000.00,11214000000.00,10710000000.00,10405000000.00,10400575000.00,10277936000.00,10063415000.00,9666815000.00,9714430000.00,9621682000.00,9312463000.00,9315289000.00,9177600000.00,9258700000.00,8936900000.00,8813100000.00,8847400000.00,9122100000.00,8880400000.00,8797300000.00,8827500000.00,,,,
intangibleAssets,,,,,,,,,,,,,,,,,,,,,411000000.00,411000000.00,411000000.00,411000000.00,411000000.00,411000000.00,411000000.00,411000000.00,411000000.00,411000000.00,411000000.00,411000000.00,411000000.00,411000000.00,411000000.00,411000000.00,20000000.00,19000000.00,17000000.00,22000000.00,19000000.00,18000000.00,16000000.00,16000000.00,14000000.00,12000000.00,9000000.00,7000000.00,6000000.00,4000000.00,7000000.00,7000000.00,9000000.00,113000000.00,124000000.00,129000000.00,138000000.00,150000000.00,160000000.00,167000000.00,784000000.00,794000000.00,806000000.00,815000000.00,814000000.00,823000000.00,46000000.00,217000000.00,878000000.00,900000000.00,914000000.00,1222000000.00,631000000.00,631000000.00,620000000.00,620000000.00,979000000.00,565000000.00,565000000.00,574000000.00,630000000.00,620000000.00,621000000.00,,,,,,,,,,,,,,,,,,,,,,,,,
earningAssets,,,,,,,,,,,,,,,,,,,,,,,,,,,,,,,,,,,,,,,,,,,,,,,,,,,,,,,,,,,,,,,,,,,,,,,,,,,,,,,,,,,,,,,,,,,,,,,,,,,,,,,,,,,,
otherCurrentAssets,281000000.00,378000000.00,436000000.00,651000000.00,723000000.00,632000000.00,437000000.00,548000000.00,644000000.00,518000000.00,114000000.00,244000000.00,210000000.00,131000000.00,127000000.00,118000000.00,106000000.00,90000000.00,70000000.00,63000000.00,83000000.00,72000000.00,84000000.00,98000000.00,96000000.00,97000000.00,105000000.00,98000000.00,76000000.00,68000000.00,63000000.00,88000000.00,103000000.00,95000000.00,91000000.00,86000000.00,66000000.00,68000000.00,70000000.00,85000000.00,108000000.00,104000000.00,60000000.00,95000000.00,348000000.00,335000000.00,381000000.00,347000000.00,316000000.00,288000000.00,315000000.00,376000000.00,409000000.00,394000000.00,358000000.00,208000000.00,512000000.00,528000000.00,353000000.00,360000000.00,617000000.00,924000000.00,587000000.00,460000000.00,202000000.00,178000000.00,130000000.00,203000000.00,263000000.00,110000000.00,112000000.00,185000000.00,59000000.00,70000000.00,98000000.00,74000000.00,159000000.00,82000000.00,117000000.00,172000000.00,188000000.00,44000000.00,103000000.00,83000000.00,42000000.00,29000000.00,32000000.00,40939000.00,35152000.00,32160000.00,30888000.00,37210000.00,39684000.00,36850000.00,272063000.00,39800000.00,53300000.00,27700000.00,19200000.00,22900000.00,252000000.00,28900000.00,39200000.00,54900000.00,,,,
totalLiab,28427000000.00,28121000000.00,27328000000.00,27267000000.00,27327000000.00,27099000000.00,26262000000.00,25906000000.00,24851000000.00,24434000000.00,23512000000.00,22950000000.00,21886000000.00,21647000000.00,21045000000.00,20732000000.00,20342000000.00,20170000000.00,19662000000.00,19442000000.00,19161000000.00,19111000000.00,18707000000.00,18619000000.00,18130000000.00,17954000000.00,17605000000.00,17454000000.00,16799000000.00,16729000000.00,16374000000.00,16552000000.00,16303000000.00,16246000000.00,16038000000.00,15821000000.00,14960000000.00,14874000000.00,14511000000.00,14356000000.00,15660000000.00,15751000000.00,15436000000.00,15068000000.00,15472000000.00,15280000000.00,15320000000.00,15577000000.00,15204000000.00,15448000000.00,15449000000.00,15631000000.00,15722000000.00,15715000000.00,15578000000.00,15730000000.00,15548000000.00,15836000000.00,15798000000.00,15478000000.00,14412000000.00,14804000000.00,13981000000.00,13954000000.00,13629000000.00,13894000000.00,13051000000.00,12979000000.00,12263000000.00,12086000000.00,11983000000.00,11781000000.00,11619000000.00,11212000000.00,11481000000.00,11425000000.00,11723000000.00,9232000000.00,9231000000.00,9675000000.00,8969000000.00,9066000000.00,9228000000.00,7449000000.00,6959000000.00,6917000000.00,6670000000.00,6813084000.00,6682491000.00,6660849000.00,6269361000.00,6278622000.00,6124214000.00,5983133000.00,6012175000.00,5848700000.00,5834500000.00,5675400000.00,5551000000.00,5552600000.00,5766100000.00,5673800000.00,5587100000.00,5569800000.00,,,,
totalStockholderEquity,11043000000.00,10697000000.00,10607000000.00,10508000000.00,10201000000.00,9880000000.00,9806000000.00,9700000000.00,9685000000.00,9353000000.00,9148000000.00,8938000000.00,8489000000.00,8227000000.00,8085000000.00,8059000000.00,8062000000.00,7791000000.00,7705000000.00,7631000000.00,7656000000.00,7386000000.00,7230000000.00,7184000000.00,7345000000.00,7158000000.00,7064000000.00,7103000000.00,7193000000.00,6922000000.00,6869000000.00,6946000000.00,7014000000.00,6764000000.00,6704000000.00,6713000000.00,6774000000.00,6572000000.00,6513000000.00,6544000000.00,6574000000.00,6374000000.00,6365000000.00,6616000000.00,7874000000.00,7555000000.00,7432000000.00,7919000000.00,7997000000.00,7788000000.00,7725000000.00,7730000000.00,7754000000.00,7991000000.00,7901000000.00,7853000000.00,7840000000.00,7147000000.00,7061000000.00,7158000000.00,7043000000.00,6817000000.00,6754000000.00,6752000000.00,6756000000.00,6618000000.00,6557000000.00,6583000000.00,6548000000.00,6349000000.00,6314000000.00,6364000000.00,6456000000.00,6264000000.00,5838000000.00,5995000000.00,6028000000.00,5420000000.00,5385000000.00,4536000000.00,4547000000.00,4372000000.00,4345000000.00,4035000000.00,4241000000.00,3780000000.00,3731000000.00,3583957000.00,3591911000.00,3399032000.00,3393920000.00,3431868000.00,3493513000.00,3325360000.00,3299126000.00,3324900000.00,3420700000.00,3258000000.00,3258600000.00,3291300000.00,3352500000.00,3203100000.00,3206700000.00,3254200000.00,,,,
deferredLongTermLiab,,,,,1405000000.00,1487000000.00,1377000000.00,1289000000.00,1235000000.00,1272000000.00,1249000000.00,1100000000.00,1078000000.00,1133000000.00,1092000000.00,992000000.00,1168000000.00,1175000000.00,1134000000.00,1127000000.00,1130000000.00,1205000000.00,1205000000.00,1230000000.00,0.00,0.00,0.00,1437000000.00,0.00,0.00,0.00,1382000000.00,0.00,0.00,0.00,1582000000.00,0.00,0.00,0.00,0.00,0.00,0.00,0.00,0.00,0.00,0.00,0.00,,0.00,0.00,0.00,0.00,0.00,0.00,0.00,0.00,0.00,0.00,,,,,,,,,,,,,,,,,,,,,,,,,,,,,,,,,,,,,,,,,,,,,,,,,,
otherCurrentLiab,741000000.00,734000000.00,745000000.00,-902000000.00,-691000000.00,-561000000.00,849000000.00,629000000.00,602000000.00,652000000.00,617000000.00,720789000.00,727000000.00,781000000.00,851000000.00,672000000.00,643000000.00,753000000.00,624000000.00,577000000.00,693000000.00,679000000.00,603000000.00,605000000.00,702000000.00,665000000.00,601000000.00,523000000.00,635000000.00,622000000.00,596000000.00,551000000.00,716000000.00,716000000.00,675000000.00,544000000.00,710000000.00,750000000.00,738000000.00,648000000.00,1824000000.00,1839000000.00,1771000000.00,610000000.00,781000000.00,818000000.00,845000000.00,667000000.00,812000000.00,803000000.00,847000000.00,713000000.00,978000000.00,898000000.00,966000000.00,747000000.00,874000000.00,888000000.00,944000000.00,646000000.00,684000000.00,778000000.00,627000000.00,374000000.00,684000000.00,543000000.00,539000000.00,463000000.00,682000000.00,483000000.00,547000000.00,-1477000000.00,565000000.00,499000000.00,538000000.00,335000000.00,760000000.00,435000000.00,434000000.00,318000000.00,472000000.00,379000000.00,404000000.00,222000000.00,594000000.00,547000000.00,503000000.00,408558000.00,692934000.00,499469000.00,577646000.00,475333000.00,680977000.00,550320000.00,632687000.00,526800000.00,-100000.00,523700000.00,512800000.00,397300000.00,100000.00,-100000.00,414700000.00,315100000.00,,,,
commonStock,3000000.00,3000000.00,3000000.00,3000000.00,3000000.00,3000000.00,3000000.00,3000000.00,3000000.00,3000000.00,3000000.00,3000000.00,2000000.00,2000000.00,2000000.00,2000000.00,2000000.00,2000000.00,2000000.00,2000000.00,2000000.00,2000000.00,2000000.00,2000000.00,2000000.00,2000000.00,2000000.00,2000000.00,2000000.00,2000000.00,2000000.00,2000000.00,2000000.00,2000000.00,2000000.00,2000000.00,2000000.00,2000000.00,2000000.00,2000000.00,2000000.00,2000000.00,2000000.00,2000000.00,2000000.00,2000000.00,2000000.00,2000000.00,2000000.00,2000000.00,2000000.00,2000000.00,2000000.00,2000000.00,2000000.00,2000000.00,2000000.00,2000000.00,2000000.00,2000000.00,2000000.00,2000000.00,2000000.00,2000000.00,2000000.00,2000000.00,2000000.00,2000000.00,2000000.00,2000000.00,2000000.00,2000000.00,2000000.00,2000000.00,2000000.00,2000000.00,2000000.00,2000000.00,2000000.00,2000000.00,2000000.00,2000000.00,2000000.00,2000000.00,2000000.00,1000000.00,1000000.00,1380000.00,1375000.00,1372000.00,1372000.00,1372000.00,1372000.00,1372000.00,1372000.00,1400000.00,1400000.00,1400000.00,1400000.00,1400000.00,1400000.00,1400000.00,1400000.00,1400000.00,,,,
capitalStock,3000000.00,3000000.00,3000000.00,3000000.00,3000000.00,3000000.00,3000000.00,3000000.00,3000000.00,3000000.00,,,,,,,,,,,,,,,,,,,,,,,,,,,,,,,,,,,,,,,,,,,,,,,,,,,,,,,,,,,,,,,,,,,,,,,,,,,,,,,,,,,,,,,,,,,,,,,,,,
retainedEarnings,4144000000.00,3817000000.00,3745000000.00,3646000000.00,3636000000.00,3336000000.00,3282000000.00,3182000000.00,3199000000.00,2915000000.00,2850000000.00,2757000000.00,2769000000.00,2525000000.00,2404000000.00,2380000000.00,2408000000.00,2161000000.00,2099000000.00,2024000000.00,2073000000.00,1827000000.00,1699000000.00,1660000000.00,1830000000.00,1649000000.00,1563000000.00,1568000000.00,1643000000.00,1376000000.00,1333000000.00,1331000000.00,1405000000.00,1161000000.00,1111000000.00,1103000000.00,1154000000.00,957000000.00,906000000.00,907000000.00,967000000.00,762000000.00,764000000.00,1006000000.00,2259000000.00,1983000000.00,1869000000.00,2369000000.00,2440000000.00,2248000000.00,2203000000.00,2225000000.00,2266000000.00,2526000000.00,2466000000.00,2455000000.00,2467000000.00,2323000000.00,2241000000.00,2181000000.00,2259000000.00,2188000000.00,2115000000.00,2110000000.00,2134000000.00,2023000000.00,2011000000.00,2024000000.00,2094000000.00,1932000000.00,1939000000.00,1999000000.00,2109000000.00,1959000000.00,1903000000.00,1904000000.00,1945000000.00,1835000000.00,1834000000.00,1853000000.00,1917000000.00,1745000000.00,1738000000.00,1739000000.00,1868000000.00,1725000000.00,1701000000.00,1733558000.00,1772113000.00,1592406000.00,1585667000.00,1613960000.00,1675073000.00,1506290000.00,1480056000.00,1505800000.00,1601600000.00,1438900000.00,1439500000.00,1472200000.00,1533200000.00,1383700000.00,1387300000.00,1434700000.00,,,,
otherLiab,,,,,10575000000.00,10526000000.00,10554000000.00,10518000000.00,10050000000.00,9765000000.00,9678000000.00,9692000000.00,9609000000.00,9476000000.00,9300000000.00,9283000000.00,9376000000.00,9168000000.00,9020000000.00,8896000000.00,8967000000.00,8787000000.00,8596000000.00,6030000000.00,3856000000.00,3872000000.00,3872000000.00,3866000000.00,3590000000.00,3609000000.00,3667000000.00,3634000000.00,3687000000.00,3714000000.00,3629000000.00,3465000000.00,3112000000.00,3151000000.00,3158000000.00,3162000000.00,3671000000.00,3776000000.00,3753000000.00,3880000000.00,3686000000.00,3725000000.00,3841000000.00,3721000000.00,3294000000.00,3459000000.00,3463000000.00,3454000000.00,3518000000.00,3487000000.00,3499000000.00,3428000000.00,3777000000.00,3681000000.00,3761000000.00,3630000000.00,2982000000.00,3161000000.00,3099000000.00,2995000000.00,3262000000.00,3198000000.00,3213000000.00,3017000000.00,2727000000.00,2678000000.00,2663000000.00,2628000000.00,2696000000.00,2619000000.00,2602000000.00,2552000000.00,2407000000.00,2206000000.00,2178000000.00,2123000000.00,1507000000.00,1506000000.00,1513000000.00,959000000.00,691000000.00,731000000.00,754000000.00,675830000.00,662024000.00,677043000.00,668625000.00,642937000.00,649448000.00,630139000.00,670627000.00,,,,,,,,,,,,,
goodWill,411000000.00,411000000.00,411000000.00,411000000.00,411000000.00,411000000.00,411000000.00,411000000.00,411000000.00,411000000.00,411000000.00,411000000.00,411000000.00,411000000.00,411000000.00,411000000.00,411000000.00,411000000.00,411000000.00,411000000.00,411000000.00,411000000.00,411000000.00,411000000.00,411000000.00,411000000.00,411000000.00,411000000.00,411000000.00,411000000.00,411000000.00,411000000.00,411000000.00,411000000.00,411000000.00,411000000.00,411000000.00,411000000.00,411000000.00,411000000.00,411000000.00,411000000.00,411000000.00,411000000.00,411000000.00,411000000.00,411000000.00,411000000.00,411000000.00,411000000.00,411000000.00,411000000.00,411000000.00,831000000.00,831000000.00,831000000.00,831000000.00,831000000.00,831000000.00,831000000.00,214000000.00,214000000.00,214000000.00,214000000.00,214000000.00,214000000.00,542000000.00,830000000.00,326000000.00,326000000.00,326000000.00,,326000000.00,303000000.00,307000000.00,320000000.00,,,,,,,,,,,,,,,,,,,,,,,,,,,,,,,,
otherAssets,3124000000.00,3091000000.00,2840000000.00,2605000000.00,4120000000.00,4215000000.00,3869000000.00,4095000000.00,3491000000.00,3065000000.00,2951000000.00,3159000.00,2678000000.00,2608000000.00,2425000000.00,2388000000.00,2411000000.00,2371000000.00,1842000000.00,2169000000.00,2233000000.00,2252000000.00,2140000000.00,2867000000.00,3130000000.00,3094000000.00,3063000000.00,2993000000.00,2888000000.00,2875000000.00,2927000000.00,2924000000.00,3169000000.00,3175000000.00,3191000000.00,3206000000.00,2943000000.00,2897000000.00,2901000000.00,2865000000.00,3278000000.00,3267000000.00,3248000000.00,3370000000.00,3259000000.00,3136000000.00,3240000000.00,3223000000.00,2803000000.00,2843000000.00,2726000000.00,2768000000.00,2856000000.00,3338000000.00,3359000000.00,3338000000.00,3542000000.00,3520000000.00,3533000000.00,3575000000.00,2955000000.00,3313000000.00,3161000000.00,3179000000.00,3335000000.00,3428000000.00,3413000000.00,3418000000.00,3065000000.00,2985000000.00,2997000000.00,2772000000.00,2705000000.00,2529000000.00,2563000000.00,2555000000.00,2570000000.00,1973000000.00,1989000000.00,1999000000.00,2075000000.00,2083000000.00,2116000000.00,1133000000.00,1065000000.00,1110000000.00,1143000000.00,1110499000.00,1069458000.00,1094292000.00,1077912000.00,1087576000.00,1087432000.00,1106105000.00,1155858000.00,,,,,,,,,,,,,
cash,8000000.00,7000000.00,10000000.00,10000000.00,7000000.00,7000000.00,7000000.00,8000000.00,7000000.00,99000000.00,6000000.00,139000000.00,6000000.00,8000000.00,42000000.00,16000000.00,20000000.00,6000000.00,8000000.00,16000000.00,11000000.00,29000000.00,30000000.00,10000000.00,9000000.00,10000000.00,8000000.00,9000000.00,18000000.00,13000000.00,13000000.00,292000000.00,72000000.00,2000000.00,6000000.00,5000000.00,13000000.00,46000000.00,26000000.00,30000000.00,169000000.00,150000000.00,161000000.00,209000000.00,298000000.00,117000000.00,208000000.00,255000000.00,522000000.00,378000000.00,573000000.00,545000000.00,608000000.00,506000000.00,360000000.00,622000000.00,563000000.00,251000000.00,304000000.00,92000000.00,206000000.00,205000000.00,186000000.00,355000000.00,170000000.00,687000000.00,161000000.00,137000000.00,34000000.00,51000000.00,29000000.00,96000000.00,278000000.00,27000000.00,30000000.00,69000000.00,647000000.00,511000000.00,633000000.00,111000000.00,100000000.00,101000000.00,294000000.00,628000000.00,629000000.00,150000000.00,60000000.00,67092000.00,112112000.00,72530000.00,91469000.00,125968000.00,237537000.00,48901000.00,39691000.00,194900000.00,331100000.00,54000000.00,74200000.00,76900000.00,62300000.00,47100000.00,45800000.00,9700000.00,,,,
cashAndEquivalents,8000000.00,7000000.00,10000000.00,10000000.00,7000000.00,7000000.00,7000000.00,8000000.00,7000000.00,99000000.00,,,,,,,,,,,,,,,,,,,,,,,,,,,,,,,,,,,,,,,,,,,,,,,,,,,,,,,,,,,,,,,,,,,,,,,,,,,,,,,,,,,,,,,,,,,,,,,,,,
totalCurrentLiabilities,4017000000.00,3243000000.00,2757000000.00,3366000000.00,3175000000.00,3588000000.00,3145000000.00,2826000000.00,2357000000.00,2177000000.00,2307000000.00,2180000000.00,2105000000.00,2000000000.00,2367000000.00,2505000000.00,2285000000.00,2752000000.00,2392000000.00,2687000000.00,2580000000.00,2711000000.00,3345000000.00,2940000000.00,2581000000.00,2765000000.00,2762000000.00,2674000000.00,2291000000.00,2430000000.00,1839000000.00,2093000000.00,2489000000.00,2556000000.00,2520000000.00,2249000000.00,2119000000.00,2312000000.00,2725000000.00,2461000000.00,3228000000.00,3286000000.00,2577000000.00,1698000000.00,1546000000.00,1603000000.00,1614000000.00,1785000000.00,1848000000.00,1727000000.00,1837000000.00,1888000000.00,1914000000.00,1760000000.00,1640000000.00,1711000000.00,1926000000.00,2545000000.00,2881000000.00,3063000000.00,2918000000.00,3078000000.00,3510000000.00,2902000000.00,2504000000.00,2820000000.00,2249000000.00,2202000000.00,1840000000.00,1408000000.00,1499000000.00,1487000000.00,1396000000.00,1380000000.00,1675000000.00,1807000000.00,1374000000.00,1034000000.00,1016000000.00,1457000000.00,1249000000.00,1263000000.00,1057000000.00,1201000000.00,1030000000.00,989000000.00,919000000.00,1581024000.00,1486529000.00,1285505000.00,1147246000.00,1185961000.00,1465396000.00,1188266000.00,1345453000.00,1077200000.00,1198300000.00,985700000.00,941000000.00,954700000.00,1077600000.00,783900000.00,720600000.00,747000000.00,,,,
currentDeferredRevenue,132000000.00,111000000.00,,1699000000.00,1670000000.00,1626000000.00,,52000000.00,334000000.00,307000000.00,212000000.00,3211000.00,109000000.00,126000000.00,,77000000.00,164000000.00,71000000.00,111000000.00,116000000.00,126000000.00,114000000.00,115000000.00,108000000.00,108000000.00,108000000.00,106000000.00,107000000.00,104000000.00,100000000.00,98000000.00,69000000.00,70000000.00,73000000.00,76000000.00,160000000.00,71000000.00,75000000.00,80000000.00,105000000.00,106000000.00,110000000.00,110000000.00,108000000.00,96000000.00,97000000.00,98000000.00,98000000.00,98000000.00,100000000.00,100000000.00,100000000.00,43000000.00,43000000.00,43000000.00,46000000.00,46000000.00,40000000.00,41000000.00,50000000.00,49000000.00,38000000.00,,148000000.00,,,,,,,,1969000000.00,,,,65000000.00,,,,,,,,,,,,,,,,,,,,,698600000.00,,,,553400000.00,461000000.00,,,,,,
netDebt,16010000000.00,16000000000.00,15519000000.00,15085000000.00,14946000000.00,14604000000.00,14162000000.00,13604000000.00,13047000000.00,12832000000.00,12418000000.00,11437000000.00,10795000000.00,10640000000.00,10308000000.00,9781000000.00,9511000000.00,9551000000.00,9348000000.00,9020000000.00,8773000000.00,8937000000.00,8866000000.00,8409000000.00,8136000000.00,8281000000.00,8184000000.00,7825000000.00,7628000000.00,7801000000.00,7584000000.00,7284000000.00,7087000000.00,7260000000.00,7189000000.00,6949000000.00,6684000000.00,6691000000.00,6548000000.00,6376000000.00,5989000000.00,6033000000.00,5997000000.00,6772000000.00,6694000000.00,6770000000.00,6774000000.00,6749000000.00,6688000000.00,7018000000.00,7039000000.00,7192000000.00,7130000000.00,7501000000.00,7587000000.00,7545000000.00,7321000000.00,8164000000.00,7973000000.00,8016000000.00,7613000000.00,7676000000.00,7320000000.00,7029000000.00,6721000000.00,6646000000.00,6355000000.00,6216000000.00,6091000000.00,6175000000.00,6093000000.00,5547000000.00,5293000000.00,5413000000.00,5724000000.00,5792000000.00,5811000000.00,3866000000.00,3768000000.00,4618000000.00,4448000000.00,4663000000.00,4563000000.00,3415000000.00,3116000000.00,3548000000.00,3463000000.00,3548583000.00,3205571000.00,3372186000.00,2975574000.00,2866804000.00,2597115000.00,2844378000.00,2836006000.00,2462600000.00,2207700000.00,2519700000.00,2458700000.00,2472700000.00,2650200000.00,2694100000.00,2645600000.00,2634900000.00,,,,
shortTermDebt,2189000000.00,1679000000.00,1348000000.00,1410000000.00,1376000000.00,1626000000.00,1606000000.00,1050000000.00,610000000.00,439000000.00,897000000.00,498000000.00,629000000.00,477000000.00,972000000.00,882000000.00,880000000.00,1335000000.00,1135000000.00,1177000000.00,1170000000.00,1353000000.00,2130000000.00,1325000000.00,1223000000.00,1470000000.00,1595000000.00,1239000000.00,1039000000.00,1209000000.00,716000000.00,696000000.00,1178000000.00,1281000000.00,1335000000.00,834000000.00,872000000.00,912000000.00,1348000000.00,902000000.00,884000000.00,909000000.00,355000000.00,355000000.00,211000000.00,209000000.00,305000000.00,327000000.00,528000000.00,342000000.00,489000000.00,424000000.00,479000000.00,354000000.00,204000000.00,224000000.00,563000000.00,1094000000.00,1377000000.00,1554000000.00,1676000000.00,1735000000.00,2440000000.00,1693000000.00,1405000000.00,1822000000.00,1256000000.00,1068000000.00,776000000.00,521000000.00,614000000.00,289000000.00,370000000.00,511000000.00,772000000.00,840000000.00,294000000.00,326000000.00,333000000.00,659000000.00,502000000.00,587000000.00,358000000.00,610000000.00,261000000.00,189000000.00,242000000.00,780297000.00,506535000.00,471427000.00,318262000.00,247704000.00,529440000.00,393279000.00,532876000.00,209100000.00,237200000.00,211100000.00,247200000.00,260200000.00,320900000.00,159700000.00,157300000.00,138500000.00,,,,
shortLongTermDebt,2189000000.00,1679000000.00,1348000000.00,1410000000.00,1376000000.00,1626000000.00,1606000000.00,1050000000.00,610000000.00,439000000.00,897000000.00,498000000.00,629000000.00,477000000.00,972000000.00,882000000.00,880000000.00,1335000000.00,1135000000.00,573000000.00,649000000.00,847000000.00,1170000000.00,841000000.00,777000000.00,8291000000.00,8192000000.00,681000000.00,1039000000.00,1209000000.00,716000000.00,395000000.00,,,,120000000.00,,,,,,,,,,,,,,,,,,,,,,,,,,,,,,,,,,,,,,,,,,,,,,,,,,,,,,,,,,,,,,,,,,,,,,,,
shortLongTermDebtTotal,16018000000.00,16007000000.00,15529000000.00,15095000000.00,14953000000.00,14611000000.00,14169000000.00,13612000000.00,13054000000.00,12931000000.00,12424000000.00,11576000000.00,10801000000.00,10648000000.00,10350000000.00,9797000000.00,9531000000.00,9557000000.00,9356000000.00,9036000000.00,8784000000.00,8966000000.00,8896000000.00,8419000000.00,8145000000.00,8291000000.00,8192000000.00,7834000000.00,7646000000.00,7814000000.00,7597000000.00,7576000000.00,7159000000.00,7262000000.00,7195000000.00,6954000000.00,6697000000.00,6737000000.00,6574000000.00,6406000000.00,6158000000.00,6183000000.00,6158000000.00,6981000000.00,6992000000.00,6887000000.00,6982000000.00,7004000000.00,7210000000.00,7396000000.00,7612000000.00,7737000000.00,7738000000.00,8007000000.00,7947000000.00,8167000000.00,7884000000.00,8415000000.00,8277000000.00,8108000000.00,7819000000.00,7881000000.00,7506000000.00,7384000000.00,6891000000.00,7333000000.00,6516000000.00,6353000000.00,6125000000.00,6226000000.00,6122000000.00,5643000000.00,5571000000.00,5440000000.00,5754000000.00,5861000000.00,6458000000.00,4377000000.00,4401000000.00,4729000000.00,4548000000.00,4764000000.00,4857000000.00,4043000000.00,3745000000.00,3698000000.00,3523000000.00,3615675000.00,3317683000.00,3444716000.00,3067043000.00,2992772000.00,2834652000.00,2893279000.00,2875697000.00,2657500000.00,2538800000.00,2573700000.00,2532900000.00,2549600000.00,2712500000.00,2741200000.00,2691400000.00,2644600000.00,,,,
otherStockholderEquity,6851000000.00,6831000000.00,6812000000.00,6860000000.00,6499000000.00,6478000000.00,6427000000.00,6502000000.00,6483000000.00,6356000000.00,6295000000.00,6179000000.00,5653000000.00,5636000000.00,5615000000.00,5694000000.00,5593000000.00,5587000000.00,5563000000.00,5627000000.00,5536000000.00,5514000000.00,5484000000.00,5540000000.00,5472000000.00,5466000000.00,5460000000.00,5556000000.00,5488000000.00,5483000000.00,5477000000.00,5616000000.00,5550000000.00,5544000000.00,5538000000.00,5617000000.00,5550000000.00,5545000000.00,5540000000.00,5632000000.00,5562000000.00,5557000000.00,5552000000.00,5616000000.00,5549000000.00,5538000000.00,5534000000.00,5536000000.00,5518000000.00,5497000000.00,5478000000.00,5458000000.00,5483000000.00,5430000000.00,5391000000.00,5366000000.00,5346000000.00,4789000000.00,4766000000.00,4925000000.00,4685000000.00,4647000000.00,4610000000.00,4604000000.00,4533000000.00,4505000000.00,4503000000.00,4477000000.00,4432000000.00,4411000000.00,4381000000.00,4399000000.00,4329000000.00,4301000000.00,3930000000.00,3949000000.00,3924000000.00,3456000000.00,3425000000.00,2552000000.00,2528000000.00,2500000000.00,2480000000.00,2203000000.00,2180000000.00,1826000000.00,1804000000.00,1614206000.00,1593098000.00,1580928000.00,1581196000.00,7785706000.00,7741011000.00,7642273000.00,7549623000.00,7473800000.00,7422000000.00,7353900000.00,7271400000.00,7185300000.00,7110400000.00,7023300000.00,6944700000.00,6868300000.00,,,,
propertyPlantEquipment,32938000000.00,32351000000.00,31735000000.00,31262000000.00,30608000000.00,30086000000.00,29578000000.00,29261000000.00,28559000000.00,28020000000.00,27307000000.00,26807000000.00,25541000000.00,25081000000.00,24678000000.00,24376000000.00,23894000000.00,23479000000.00,23044000000.00,22810000000.00,22379000000.00,21998000000.00,21666000000.00,21466000000.00,20906000000.00,20589000000.00,20298000000.00,20113000000.00,19647000000.00,19324000000.00,19000000000.00,18799000000.00,18307000000.00,17986000000.00,17700000000.00,17424000000.00,16991000000.00,16726000000.00,16425000000.00,16205000000.00,15834000000.00,15601000000.00,15408000000.00,16096000000.00,17833000000.00,17690000000.00,17535000000.00,18127000000.00,17873000000.00,17945000000.00,17888000000.00,17853000000.00,17655000000.00,17747000000.00,17671000000.00,17610000000.00,17272000000.00,17006000000.00,16781000000.00,16567000000.00,15977000000.00,15566000000.00,15294000000.00,15069000000.00,14729000000.00,14538000000.00,14353000000.00,14286000000.00,14028000000.00,13920000000.00,13854000000.00,13572000000.00,13402000000.00,13397000000.00,13332000000.00,13297000000.00,13052000000.00,11052000000.00,10963000000.00,10917000000.00,10152000000.00,10197000000.00,10182000000.00,8914000000.00,8689000000.00,8624000000.00,8478000000.00,8426562000.00,8225397000.00,8057790000.00,7816819000.00,7705672000.00,7528343000.00,7426793000.00,7294892000.00,,,,,,,,,,,,,
totalCurrentAssets,2084000000.00,2019000000.00,2062000000.00,2668000000.00,2518000000.00,2396000000.00,2031000000.00,1968000000.00,2204000000.00,2116000000.00,1823000000.00,1653000000.00,1590000000.00,1620000000.00,1464000000.00,1431000000.00,1495000000.00,1514000000.00,1422000000.00,1533000000.00,1640000000.00,1685000000.00,1567000000.00,1612000000.00,1581000000.00,1571000000.00,1450000000.00,1593000000.00,1599000000.00,1594000000.00,1458000000.00,1917000000.00,1983000000.00,1991000000.00,1993000000.00,2046000000.00,1942000000.00,1965000000.00,1840000000.00,1972000000.00,3273000000.00,3408000000.00,3296000000.00,2369000000.00,2406000000.00,2154000000.00,2124000000.00,2295000000.00,2680000000.00,2603000000.00,2715000000.00,2894000000.00,3120000000.00,2830000000.00,2658000000.00,2842000000.00,2780000000.00,2664000000.00,2757000000.00,2515000000.00,2547000000.00,2766000000.00,2303000000.00,2480000000.00,2341000000.00,2565000000.00,1860000000.00,1874000000.00,1737000000.00,1545000000.00,1463000000.00,1818000000.00,1983000000.00,1565000000.00,1438000000.00,1582000000.00,2142000000.00,1652000000.00,1687000000.00,1317000000.00,1310000000.00,1177000000.00,1291000000.00,1452000000.00,1460000000.00,976000000.00,784000000.00,863514000.00,983081000.00,911333000.00,772084000.00,921182000.00,1005907000.00,779565000.00,864539000.00,879000000.00,1150500000.00,841400000.00,755700000.00,771200000.00,1075500000.00,798900000.00,684500000.00,711200000.00,,,,
longTermInvestments,1042000000.00,1075000000.00,1019000000.00,958000000.00,910000000.00,957000000.00,1094000000.00,1159000000.00,1076000000.00,1070000000.00,1010000000.00,982000000.00,904000000.00,854000000.00,742000000.00,847000000.00,798000000.00,783000000.00,754000000.00,292000000.00,296000000.00,293000000.00,295000000.00,293000000.00,,,,9000000.00,,,,,,,,,,,,,,,,,,,,,,,,,,,,,,,,,,,,,,,,,,,,,,,,,,,,,,,,,,,,,,,,,,,,,,,,,,,,,,,,
netTangibleAssets,,10697000000.00,10607000000.00,10508000000.00,9790000000.00,9469000000.00,9806000000.00,9289000000.00,9685000000.00,8942000000.00,9148000000.00,8938000000.00,8489000000.00,8227000000.00,8085000000.00,8059000000.00,8062000000.00,7791000000.00,7705000000.00,7631000000.00,7656000000.00,7386000000.00,7230000000.00,7184000000.00,7345000000.00,7158000000.00,7064000000.00,7103000000.00,7193000000.00,6511000000.00,6869000000.00,6946000000.00,7014000000.00,6764000000.00,6704000000.00,6571000000.00,6774000000.00,6572000000.00,6513000000.00,6402000000.00,6574000000.00,6374000000.00,,,,,,,,,,,,,,,,,,,,,,,,,,,,,,,,,,,,,,,,,,,,,,,,,,,,,,,,,,,,,,,,,,
shortTermInvestments,1321000000.00,3502000000.00,1180000000.00,240000000.00,,3669000000.00,,3347000000.00,3902000000.00,3780000000.00,3659000000.00,3570000.00,3386000.00,,,641000000.00,,,,761000000.00,15000000.00,12000000.00,12000000.00,676000000.00,0.00,0.00,0.00,715000000.00,0.00,0.00,0.00,739000000.00,0.00,0.00,0.00,823000000.00,0.00,0.00,0.00,738000000.00,0.00,0.00,0.00,1073000000.00,0.00,0.00,0.00,7532000000.00,7532000000.00,0.00,0.00,0.00,153000000.00,166000000.00,233000000.00,0.00,239000000.00,277000000.00,324000000.00,,,,,,,,,3405000000.00,,,,,,,,,,,,,,,,,,,,,,,,,,,237600000.00,,,,,,,,,,,,,
netReceivables,1022000000.00,923000000.00,986000000.00,1100000000.00,1093000000.00,1000000000.00,930000000.00,820000000.00,958000000.00,841000000.00,735000000.00,749000000.00,817000000.00,885000000.00,733000000.00,734000000.00,807000000.00,878000000.00,829000000.00,837000000.00,949000000.00,1005000000.00,870000000.00,838000000.00,854000000.00,857000000.00,752000000.00,795000000.00,832000000.00,838000000.00,670000000.00,725000000.00,855000000.00,870000000.00,836000000.00,769000000.00,787000000.00,966000000.00,990000000.00,904000000.00,804000000.00,808000000.00,811000000.00,818000000.00,870000000.00,860000000.00,743000000.00,866000000.00,1014000000.00,1124000000.00,1118000000.00,1137000000.00,1204000000.00,1088000000.00,1072000000.00,1109000000.00,848000000.00,1152000000.00,1119000000.00,1221000000.00,768000000.00,918000000.00,974000000.00,930000000.00,1212000000.00,1088000000.00,1080000000.00,887000000.00,730000000.00,835000000.00,899000000.00,965000000.00,806000000.00,819000000.00,747000000.00,816000000.00,731000000.00,601000000.00,525000000.00,547000000.00,546000000.00,612000000.00,540000000.00,442000000.00,509000000.00,534000000.00,434000000.00,460361000.00,559186000.00,538385000.00,445368000.00,530954000.00,479360000.00,457083000.00,328785000.00,391100000.00,508200000.00,504000000.00,419800000.00,425600000.00,522800000.00,489100000.00,366600000.00,419000000.00,,,,
longTermDebt,13829000000.00,14328000000.00,14181000000.00,13685000000.00,13577000000.00,12985000000.00,12563000000.00,12562000000.00,12444000000.00,12492000000.00,11527000000.00,11078000000.00,10172000000.00,10171000000.00,9378000000.00,8915000000.00,8651000000.00,8222000000.00,8221000000.00,7859000000.00,7614000000.00,7613000000.00,6766000000.00,7094000000.00,6922000000.00,6821000000.00,6597000000.00,6595000000.00,6607000000.00,6605000000.00,6881000000.00,6880000000.00,5981000000.00,5981000000.00,5860000000.00,6120000000.00,5825000000.00,5825000000.00,5226000000.00,5504000000.00,5274000000.00,5274000000.00,5803000000.00,6626000000.00,6781000000.00,6678000000.00,6677000000.00,6677000000.00,6682000000.00,7054000000.00,7123000000.00,7313000000.00,7259000000.00,7653000000.00,7743000000.00,7943000000.00,7321000000.00,7321000000.00,6900000000.00,6554000000.00,6143000000.00,6162000000.00,5082000000.00,5707000000.00,5502000000.00,5529000000.00,5278000000.00,5303000000.00,5367000000.00,5724000000.00,5527000000.00,5373000000.00,5220000000.00,4949000000.00,5002000000.00,5041000000.00,6184000000.00,4072000000.00,4089000000.00,4091000000.00,4067000000.00,4177000000.00,4499000000.00,3433000000.00,3484000000.00,3509000000.00,3281000000.00,2835378000.00,2811148000.00,2973289000.00,2748781000.00,2745068000.00,2305212000.00,2500000000.00,2342821000.00,,,,,,,,,,,,,
inventory,760000000.00,711000000.00,630000000.00,667000000.00,695000000.00,600000000.00,520000000.00,592000000.00,595000000.00,527000000.00,467000000.00,521000000.00,557000000.00,514000000.00,471000000.00,494000000.00,488000000.00,433000000.00,402000000.00,483000000.00,525000000.00,475000000.00,453000000.00,522000000.00,547000000.00,512000000.00,467000000.00,527000000.00,551000000.00,515000000.00,483000000.00,538000000.00,548000000.00,500000000.00,449000000.00,524000000.00,561000000.00,491000000.00,424000000.00,526000000.00,581000000.00,511000000.00,461000000.00,704000000.00,756000000.00,686000000.00,625000000.00,712000000.00,734000000.00,654000000.00,572000000.00,707000000.00,746000000.00,676000000.00,635000000.00,782000000.00,857000000.00,733000000.00,657000000.00,842000000.00,956000000.00,719000000.00,556000000.00,735000000.00,757000000.00,612000000.00,489000000.00,647000000.00,710000000.00,549000000.00,423000000.00,572000000.00,840000000.00,649000000.00,563000000.00,623000000.00,605000000.00,458000000.00,412000000.00,487000000.00,476000000.00,420000000.00,354000000.00,299000000.00,280000000.00,263000000.00,258000000.00,295122000.00,276631000.00,268258000.00,204359000.00,227050000.00,249326000.00,236731000.00,224000000.00,253200000.00,257900000.00,255700000.00,242500000.00,245800000.00,238400000.00,233800000.00,232900000.00,227600000.00,,,,
accountsPayable,955000000.00,719000000.00,664000000.00,1159000000.00,820000000.00,897000000.00,690000000.00,1095000000.00,811000000.00,779000000.00,581000000.00,958000000.00,640000000.00,616000000.00,544000000.00,874000000.00,598000000.00,593000000.00,522000000.00,817000000.00,591000000.00,565000000.00,497000000.00,902000000.00,548000000.00,522000000.00,460000000.00,805000000.00,513000000.00,499000000.00,429000000.00,777000000.00,525000000.00,486000000.00,434000000.00,711000000.00,466000000.00,575000000.00,559000000.00,806000000.00,414000000.00,428000000.00,341000000.00,625000000.00,458000000.00,479000000.00,366000000.00,693000000.00,410000000.00,482000000.00,401000000.00,651000000.00,414000000.00,465000000.00,427000000.00,694000000.00,443000000.00,523000000.00,519000000.00,813000000.00,509000000.00,527000000.00,443000000.00,687000000.00,415000000.00,455000000.00,454000000.00,671000000.00,382000000.00,404000000.00,338000000.00,706000000.00,461000000.00,370000000.00,365000000.00,567000000.00,320000000.00,273000000.00,249000000.00,480000000.00,275000000.00,297000000.00,295000000.00,369000000.00,175000000.00,253000000.00,174000000.00,392169000.00,287060000.00,314609000.00,251338000.00,462924000.00,254979000.00,244667000.00,179890000.00,341300000.00,262600000.00,250900000.00,181000000.00,297200000.00,203200000.00,163300000.00,148600000.00,293400000.00,,,,
totalPermanentEquity,,,,,,,,,,,,,,,,,,,,,7798000000.00,7528000000.00,7372000000.00,7326000000.00,7487000000.00,7300000000.00,7206000000.00,7245000000.00,7335000000.00,7064000000.00,0.00,0.00,0.00,0.00,0.00,0.00,0.00,0.00,0.00,0.00,0.00,0.00,0.00,0.00,8026000000.00,7700000000.00,0.00,,0.00,0.00,0.00,0.00,0.00,0.00,8110000000.00,8060000000.00,8046000000.00,0.00,,,,,,,,,,,,,,,,,,,,,,,,,,,,,,,,,,,,,,,,,,,,,,,,,,
noncontrollingInterestInConsolidatedEntity,,129000000.00,129000000.00,129000000.00,129000000.00,129000000.00,129000000.00,129000000.00,129000000.00,129000000.00,129000000.00,142000000.00,142000000.00,142000000.00,142000000.00,142000000.00,142000000.00,142000000.00,142000000.00,142000000.00,142000000.00,142000000.00,142000000.00,142000000.00,142000000.00,142000000.00,142000000.00,142000000.00,142000000.00,142000000.00,142000000.00,142000000.00,142000000.00,142000000.00,142000000.00,142000000.00,142000000.00,142000000.00,142000000.00,142000000.00,151000000.00,151000000.00,0.00,0.00,8026000000.00,7700000000.00,0.00,,0.00,0.00,0.00,0.00,0.00,0.00,8110000000.00,8060000000.00,8046000000.00,0.00,,,,,,,,,,,,,,,,,,,,,,,,,,,,,,,,,,,,,,,,,,,,,,,,,,
temporaryEquityRedeemableNoncontrollingInterests,,,,,,,,,,,,,,,,,,,,,0.00,0.00,0.00,0.00,0.00,0.00,0.00,0.00,0.00,0.00,0.00,0.00,0.00,0.00,0.00,0.00,0.00,0.00,0.00,0.00,0.00,0.00,0.00,0.00,8026000000.00,7700000000.00,0.00,,0.00,0.00,0.00,0.00,0.00,0.00,8110000000.00,8060000000.00,8046000000.00,0.00,,,,,,,,,,,,,,,,,,,,,,,,,,,,,,,,,,,,,,,,,,,,,,,,,,
accumulatedOtherComprehensiveIncome,-4000000.00,-3000000.00,-2000000.00,-1000000.00,14000000.00,14000000.00,14000000.00,13000000.00,-80000000.00,-1000000.00,-80000000.00,-1000000.00,-15000000.00,-16000000.00,-16000000.00,-17000000.00,-21000000.00,-21000000.00,-21000000.00,-22000000.00,-17000000.00,-19000000.00,-17000000.00,-18000000.00,-21000000.00,-21000000.00,-23000000.00,-23000000.00,-2000000.00,-1000000.00,-5000000.00,-3000000.00,-5000000.00,-5000000.00,-9000000.00,-9000000.00,6000000.00,6000000.00,3000000.00,3000000.00,-19000000.00,-9000000.00,-15000000.00,-8000000.00,2000000.00,-30000000.00,-35000000.00,-50000000.00,-25000000.00,-21000000.00,-20000000.00,-17000000.00,-10000000.00,-13000000.00,-4000000.00,-16000000.00,-21000000.00,-13000000.00,6000000.00,4000000.00,51000000.00,-66000000.00,-19000000.00,36000000.00,41000000.00,42000000.00,23000000.00,62000000.00,-26000000.00,-42000000.00,-54000000.00,-36000000.00,-30000000.00,-44000000.00,-43000000.00,-55000000.00,-39000000.00,-55000000.00,-58000000.00,-53000000.00,-113000000.00,-110000000.00,-110000000.00,-102000000.00,-3000000.00,-7000000.00,-10000000.00,-384000.00,-9872000.00,-10871000.00,-9512000.00,-6204367000.00,-6159140000.00,-6059772000.00,-5967122000.00,-5891300000.00,-5839500000.00,-5771400000.00,-5688900000.00,-5602800000.00,-5527700000.00,-5440500000.00,-5361900000.00,-5285400000.00,,,,
additionalPaidInCapital,,,,,,,,,,,,,,,,,,,,,0.00,0.00,0.00,5540000000.00,0.00,0.00,0.00,5556000000.00,0.00,0.00,0.00,0.00,0.00,0.00,0.00,0.00,0.00,0.00,0.00,0.00,0.00,0.00,0.00,0.00,8026000000.00,7700000000.00,0.00,,0.00,0.00,0.00,0.00,0.00,0.00,8110000000.00,8060000000.00,8046000000.00,0.00,,,,,,,,,,,,,,,,,,,,,,,,,,,,,,,,,,,,,,,,,,,,,,,,,,
commonStockTotalEquity,,3000000.00,3000000.00,3000000.00,3000000.00,3000000.00,3000000.00,3000000.00,3000000.00,3000000.00,3000000.00,3000000.00,2000000.00,2000000.00,2000000.00,2000000.00,2000000.00,2000000.00,2000000.00,2000000.00,2000000.00,2000000.00,2000000.00,2000000.00,2000000.00,2000000.00,2000000.00,2000000.00,2000000.00,2000000.00,2000000.00,2000000.00,2000000.00,2000000.00,2000000.00,2000000.00,2000000.00,2000000.00,2000000.00,2000000.00,2000000.00,2000000.00,2000000.00,2000000.00,2000000.00,2000000.00,2000000.00,2000000.00,2000000.00,2000000.00,2000000.00,2000000.00,2000000.00,2000000.00,2000000.00,2000000.00,2000000.00,2000000.00,2000000.00,2000000.00,2000000.00,2000000.00,2000000.00,2000000.00,2000000.00,2000000.00,2000000.00,2000000.00,2000000.00,2000000.00,2000000.00,2000000.00,2000000.00,2000000.00,2000000.00,2000000.00,2000000.00,2000000.00,2000000.00,2000000.00,2000000.00,2000000.00,2000000.00,2000000.00,2000000.00,1000000.00,1000000.00,1380000.00,1375000.00,1372000.00,1372000.00,1372000.00,1372000.00,1372000.00,1372000.00,1400000.00,1400000.00,1400000.00,1400000.00,1400000.00,1400000.00,1400000.00,1400000.00,1400000.00,,,,
preferredStockTotalEquity,,,,,,,,,,,,,,,,,,,,,142000000.00,142000000.00,142000000.00,142000000.00,142000000.00,142000000.00,142000000.00,142000000.00,142000000.00,142000000.00,142000000.00,142000000.00,142000000.00,142000000.00,142000000.00,142000000.00,142000000.00,142000000.00,142000000.00,142000000.00,142000000.00,142000000.00,142000000.00,142000000.00,8026000000.00,7700000000.00,0.00,142000000.00,0.00,0.00,0.00,142000000.00,0.00,0.00,8110000000.00,195000000.00,8046000000.00,0.00,,195000000.00,195000000.00,195000000.00,195000000.00,195000000.00,195000000.00,195000000.00,195000000.00,195000000.00,195000000.00,195000000.00,195000000.00,195000000.00,195000000.00,195000000.00,195000000.00,195000000.00,196000000.00,182000000.00,182000000.00,182000000.00,213000000.00,235000000.00,235000000.00,193000000.00,194000000.00,235000000.00,235000000.00,235197000.00,235197000.00,235197000.00,235197000.00,235197000.00,235197000.00,235197000.00,235197000.00,,,,,,,,,,,,,
retainedEarningsTotalEquity,,3817000000.00,3745000000.00,3646000000.00,3636000000.00,3336000000.00,3282000000.00,3182000000.00,3199000000.00,2915000000.00,2850000000.00,2757000000.00,2769000000.00,2525000000.00,2404000000.00,2380000000.00,2408000000.00,2161000000.00,2099000000.00,2024000000.00,2073000000.00,1827000000.00,1699000000.00,1660000000.00,1830000000.00,1649000000.00,1563000000.00,1568000000.00,1643000000.00,1376000000.00,1333000000.00,1331000000.00,1405000000.00,1161000000.00,1111000000.00,1103000000.00,1154000000.00,957000000.00,906000000.00,907000000.00,967000000.00,762000000.00,0.00,0.00,8026000000.00,7700000000.00,0.00,,0.00,0.00,0.00,0.00,0.00,0.00,8110000000.00,8060000000.00,8046000000.00,0.00,,,,,,,,,,,,,,,,,,,,,,,,,,,,,,,,,,,,,,,,,,,,,,,,,,
treasuryStock,,,,,,,,,,,,,,,,,,,,,0.00,0.00,0.00,0.00,0.00,0.00,0.00,0.00,0.00,0.00,0.00,0.00,0.00,0.00,0.00,0.00,0.00,0.00,0.00,0.00,0.00,0.00,0.00,0.00,-8026000000.00,-7700000000.00,0.00,,0.00,0.00,0.00,0.00,0.00,0.00,-8110000000.00,-8060000000.00,-8046000000.00,0.00,,,,,,,,,,,,,,,,,,,,,,,,,,,,,,,,,,,,,,,,,,,,,,,,,,
accumulatedAmortization,,,,,,,,,,,,,,,,,,,,,,,,,,,,,,,,,,,,,,,,,,,,,,,,,,,,,,,,,,,,,,,,,,,,,,,,,,,,,,,,,,,,,,,,,,,,,,,,,,,,,,,,,,,,
nonCurrrentAssetsOther,1279000000.00,-822000000.00,1093000000.00,2605000000.00,1540000000.00,1632000000.00,1217000000.00,1647000000.00,593000000.00,510000000.00,482000000.00,1077000000.00,382000000.00,377000000.00,350000000.00,876000000.00,329000000.00,741000000.00,727000000.00,650000000.00,696000000.00,786000000.00,702000000.00,522000000.00,173000000.00,284000000.00,335000000.00,538000000.00,260000000.00,336000000.00,431000000.00,575000000.00,2174000000.00,2050000000.00,2063000000.00,664000000.00,1858000000.00,1867000000.00,1918000000.00,698000000.00,2354000000.00,2314000000.00,2328000000.00,749000000.00,2381000000.00,2283000000.00,2387000000.00,2390000000.00,1131000000.00,1265000000.00,1231000000.00,1289000000.00,1815000000.00,1851000000.00,1863000000.00,1853000000.00,2082000000.00,2099000000.00,2134000000.00,-1174000000.00,1244000000.00,1481000000.00,1360000000.00,2150000000.00,1544000000.00,1617000000.00,1504000000.00,214000000.00,1861000000.00,1759000000.00,1170000000.00,1550000000.00,1114000000.00,1152000000.00,1129000000.00,1615000000.00,-165000000.00,1408000000.00,1424000000.00,1425000000.00,1445000000.00,1463000000.00,1495000000.00,1133000000.00,1065000000.00,1110000000.00,1143000000.00,1110499000.00,1069458000.00,757410000.00,1077912000.00,1087576000.00,1087432000.00,1106105000.00,1155858000.00,1133400000.00,1111700000.00,1138300000.00,1146800000.00,1148200000.00,1122200000.00,1131700000.00,1151500000.00,1129200000.00,,,,
deferredLongTermAssetCharges,,,,,,,,,,,,,,,,,,,,,,,,,,,,,,,,,,,,,,,,,,,,,,,,,,,,,,,,,,,,,,,,,,,,,,,,,,,,,,,,,,,,,,,,,,,,,,,,,,,,,,,,,,,,
nonCurrentAssetsTotal,37515000000.00,36928000000.00,36002000000.00,35236000000.00,35139000000.00,34712000000.00,34166000000.00,33767000000.00,32461000000.00,31800000000.00,30966000000.00,30377000000.00,28927000000.00,28396000000.00,27808000000.00,27502000000.00,27051000000.00,26589000000.00,26087000000.00,25682000000.00,25319000000.00,24954000000.00,24512000000.00,24333000000.00,24036000000.00,23683000000.00,23361000000.00,23106000000.00,22535000000.00,22199000000.00,21927000000.00,21723000000.00,21476000000.00,21161000000.00,20891000000.00,20630000000.00,19934000000.00,19623000000.00,19326000000.00,19070000000.00,19112000000.00,18868000000.00,18656000000.00,19466000000.00,21092000000.00,20826000000.00,20775000000.00,21350000000.00,20676000000.00,20788000000.00,20614000000.00,20621000000.00,20511000000.00,21085000000.00,21030000000.00,20948000000.00,20814000000.00,20526000000.00,20314000000.00,20142000000.00,18932000000.00,18879000000.00,18455000000.00,18248000000.00,18064000000.00,17966000000.00,17766000000.00,17704000000.00,17093000000.00,16905000000.00,16851000000.00,16344000000.00,16107000000.00,15926000000.00,15895000000.00,15852000000.00,15622000000.00,13025000000.00,12952000000.00,12916000000.00,12227000000.00,12280000000.00,12298000000.00,10047000000.00,9754000000.00,9734000000.00,9621000000.00,9537061000.00,9294855000.00,9152082000.00,8894731000.00,8793248000.00,8615775000.00,8532898000.00,8450750000.00,8298600000.00,8108200000.00,8095500000.00,8057400000.00,8076200000.00,8046600000.00,8081500000.00,8112800000.00,8116300000.00,,,,
capitalLeaseObligations,,,,,,,,,,,,,,,,,,,,,,,,,,,,,,,,,,,,,,,,,,,,,,,,,,,,,,,,,,,,,,,,,,,,,,,,,,,,,,,,,,,,,,,,,,,,,,,,,,,,,,,,,,,,
longTermDebtTotal,13829000000.00,14328000000.00,14181000000.00,13685000000.00,13577000000.00,12985000000.00,12563000000.00,12562000000.00,12444000000.00,12492000000.00,11527000000.00,11078000000.00,10172000000.00,10171000000.00,9378000000.00,8915000000.00,8651000000.00,8222000000.00,8221000000.00,7859000000.00,7614000000.00,7613000000.00,6766000000.00,7094000000.00,6922000000.00,6821000000.00,6597000000.00,6595000000.00,6607000000.00,6605000000.00,6881000000.00,6880000000.00,5981000000.00,5981000000.00,5860000000.00,6120000000.00,5825000000.00,5825000000.00,5226000000.00,5504000000.00,5274000000.00,5274000000.00,,,,,,,,,,,,,,,,,,,,,,,,,,,,,,,,,,,,,,,,,,,,,,,,,,,,,,,,,,,,,,,,,,
nonCurrentLiabilitiesOther,,10550000000.00,10390000000.00,10216000000.00,10575000000.00,10526000000.00,10554000000.00,10518000000.00,10050000000.00,9765000000.00,9678000000.00,9692000000.00,9609000000.00,9476000000.00,9300000000.00,9312000000.00,9406000000.00,9196000000.00,9049000000.00,8896000000.00,8967000000.00,8787000000.00,8596000000.00,8585000000.00,8627000000.00,8368000000.00,8246000000.00,8185000000.00,7901000000.00,7694000000.00,7654000000.00,7579000000.00,7833000000.00,7709000000.00,7658000000.00,7452000000.00,7016000000.00,6737000000.00,6560000000.00,6391000000.00,7158000000.00,7191000000.00,,,,,,,,,,,,,,,,,,,,,,,,,,,,,,,,,,,,,,,,,,,,,,,,,,,,,,,,,,,,,,,,,,
nonCurrentLiabilitiesTotal,24410000000.00,24878000000.00,24571000000.00,23901000000.00,24152000000.00,23511000000.00,23117000000.00,23080000000.00,22494000000.00,22257000000.00,21205000000.00,20770000000.00,19781000000.00,19647000000.00,18678000000.00,18227000000.00,18057000000.00,17418000000.00,17270000000.00,16755000000.00,16581000000.00,16400000000.00,15362000000.00,15679000000.00,15549000000.00,15189000000.00,14843000000.00,14780000000.00,14508000000.00,14299000000.00,14535000000.00,14459000000.00,13814000000.00,13690000000.00,13518000000.00,13572000000.00,12841000000.00,12562000000.00,11786000000.00,11895000000.00,12432000000.00,12465000000.00,12859000000.00,13370000000.00,13926000000.00,13677000000.00,13706000000.00,13792000000.00,13356000000.00,13721000000.00,13612000000.00,13743000000.00,13808000000.00,13955000000.00,13938000000.00,14019000000.00,13622000000.00,13291000000.00,12917000000.00,12631000000.00,11323000000.00,11555000000.00,10299000000.00,10877000000.00,10950000000.00,10898000000.00,10625000000.00,10654000000.00,10229000000.00,10479000000.00,10287000000.00,10106000000.00,10024000000.00,9632000000.00,9605000000.00,9640000000.00,10342000000.00,8202000000.00,8217000000.00,8222000000.00,7720000000.00,7822000000.00,8187000000.00,6915000000.00,5943000000.00,5941000000.00,5755000000.00,5236000000.00,5199000000.00,5378000000.00,5126000000.00,5097000000.00,4663000000.00,4799000000.00,4671000000.00,4776000000.00,4640000000.00,4693000000.00,4614000000.00,4614000000.00,4692000000.00,4893000000.00,4870000000.00,4253400000.00,,,,
negativeGoodwill,,,,,,,,,,,,,,,,,,,,,,,,,,,,,,,,,,,,,,,,,,,,,,,,,,,,,,,,,,,,,,,,,,,,,,,,,,,,,,,,,,,,,,,,,,,,,,,,,,,,,,,,,,,,
warrants,,,,,,,,,,,,,,,,,,,,,,,,,,,,,,,,,,,,,,,,,,,,,,,,,,,,,,,,,,,,,,,,,,,,,,,,,,,,,,,,,,,,,,,,,,,,,,,,,,,,,,,,,,,,
preferredStockRedeemable,,,,,,,,,,,,,,,,,,,,,,,,,,,,,,,,,,,,,,,,,,,,,,,,,,,,,,,,,,,,,,,,,,,,,,,,,,,,,,,,,,,,,,,,,,,,,,,,,,,,,,,,,,,,
capitalSurpluse,6900000000.00,6880000000.00,6861000000.00,6860000000.00,6548000000.00,6527000000.00,6507000000.00,6502000000.00,6483000000.00,6436000000.00,6295000000.00,6179000000.00,5733000000.00,5716000000.00,5695000000.00,5694000000.00,5673000000.00,5649000000.00,5625000000.00,5627000000.00,5598000000.00,5576000000.00,5546000000.00,5540000000.00,5534000000.00,5528000000.00,5522000000.00,5556000000.00,5550000000.00,5545000000.00,5539000000.00,5616000000.00,5612000000.00,5606000000.00,5600000000.00,5617000000.00,5612000000.00,5607000000.00,5602000000.00,5632000000.00,5624000000.00,5619000000.00,,,,,,,,,,,,,,,,,,,,,,,,,,,,,,,,,,,,,,,,,,,,,,,,,,,,,,,,,,,,,,,,,,
liabilitiesAndStockholdersEquity,39599000000.00,38947000000.00,38064000000.00,37904000000.00,37657000000.00,37108000000.00,36197000000.00,35735000000.00,34665000000.00,33916000000.00,32789000000.00,32030000000.00,30517000000.00,30016000000.00,29272000000.00,28933000000.00,28546000000.00,28103000000.00,27509000000.00,27215000000.00,26959000000.00,26639000000.00,26079000000.00,25945000000.00,25617000000.00,25254000000.00,24811000000.00,24699000000.00,24134000000.00,23793000000.00,23385000000.00,23640000000.00,23459000000.00,23152000000.00,22884000000.00,22676000000.00,21876000000.00,21588000000.00,21166000000.00,21042000000.00,22385000000.00,22276000000.00,21952000000.00,21835000000.00,23498000000.00,22980000000.00,22899000000.00,23645000000.00,23356000000.00,23391000000.00,23329000000.00,23515000000.00,23631000000.00,23915000000.00,23688000000.00,23790000000.00,23594000000.00,23190000000.00,23071000000.00,22657000000.00,21479000000.00,21645000000.00,20758000000.00,20728000000.00,20405000000.00,20531000000.00,19626000000.00,19578000000.00,18830000000.00,18450000000.00,18314000000.00,18162000000.00,18090000000.00,17491000000.00,17333000000.00,17434000000.00,17764000000.00,14677000000.00,14639000000.00,14233000000.00,13537000000.00,13457000000.00,13589000000.00,11499000000.00,11214000000.00,10710000000.00,10405000000.00,10400575000.00,10277936000.00,10063415000.00,9666815000.00,9714430000.00,9621682000.00,9312463000.00,9315289000.00,9177600000.00,9258700000.00,8936900000.00,8813100000.00,8847400000.00,9122100000.00,8880400000.00,8797300000.00,8827500000.00,,,,
cashAndShortTermInvestments,8000000.00,7000000.00,10000000.00,250000000.00,7000000.00,7000000.00,7000000.00,8000000.00,7000000.00,99000000.00,6000000.00,139000000.00,6000000.00,8000000.00,42000000.00,16000000.00,20000000.00,6000000.00,8000000.00,16000000.00,11000000.00,29000000.00,30000000.00,10000000.00,9000000.00,10000000.00,8000000.00,9000000.00,18000000.00,13000000.00,13000000.00,292000000.00,72000000.00,2000000.00,6000000.00,5000000.00,13000000.00,46000000.00,26000000.00,30000000.00,169000000.00,150000000.00,161000000.00,209000000.00,298000000.00,117000000.00,208000000.00,255000000.00,522000000.00,378000000.00,573000000.00,545000000.00,761000000.00,672000000.00,593000000.00,622000000.00,563000000.00,251000000.00,628000000.00,92000000.00,206000000.00,205000000.00,186000000.00,355000000.00,170000000.00,687000000.00,161000000.00,137000000.00,34000000.00,51000000.00,29000000.00,96000000.00,278000000.00,27000000.00,30000000.00,69000000.00,647000000.00,511000000.00,633000000.00,111000000.00,100000000.00,101000000.00,294000000.00,628000000.00,629000000.00,150000000.00,60000000.00,67092000.00,112112000.00,72530000.00,91469000.00,125968000.00,237537000.00,48901000.00,39691000.00,194900000.00,331100000.00,54000000.00,74200000.00,76900000.00,62300000.00,47100000.00,45800000.00,9700000.00,,,,
propertyPlantAndEquipmentGross,,32351000000.00,31735000000.00,,30608000000.00,30086000000.00,29578000000.00,,28559000000.00,28020000000.00,27307000000.00,26807000000.00,25541000000.00,25081000000.00,24678000000.00,24376000000.00,23894000000.00,23479000000.00,23044000000.00,22810000000.00,22379000000.00,11835000000.00,21666000000.00,21466000000.00,20906000000.00,20589000000.00,20298000000.00,11478000000.00,19647000000.00,19324000000.00,19000000000.00,18799000000.00,18307000000.00,17986000000.00,17700000000.00,17424000000.00,16991000000.00,16726000000.00,16425000000.00,16205000000.00,15834000000.00,15601000000.00,15408000000.00,16096000000.00,17833000000.00,17690000000.00,17535000000.00,18127000000.00,17873000000.00,17945000000.00,17888000000.00,17853000000.00,17655000000.00,17747000000.00,17671000000.00,17610000000.00,17272000000.00,17006000000.00,16781000000.00,16567000000.00,15977000000.00,15566000000.00,15294000000.00,15069000000.00,14729000000.00,14538000000.00,14353000000.00,14286000000.00,14028000000.00,13920000000.00,13854000000.00,13572000000.00,13402000000.00,13397000000.00,13332000000.00,13297000000.00,13052000000.00,11052000000.00,10963000000.00,10917000000.00,10152000000.00,10197000000.00,10182000000.00,8914000000.00,8689000000.00,8624000000.00,8478000000.00,8426562000.00,8225397000.00,8057790000.00,7816819000.00,7705672000.00,7528343000.00,7426793000.00,7294892000.00,7165200000.00,6996500000.00,6957200000.00,6910600000.00,6928000000.00,6924400000.00,6949800000.00,6961300000.00,6987100000.00,,,,
propertyPlantAndEquipmentNet,32938000000.00,32351000000.00,31735000000.00,31262000000.00,30608000000.00,30086000000.00,29578000000.00,29261000000.00,28559000000.00,28020000000.00,27307000000.00,26807000000.00,25541000000.00,25081000000.00,24678000000.00,24376000000.00,23894000000.00,23479000000.00,23044000000.00,22810000000.00,22379000000.00,21998000000.00,21666000000.00,21466000000.00,20906000000.00,20589000000.00,20298000000.00,20113000000.00,19647000000.00,19324000000.00,19000000000.00,18799000000.00,18307000000.00,17986000000.00,17700000000.00,17424000000.00,16991000000.00,16726000000.00,16425000000.00,16205000000.00,15834000000.00,15601000000.00,15408000000.00,16096000000.00,17833000000.00,17690000000.00,17535000000.00,18127000000.00,17873000000.00,17945000000.00,17888000000.00,17853000000.00,17655000000.00,17747000000.00,17671000000.00,17610000000.00,17272000000.00,17006000000.00,16781000000.00,16567000000.00,15977000000.00,15566000000.00,15294000000.00,15069000000.00,14729000000.00,14538000000.00,14353000000.00,14286000000.00,14028000000.00,13920000000.00,13854000000.00,13572000000.00,13402000000.00,13397000000.00,13332000000.00,13297000000.00,13052000000.00,11052000000.00,10963000000.00,10917000000.00,10152000000.00,10197000000.00,10182000000.00,8914000000.00,8689000000.00,8624000000.00,8478000000.00,8426562000.00,8225397000.00,8057790000.00,7816819000.00,7705672000.00,7528343000.00,7426793000.00,7294892000.00,7165200000.00,6996500000.00,6957200000.00,6910600000.00,6928000000.00,6924400000.00,6949800000.00,6961300000.00,6987100000.00,,,,
accumulatedDepreciation,,,,,,,,,,,,,,,,,,,,,,,,,,,,,,,,,,,,,,,,,,,,,,,,,,,,,,,,,,,,,,,,,,,,,,,,,,,,,,,,,,,,,,,,,,,,,,,,,,,,,,,,,,,,
netWorkingCapital,-1933000000.00,-1224000000.00,-695000000.00,-698000000.00,-657000000.00,-1192000000.00,-1114000000.00,-858000000.00,-153000000.00,-61000000.00,-484000000.00,-527000000.00,-515000000.00,-380000000.00,-903000000.00,,,,,,,,,,,,,,,,,,,,,,,,,,,,,,,,,,,,,,,,,,,,,,,,,,,,,,,,,,,,,,,,,,,,,,,,,,,,,,,,,,,,,,,,,,,,,
netInvestedCapital,27061000000.00,26704000000.00,26136000000.00,25603000000.00,25154000000.00,24491000000.00,23975000000.00,23312000000.00,22739000000.00,22284000000.00,21572000000.00,20514000000.00,19290000000.00,18875000000.00,18435000000.00,,,,,,,,,,,,,,,,,,,,,,,,,,,,,,,,,,,,,,,,,,,,,,,,,,,,,,,,,,,,,,,,,,,,,,,,,,,,,,,,,,,,,,,,,,,,,
commonStockSharesOutstanding,263400000.00,263200000.00,263100000.00,260200000.00,259500000.00,259400000.00,259000000.00,258900000.00,258600000.00,257200000.00,255900000.00,249700000.00,249200000.00,247900000.00,248100000.00,247500000.00,247500000.00,247200000.00,246400000.00,246800000.00,246300000.00,245800000.00,244400000.00,244700000.00,244700000.00,243500000.00,242600000.00,244700000.00,242900000.00,242600000.00,242600000.00,243000000.00,243900000.00,242600000.00,242600000.00,244500000.00,244300000.00,242600000.00,242600000.00,245100000.00,245100000.00,242600000.00,242600000.00,242600000.00,242900000.00,242600000.00,242600000.00,242600000.00,241700000.00,241200000.00,240600000.00,240600000.00,239300000.00,238400000.00,237600000.00,237600000.00,218200000.00,213600000.00,212700000.00,212700000.00,210300000.00,209500000.00,208700000.00,208700000.00,207600000.00,207100000.00,206600000.00,206600000.00,205900000.00,205400000.00,204800000.00,204800000.00,203800000.00,199700000.00,195300000.00,195300000.00,193500000.00,182700000.00,174300000.00,174300000.00,161800000.00,161200000.00,158900000.00,158900000.00,146700000.00,144400000.00,139700000.00,139700000.00,137222000.00,137215462.00,137215462.00,137215462.00,137215462.00,137215000.00,137215462.00,137215462.00,137215462.00,137301587.00,137215462.00,136000000.00,136820809.00,137049180.00,137586207.00,137586207.00,137197452.00,137413793.00,136363636.00,
investments,-767000000.00,-925000000.00,-12000000.00,-912000000.00,-5000000.00,-772000000.00,-5000000.00,-2454000000.00,-886000000.00,-871000000.00,-2000000.00,-7000000.00,-2000000.00,-17000000.00,-15000000.00,12000000.00,-7000000.00,2000000.00,-3000000.00,-3000000.00,-6000000.00,-3000000.00,-4000000.00,-4000000.00,-4000000.00,-3000000.00,-6000000.00,-2000000.00,-4000000.00,-4000000.00,-5000000.00,5000000.00,-2000000.00,3000000.00,,13000000.00,5000000.00,11000000.00,52000000.00,,,,,,,,,,,,,,,,,,,,,,,,,,,,,,,,,,,,,,,,,,,,,,,,,,,,,,,,,,,,,,,,,,,,,0.00
changeToLiabilities,,54000000.00,-376000000.00,121000000.00,-31000000.00,235000000.00,-229000000.00,143000000.00,58000000.00,44000000.00,-222000000.00,78000000.00,-72000000.00,111000000.00,-192000000.00,28000000.00,-38000000.00,127000000.00,-200000000.00,-21000000.00,-3000000.00,96000000.00,-246000000.00,123000000.00,9000000.00,110000000.00,-183000000.00,138000000.00,-4000000.00,105000000.00,-232000000.00,-21000000.00,28000000.00,90000000.00,-188000000.00,112000000.00,-96000000.00,-2000000.00,-86000000.00,81000000.00,,,,,,,,,,,,27000000.00,,,,,,,,57000000.00,,,,20000000.00,,,,,,,,129000000.00,,,,29000000.00,,,,,,,,,,,,,,,,121650000.00,,,,,,,,,,,,,,,,0.00
totalCashflowsFromInvestingActivities,-2656000000.00,-1889000000.00,-964000000.00,-3370000000.00,-906000000.00,-772000000.00,-780000000.00,-882000000.00,-886000000.00,-871000000.00,-889000000.00,-1348000000.00,-666000000.00,-631000000.00,-684000000.00,-637000000.00,-644000000.00,-587000000.00,-567000000.00,-617000000.00,-590000000.00,-532000000.00,-597000000.00,-620000000.00,-526000000.00,-520000000.00,-539000000.00,-590000000.00,-516000000.00,-525000000.00,-510000000.00,-614000000.00,-487000000.00,-436000000.00,-439000000.00,-505000000.00,-442000000.00,-457000000.00,-313000000.00,-1723000000.00,-1033000000.00,-637000000.00,-303000000.00,-1310000000.00,-1011000000.00,-638000000.00,-326000000.00,,-757000000.00,-498000000.00,-250000000.00,-1112000000.00,0.00,-560000000.00,-317000000.00,-1789000000.00,-1345000000.00,-882000000.00,,,,,,,,,,,,,,,,,,,,,,,,,,,,,,,,,,,,,,,,,,,,,,,,,,-1048000000.00
netBorrowings,,475000000.00,673000000.00,134000000.00,339000000.00,444000000.00,555000000.00,558000000.00,120000000.00,515000000.00,846000000.00,772000000.00,151000000.00,296000000.00,552000000.00,265000000.00,-10000000.00,199000000.00,319000000.00,251000000.00,-184000000.00,67000000.00,475000000.00,272000000.00,-147000000.00,98000000.00,356000000.00,176000000.00,-170000000.00,217000000.00,20000000.00,450000000.00,-103000000.00,64000000.00,241000000.00,249000000.00,-40000000.00,158000000.00,169000000.00,,,,,,,,,,,,,,,,,,,,,,,,,,,,,,,,,,,,,,,,,,,,,,,,,,,,,,,,,,,,,,,,,,,,,0.00
totalCashFromFinancingActivities,-153000000.00,319000000.00,489000000.00,284000000.00,198000000.00,295000000.00,391000000.00,423000000.00,8000000.00,495000000.00,795000000.00,1083000000.00,36000000.00,187000000.00,421000000.00,156000000.00,-112000000.00,99000000.00,191000000.00,148000000.00,-280000000.00,-23000000.00,360000000.00,160000000.00,-255000000.00,-10000000.00,207000000.00,17000000.00,-275000000.00,111000000.00,-118000000.00,345000000.00,-204000000.00,-37000000.00,142000000.00,149000000.00,-140000000.00,62000000.00,70000000.00,147000000.00,-131000000.00,-66000000.00,-99000000.00,-119000000.00,-2000000.00,-192000000.00,-113000000.00,-288000000.00,-260000000.00,-296000000.00,-276000000.00,-65000000.00,-414000000.00,-2000000.00,-326000000.00,272000000.00,-63000000.00,26000000.00,107000000.00,194000000.00,-183000000.00,258000000.00,32000000.00,378000000.00,-555000000.00,709000000.00,52000000.00,115000000.00,-218000000.00,-9000000.00,140000000.00,-31000000.00,28000000.00,-66000000.00,-194000000.00,-682000000.00,446000000.00,-108000000.00,439000000.00,75000000.00,-301000000.00,-210000000.00,69000000.00,120000000.00,263000000.00,105000000.00,43000000.00,244130000.00,-214358000.00,291657000.00,-13023000.00,72200000.00,-145870000.00,167938000.00,-108341000.00,31400000.00,-122200000.00,-46400000.00,-104200000.00,-92000000.00,-275900000.00,-37600000.00,-40500000.00,,,,,-1120000000.00
changeToOperatingActivities,,,,,-383000000.00,-367000000.00,-20000000.00,-297000000.00,-282000000.00,-29000000.00,-460000000.00,-246000000.00,-146000000.00,-57000000.00,-35000000.00,-34000000.00,25000000.00,45000000.00,-3000000.00,-103000000.00,119000000.00,70000000.00,-25000000.00,42000000.00,39000000.00,19000000.00,26000000.00,161000000.00,23000000.00,44000000.00,88000000.00,87000000.00,,,,-253000000.00,,,,,,,,,,,,,,,,,,,,,,,,,,,,,,,,,,,,,,,,,,,,,,,,,,,,,,,,,,,,,,,,,,,,,,,,0.00
changeInCash,30000000.00,9000000.00,21000000.00,36000000.00,19000000.00,7000000.00,-1000000.00,10000000.00,-122000000.00,95000000.00,-129000000.00,133000000.00,5000000.00,-40000000.00,27000000.00,21000000.00,33000000.00,4000000.00,11000000.00,15000000.00,-4000000.00,7000000.00,21000000.00,1000000.00,-1000000.00,2000000.00,-1000000.00,-9000000.00,5000000.00,5000000.00,-279000000.00,220000000.00,70000000.00,-4000000.00,1000000.00,-8000000.00,-33000000.00,20000000.00,-4000000.00,-164000000.00,44000000.00,-11000000.00,-23000000.00,-89000000.00,181000000.00,-91000000.00,-47000000.00,-267000000.00,144000000.00,-195000000.00,28000000.00,-63000000.00,102000000.00,146000000.00,-262000000.00,59000000.00,312000000.00,-53000000.00,212000000.00,-114000000.00,1000000.00,19000000.00,-169000000.00,185000000.00,-517000000.00,526000000.00,24000000.00,103000000.00,-17000000.00,22000000.00,-67000000.00,-182000000.00,251000000.00,-3000000.00,-39000000.00,-578000000.00,136000000.00,-122000000.00,522000000.00,11000000.00,-1000000.00,-193000000.00,-334000000.00,-1000000.00,479000000.00,90000000.00,-7000000.00,-45020000.00,39582000.00,-18939000.00,-34499000.00,-111569000.00,188636000.00,9210000.00,-155191000.00,-136200000.00,277100000.00,-20200000.00,-2700000.00,14600000.00,15200000.00,1300000.00,36100000.00,,,,,0.00
beginPeriodCashFlow,246000000.00,237000000.00,216000000.00,180000000.00,161000000.00,154000000.00,155000000.00,145000000.00,267000000.00,172000000.00,301000000.00,168000000.00,163000000.00,203000000.00,176000000.00,155000000.00,122000000.00,118000000.00,107000000.00,92000000.00,96000000.00,89000000.00,68000000.00,9000000.00,10000000.00,8000000.00,9000000.00,18000000.00,13000000.00,13000000.00,292000000.00,72000000.00,2000000.00,6000000.00,5000000.00,13000000.00,46000000.00,26000000.00,30000000.00,194000000.00,150000000.00,161000000.00,184000000.00,298000000.00,117000000.00,208000000.00,255000000.00,522000000.00,378000000.00,573000000.00,545000000.00,608000000.00,506000000.00,360000000.00,622000000.00,563000000.00,251000000.00,304000000.00,92000000.00,206000000.00,205000000.00,186000000.00,355000000.00,170000000.00,687000000.00,161000000.00,137000000.00,34000000.00,51000000.00,29000000.00,96000000.00,278000000.00,27000000.00,30000000.00,69000000.00,647000000.00,511000000.00,633000000.00,111000000.00,100000000.00,101000000.00,294000000.00,628000000.00,629000000.00,150000000.00,60000000.00,67000000.00,112112000.00,72530000.00,91469000.00,125968000.00,237537000.00,48901000.00,39691000.00,194882000.00,331100000.00,54000000.00,74200000.00,76900000.00,62300000.00,47100000.00,45800000.00,9700000.00,,,,,522000000.00
endPeriodCashFlow,246000000.00,246000000.00,237000000.00,216000000.00,180000000.00,161000000.00,154000000.00,155000000.00,145000000.00,267000000.00,172000000.00,301000000.00,168000000.00,163000000.00,203000000.00,176000000.00,155000000.00,122000000.00,118000000.00,107000000.00,92000000.00,96000000.00,89000000.00,10000000.00,9000000.00,10000000.00,8000000.00,9000000.00,18000000.00,13000000.00,13000000.00,292000000.00,72000000.00,2000000.00,6000000.00,5000000.00,13000000.00,46000000.00,26000000.00,30000000.00,194000000.00,150000000.00,161000000.00,209000000.00,298000000.00,117000000.00,208000000.00,255000000.00,522000000.00,378000000.00,573000000.00,545000000.00,608000000.00,506000000.00,360000000.00,622000000.00,563000000.00,251000000.00,304000000.00,92000000.00,206000000.00,205000000.00,186000000.00,355000000.00,170000000.00,687000000.00,161000000.00,137000000.00,34000000.00,51000000.00,29000000.00,96000000.00,278000000.00,27000000.00,30000000.00,69000000.00,647000000.00,511000000.00,633000000.00,111000000.00,100000000.00,101000000.00,294000000.00,628000000.00,629000000.00,150000000.00,60000000.00,67092000.00,112112000.00,72530000.00,91469000.00,125968000.00,237537000.00,48901000.00,39691000.00,194900000.00,331100000.00,54000000.00,74200000.00,76900000.00,62300000.00,47100000.00,45800000.00,,,,,522000000.00
totalCashFromOperatingActivities,920000000.00,615000000.00,496000000.00,664000000.00,727000000.00,484000000.00,388000000.00,469000000.00,756000000.00,471000000.00,-35000000.00,398000000.00,635000000.00,404000000.00,290000000.00,502000000.00,789000000.00,492000000.00,387000000.00,484000000.00,866000000.00,562000000.00,258000000.00,461000000.00,780000000.00,532000000.00,331000000.00,564000000.00,796000000.00,414000000.00,349000000.00,489000000.00,761000000.00,469000000.00,298000000.00,348000000.00,549000000.00,415000000.00,239000000.00,379000000.00,546000000.00,389000000.00,379000000.00,329000000.00,556000000.00,413000000.00,392000000.00,312000000.00,663000000.00,349000000.00,554000000.00,338000000.00,732000000.00,391000000.00,381000000.00,231000000.00,838000000.00,371000000.00,537000000.00,288000000.00,750000000.00,169000000.00,326000000.00,182000000.00,377000000.00,185000000.00,358000000.00,249000000.00,460000000.00,283000000.00,287000000.00,82000000.00,428000000.00,304000000.00,357000000.00,393000000.00,300000000.00,192000000.00,244000000.00,179000000.00,422000000.00,204000000.00,226000000.00,100000000.00,387000000.00,236000000.00,110000000.00,3047000.00,523048000.00,25403000.00,186544000.00,93662000.00,507669000.00,46237000.00,208014000.00,63700000.00,504300000.00,181600000.00,168000000.00,194100000.00,363500000.00,107300000.00,138300000.00,,,,,1878000000.00
issuanceOfCapitalStock,12000000.00,11000000.00,5000000.00,304000000.00,12000000.00,12000000.00,5000000.00,11000000.00,39000000.00,133000000.00,,,,,,,,,,,,,,,,,,,,,,,,,,,,,,,,,,,,,,,,,,,,,,,,,,,,,,,,,,,,,,,,,,,,,,,,,,,,,,,,,,,,,,,,,,,,,,,,,,
depreciation,380000000.00,334000000.00,369000000.00,376000000.00,369000000.00,347000000.00,346000000.00,337000000.00,324000000.00,321000000.00,295000000.00,283000000.00,293000000.00,291000000.00,286000000.00,280000000.00,274000000.00,259000000.00,268000000.00,263000000.00,259000000.00,257000000.00,254000000.00,228000000.00,243000000.00,240000000.00,241000000.00,235000000.00,231000000.00,223000000.00,234000000.00,221000000.00,219000000.00,216000000.00,218000000.00,195000000.00,200000000.00,196000000.00,200000000.00,191000000.00,183000000.00,177000000.00,186000000.00,266000000.00,179000000.00,226000000.00,188000000.00,160000000.00,162000000.00,212000000.00,213000000.00,159000000.00,218000000.00,203000000.00,203000000.00,151000000.00,208000000.00,201000000.00,188000000.00,93000000.00,,,23000000.00,333000000.00,,,19000000.00,91000000.00,,,80000000.00,68000000.00,,,18000000.00,294000000.00,,,,,,,,,,,,,,,,,,,,,,,,,,,,,,,,747000000.00
otherCashflowsFromInvestingActivities,-22000000.00,-17000000.00,-21000000.00,10000000.00,-2000000.00,-2000000.00,-1000000.00,9000000.00,-122000000.00,8000000.00,-193000000.00,-556000000.00,-8000000.00,-22000000.00,-33000000.00,1000000.00,-1000000.00,-8000000.00,-20000000.00,-17000000.00,-7000000.00,4000000.00,-14000000.00,-7000000.00,3000000.00,-23000000.00,-29000000.00,-8000000.00,-16000000.00,-17000000.00,-9000000.00,-34000000.00,1000000.00,-10000000.00,-22000000.00,-43000000.00,-20000000.00,-27000000.00,77000000.00,0.00,0.00,0.00,0.00,18000000.00,0.00,0.00,0.00,12000000.00,12000000.00,5000000.00,0.00,24000000.00,0.00,0.00,0.00,0.00,0.00,0.00,,,2000000.00,2000000.00,,,,,,13000000.00,,,1000000.00,17000000.00,16000000.00,12000000.00,11000000.00,25000000.00,28000000.00,17000000.00,7000000.00,3000000.00,4000000.00,2000000.00,1000000.00,1000000.00,1000000.00,1000000.00,,803000.00,48000.00,,,26241000.00,,,,,,,,,,,,,,,,0.00
dividendsPaid,-166000000.00,-165000000.00,-165000000.00,-153000000.00,152000000.00,153000000.00,152000000.00,142000000.00,141000000.00,142000000.00,140000000.00,127000000.00,123000000.00,122000000.00,122000000.00,122000000.00,117000000.00,117000000.00,116000000.00,117000000.00,111000000.00,112000000.00,111000000.00,111000000.00,106000000.00,107000000.00,107000000.00,107000000.00,103000000.00,103000000.00,103000000.00,104000000.00,99000000.00,100000000.00,99000000.00,99000000.00,97000000.00,97000000.00,97000000.00,97000000.00,97000000.00,97000000.00,97000000.00,98000000.00,97000000.00,97000000.00,90000000.00,96000000.00,98000000.00,91000000.00,95000000.00,85000000.00,88000000.00,95000000.00,93000000.00,72000000.00,86000000.00,90000000.00,90000000.00,165000000.00,118000000.00,148000000.00,133000000.00,153000000.00,132000000.00,132000000.00,131000000.00,131000000.00,131000000.00,130000000.00,130000000.00,128000000.00,130000000.00,129000000.00,124000000.00,123000000.00,124000000.00,116000000.00,116000000.00,102000000.00,103000000.00,103000000.00,102000000.00,97000000.00,97000000.00,91000000.00,91000000.00,87424000.00,87131000.00,87132000.00,87132000.00,87132000.00,87131000.00,87132000.00,87132000.00,87100000.00,87100000.00,,87100000.00,87100000.00,87100000.00,,,,,,,0.00
changeToInventory,-49000000.00,-81000000.00,37000000.00,26000000.00,-95000000.00,-80000000.00,72000000.00,2000000.00,-68000000.00,-59000000.00,54000000.00,36000000.00,-42000000.00,-42000000.00,23000000.00,-6000000.00,-54000000.00,-31000000.00,81000000.00,43000000.00,-50000000.00,-22000000.00,68000000.00,37000000.00,-34000000.00,-46000000.00,60000000.00,24000000.00,-36000000.00,-32000000.00,55000000.00,9000000.00,-48000000.00,-50000000.00,75000000.00,37000000.00,-69000000.00,-67000000.00,102000000.00,53000000.00,-70000000.00,-50000000.00,91000000.00,49000000.00,-71000000.00,-53000000.00,80000000.00,7000000.00,-89000000.00,-80000000.00,135000000.00,39000000.00,-69000000.00,-40000000.00,148000000.00,78000000.00,-120000000.00,-76000000.00,185000000.00,116000000.00,-232000000.00,-163000000.00,179000000.00,22000000.00,-145000000.00,-123000000.00,158000000.00,61000000.00,-161000000.00,-126000000.00,151000000.00,59000000.00,-108000000.00,-86000000.00,60000000.00,7000000.00,-61000000.00,-46000000.00,75000000.00,22000000.00,-55000000.00,-58000000.00,44000000.00,-19000000.00,-17000000.00,-5000000.00,37000000.00,-18491000.00,-8373000.00,-63899000.00,22691000.00,22276000.00,-12595000.00,-12731000.00,29224000.00,4700000.00,-2200000.00,-13200000.00,3300000.00,-7300000.00,-4700000.00,-900000.00,-5300000.00,,,,,27000000.00
changeToAccountReceivables,-79000000.00,120000000.00,112000000.00,119000000.00,-109000000.00,-187000000.00,7000000.00,-60000000.00,-172000000.00,-49000000.00,-24000000.00,-8000000.00,-48000000.00,-74000000.00,-3000000.00,79000000.00,56000000.00,76000000.00,4000000.00,-219000000.00,39000000.00,678000000.00,-26000000.00,-41000000.00,-5000000.00,-18000000.00,28000000.00,5000000.00,-16000000.00,-83000000.00,-22000000.00,72000000.00,23000000.00,15000000.00,-48000000.00,-10000000.00,76000000.00,64000000.00,-86000000.00,28000000.00,97000000.00,-29000000.00,-50000000.00,33000000.00,12000000.00,-78000000.00,109000000.00,146000000.00,125000000.00,-67000000.00,17000000.00,-85000000.00,-35000000.00,-6000000.00,-2000000.00,14000000.00,1000000.00,22000000.00,33000000.00,-36000000.00,76000000.00,,-9000000.00,-186000000.00,,,-257000000.00,146000000.00,157000000.00,168000000.00,-18000000.00,34000000.00,,,-124000000.00,144000000.00,21000000.00,,37000000.00,6000000.00,17000000.00,6000000.00,13000000.00,,,,26000000.00,70593000.00,,,85586000.00,,,,,,,,,,,,,,,,,0.00
salePurchaseOfStock,28000000.00,16000000.00,5000000.00,333000000.00,12000000.00,12000000.00,5000000.00,13000000.00,141000000.00,258000000.00,-13000000.00,1138000000.00,10000000.00,14000000.00,640000000.00,523000000.00,17000000.00,18000000.00,652000000.00,575000000.00,15000000.00,23000000.00,17000000.00,0.00,0.00,0.00,-39000000.00,0.00,0.00,0.00,0.00,0.00,0.00,0.00,0.00,0.00,0.00,0.00,0.00,0.00,0.00,0.00,0.00,0.00,0.00,0.00,0.00,522000000.00,522000000.00,32000000.00,17000000.00,-80000000.00,-67000000.00,120000000.00,20000000.00,-65000000.00,64000000.00,47000000.00,349000000.00,,,,,,,,,,,,,,,,,1000000.00,22000000.00,-1000000.00,-22000000.00,-30000000.00,,,-1000000.00,-1000000.00,,,,,,,,,,,,,,,,,,,,,,,,65000000.00
otherCashflowsFromFinancingActivities,1000000.00,473000000.00,649000000.00,188000000.00,338000000.00,436000000.00,538000000.00,549000000.00,-12000000.00,504000000.00,1672000000.00,-10000000.00,149000000.00,295000000.00,-25000000.00,-8000000.00,-12000000.00,198000000.00,-35000000.00,-9000000.00,-1000000.00,66000000.00,454000000.00,527000000.00,-149000000.00,522000000.00,314000000.00,130000000.00,-172000000.00,343000000.00,245000000.00,455000000.00,-105000000.00,177000000.00,241000000.00,253000000.00,-43000000.00,688000000.00,330000000.00,643000000.00,-34000000.00,31000000.00,-2000000.00,133000000.00,849000000.00,-95000000.00,-23000000.00,305000000.00,8000000.00,-3000000.00,-73000000.00,511000000.00,-5000000.00,10000000.00,-33000000.00,1447000000.00,-64000000.00,426000000.00,-3000000.00,312000000.00,-97000000.00,377000000.00,119000000.00,511000000.00,-446000000.00,814000000.00,162000000.00,228000000.00,-108000000.00,91000000.00,243000000.00,73000000.00,130000000.00,-309000000.00,-100000000.00,-8000000.00,103000000.00,-23000000.00,-326000000.00,411000000.00,-226000000.00,-130000000.00,-114000000.00,340000000.00,-6000000.00,173000000.00,-112000000.00,331554000.00,-127227000.00,378789000.00,74109000.00,159332000.00,-58739000.00,255070000.00,-21209000.00,118500000.00,-35100000.00,-46400000.00,-104200000.00,-4900000.00,-188800000.00,-37600000.00,-40500000.00,,,,,0.00
changeToNetincome,,10000000.00,28000000.00,32000000.00,95000000.00,56000000.00,38000000.00,18000000.00,81000000.00,24000000.00,33000000.00,29000000.00,59000000.00,29000000.00,42000000.00,17000000.00,82000000.00,22000000.00,24000000.00,29000000.00,135000000.00,59000000.00,29000000.00,167000000.00,187000000.00,123000000.00,45000000.00,27000000.00,228000000.00,88000000.00,36000000.00,44000000.00,201000000.00,70000000.00,52000000.00,60000000.00,186000000.00,81000000.00,86000000.00,,104000000.00,67000000.00,41000000.00,3000000.00,97000000.00,75000000.00,35000000.00,,94000000.00,76000000.00,71000000.00,9000000.00,99000000.00,75000000.00,40000000.00,,81000000.00,77000000.00,29000000.00,,44000000.00,,4000000.00,21000000.00,75000000.00,59000000.00,77000000.00,,148000000.00,,,107000000.00,172000000.00,112000000.00,87000000.00,,257000000.00,117000000.00,79000000.00,39000000.00,167000000.00,99000000.00,68000000.00,38000000.00,214000000.00,107000000.00,69000000.00,7540000.00,265758000.00,78588000.00,76917000.00,,,,,,,,,,,,,,,,,0.00
capitalExpenditures,762000000,921000000,951000000,921000000,899000000,770000000,790000000,891000000,865000000,879000000,888000000,1354000000,661000000,613000000,671000000,655000000,637000000,585000000,565000000,619000000,591000000,537000000,591000000,620000000,527000000,517000000,531000000,594000000,513000000,507000000,517000000,607000000,488000000,440000000,434000000,521000000,429000000,457000000,452000000,447000000,377000000,314000000,286000000,370000000,344000000,297000000,320000000,289000000,263000000,295000000,245000000,340000000,212000000,257000000,312000000,446000000,461000000,454000000,427000000,751000000,520000000,276000000,522000000,375000000,326000000,363000000,385000000,328000000,272000000,252000000,179000000,287000000,218000000,232000000,210000000,259000000,168000000,214000000,165000000,225000000,125000000,188000000,144000000,225000000,173000000,253000000,164000000,299848000,287948000,327692000,211457000,280941000,204149000,235561000,229603000,230700000,119700000,162800000,79500000,122500000,74600000,78800000,69400000,,,,,1030000000
changeReceivables,,61000000.00,112000000.00,-21000000.00,-109000000.00,-70000000.00,-117000000.00,138000000.00,-120000000.00,-87000000.00,-5000000.00,66000000.00,48000000.00,-156000000.00,-5000000.00,69000000.00,56000000.00,-50000000.00,4000000.00,105000000.00,41000000.00,-144000000.00,-26000000.00,6000000.00,-5000000.00,-98000000.00,44000000.00,63000000.00,-23000000.00,-166000000.00,55000000.00,154000000.00,9000000.00,-32000000.00,-48000000.00,15000000.00,78000000.00,24000000.00,-86000000.00,,,,,,,,,,,,,,,,,,,,,,,,,,,,,,,,,,,,,,,,,,,,,,,,,,,,,,,,,,,,,,,,,,,,,
cashFlowsOtherOperating,,-43000000.00,58000000.00,-38000000.00,40000000.00,-233000000.00,21000000.00,-107000000.00,49000000.00,-77000000.00,-430000000.00,-216000000.00,-25000000.00,-79000000.00,-17000000.00,14000000.00,98000000.00,-19000000.00,12000000.00,-8000000.00,120000000.00,70000000.00,21000000.00,-47000000.00,85000000.00,4000000.00,14000000.00,39000000.00,23000000.00,44000000.00,88000000.00,46000000.00,2000000.00,18000000.00,74000000.00,-126000000.00,-50000000.00,27000000.00,-80000000.00,,,,,,,,,,,,,,,,,,,,,,,,,,,,,,,,,,,,,,,,,,,,,,,,,,,,,,,,,,,,,,,,,,,,,
exchangeRateChanges,,,,,,,,,,,,,,,,,,,,,,,,,,,,,,,,,,,,,,,,,,,,,,,,,,,,,,,,,,,,,,,,,,,,,,,,,,,,,,,,,,,,,,,,,,,,,,,,,,,,,,,,,,,,
cashAndCashEquivalentsChanges,,9000000.00,21000000.00,36000000.00,19000000.00,7000000.00,-1000000.00,10000000.00,-122000000.00,95000000.00,-129000000.00,133000000.00,5000000.00,-40000000.00,27000000.00,21000000.00,33000000.00,4000000.00,11000000.00,15000000.00,-4000000.00,7000000.00,21000000.00,1000000.00,-1000000.00,2000000.00,-1000000.00,-9000000.00,5000000.00,,-279000000.00,220000000.00,70000000.00,-4000000.00,1000000.00,-8000000.00,-33000000.00,20000000.00,-4000000.00,,,,,,,,,,,,,,,,,,,,,,,,,,,,,,,,,,,,,,,,,,,,,,,,,,,,,,,,,,,,,,,,,,,,,
changeInWorkingCapital,-42000000.00,-9000000.00,-169000000.00,88000000.00,-195000000.00,-134000000.00,-253000000.00,-17000000.00,-81000000.00,-87000000.00,-603000000.00,-36000000.00,-91000000.00,-166000000.00,-191000000.00,105000000.00,62000000.00,27000000.00,-103000000.00,119000000.00,108000000.00,752000000.00,-183000000.00,119000000.00,55000000.00,-30000000.00,-65000000.00,264000000.00,-40000000.00,-50000000.00,-34000000.00,188000000.00,-9000000.00,26000000.00,-87000000.00,38000000.00,-137000000.00,-18000000.00,-150000000.00,17000000.00,-189000000.00,50000000.00,56000000.00,207000000.00,-163000000.00,-60000000.00,112000000.00,171000000.00,-134000000.00,-166000000.00,219000000.00,151000000.00,-130000000.00,-87000000.00,33000000.00,-148000000.00,145000000.00,-53000000.00,220000000.00,-18000000.00,206000000.00,-192000000.00,-20000000.00,-12000000.00,-180000000.00,-157000000.00,42000000.00,18000000.00,-43000000.00,-19000000.00,35000000.00,-60000000.00,-1000000.00,-110000000.00,44000000.00,-167000000.00,124000000.00,-103000000.00,36000000.00,3000000.00,9000000.00,-33000000.00,19000000.00,-136000000.00,10000000.00,5000000.00,-51000000.00,-158575000.00,154376000.00,-186578000.00,29959000.00,-21585000.00,161776000.00,-187579000.00,57585000.00,-5700000.00,168800000.00,6900000.00,31000000.00,86300000.00,41600000.00,-54900000.00,16600000.00,,,,,
stockBasedCompensation,7000000.00,6000000.00,8000000.00,6000000.00,6000000.00,8000000.00,4000000.00,5000000.00,6000000.00,5000000.00,6000000.00,5000000.00,5000000.00,5000000.00,6000000.00,5000000.00,5000000.00,4000000.00,6000000.00,5000000.00,5000000.00,4000000.00,6000000.00,5000000.00,4000000.00,4000000.00,4000000.00,-17000000.00,5000000.00,6000000.00,6000000.00,4000000.00,6000000.00,6000000.00,8000000.00,5000000.00,5000000.00,6000000.00,9000000.00,8000000.00,5000000.00,5000000.00,9000000.00,1886000000.00,21000000.00,-404000000.00,1054000000.00,6000000.00,201000000.00,81000000.00,-85000000.00,70000000.00,569000000.00,34000000.00,-22000000.00,66000000.00,39000000.00,-2000000.00,-47000000.00,102000000.00,,,-23000000.00,-333000000.00,,,-19000000.00,-91000000.00,,,95000000.00,-68000000.00,,,-18000000.00,-294000000.00,,,,,,,,,,,,,,,,,,,,,,,,,,,,,,,,
otherNonCashItems,19000000.00,14000000.00,-12000000.00,-3000000.00,23000000.00,19000000.00,7000000.00,1000000.00,1000000.00,-9000000.00,6000000.00,7000000.00,2000000.00,-15000000.00,18000000.00,-6000000.00,-8000000.00,1000000.00,-9000000.00,16000000.00,4000000.00,-746000000.00,2000000.00,-5000000.00,-3000000.00,1000000.00,-4000000.00,27000000.00,-1000000.00,-5000000.00,-6000000.00,-6000000.00,-2000000.00,65000000.00,-10000000.00,-18000000.00,-7000000.00,-14000000.00,-3000000.00,-38000000.00,52000000.00,21000000.00,32000000.00,-121000000.00,5000000.00,399000000.00,-417000000.00,-17000000.00,-12000000.00,-76000000.00,71000000.00,11000000.00,5000000.00,-19000000.00,-9000000.00,-21000000.00,-7000000.00,12000000.00,-1000000.00,17000000.00,317000000.00,71000000.00,185000000.00,132000000.00,287000000.00,195000000.00,205000000.00,86000000.00,184000000.00,206000000.00,-1000000.00,146000000.00,132000000.00,166000000.00,189000000.00,178000000.00,-113000000.00,158000000.00,135000000.00,156000000.00,99000000.00,139000000.00,103000000.00,205000000.00,120000000.00,119000000.00,105000000.00,98402000.00,101279000.00,97729000.00,104887000.00,99545000.00,97276000.00,93566000.00,96205000.00,81100000.00,93300000.00,88800000.00,90900000.00,91100000.00,89000000.00,83200000.00,88600000.00,,,,,
freeCashFlow,158000000.00,-306000000.00,-455000000.00,-257000000.00,-172000000.00,-286000000.00,-402000000.00,-422000000.00,-109000000.00,-408000000.00,-923000000.00,-956000000.00,-26000000.00,-209000000.00,-381000000.00,-153000000.00,152000000.00,-93000000.00,-178000000.00,-135000000.00,275000000.00,25000000.00,-333000000.00,-159000000.00,253000000.00,15000000.00,-200000000.00,-30000000.00,283000000.00,-93000000.00,-168000000.00,-118000000.00,273000000.00,29000000.00,-136000000.00,-173000000.00,120000000.00,-42000000.00,-213000000.00,-68000000.00,169000000.00,75000000.00,93000000.00,-41000000.00,212000000.00,116000000.00,72000000.00,23000000.00,400000000.00,54000000.00,309000000.00,-2000000.00,520000000.00,134000000.00,69000000.00,-215000000.00,377000000.00,-83000000.00,110000000.00,-463000000.00,230000000.00,-107000000.00,-196000000.00,-193000000.00,51000000.00,-178000000.00,-27000000.00,-79000000.00,188000000.00,31000000.00,108000000.00,-205000000.00,210000000.00,72000000.00,147000000.00,134000000.00,132000000.00,-22000000.00,79000000.00,-46000000.00,297000000.00,16000000.00,82000000.00,-125000000.00,214000000.00,-17000000.00,-54000000.00,-296801000.00,235100000.00,-302289000.00,-24913000.00,-187279000.00,303520000.00,-189324000.00,-21589000.00,-167000000.00,384600000.00,18800000.00,88500000.00,71600000.00,288900000.00,28500000.00,68900000.00,,,,,
researchDevelopment,,,,,,,,,,,,,,,,,,,,0.00,0.00,0.00,0.00,0.00,0.00,0.00,0.00,0.00,0.00,0.00,0.00,0.00,0.00,0.00,0.00,0.00,0.00,0.00,0.00,0.00,0.00,0.00,0.00,0.00,0.00,0.00,0.00,0.00,0.00,0.00,0.00,0.00,0.00,0.00,0.00,0.00,0.00,0.00,0.00,0.00,0.00,0.00,0.00,0.00,0.00,0.00,0.00,0.00,0.00,0.00,0.00,0.00,0.00,0.00,0.00,0.00,0.00,0.00,0.00,0.00,0.00,0.00,0.00,0.00,0.00,0.00,0.00,0.00,0.00,0.00,0.00,0.00,0.00,0.00,0.00,,,,,,,,,,,,,0.00
effectOfAccountingCharges,,,,,,,,,,,,,,,,,,,,0.00,0.00,0.00,0.00,0.00,0.00,0.00,0.00,0.00,0.00,0.00,0.00,0.00,0.00,0.00,0.00,0.00,0.00,0.00,0.00,0.00,0.00,0.00,0.00,0.00,0.00,0.00,0.00,0.00,0.00,0.00,0.00,0.00,0.00,0.00,0.00,0.00,0.00,0.00,0.00,0.00,0.00,0.00,0.00,0.00,0.00,0.00,0.00,0.00,0.00,0.00,0.00,0.00,0.00,0.00,0.00,0.00,0.00,0.00,0.00,0.00,0.00,0.00,0.00,0.00,0.00,0.00,0.00,0.00,0.00,0.00,0.00,0.00,0.00,0.00,0.00,,,,,,,,,,,,,0.00
incomeBeforeTax,563000000.00,277000000.00,302000000.00,192000000.00,531000000.00,245000000.00,287000000.00,155000000.00,496000000.00,239000000.00,262000000.00,137000000.00,432000000.00,294000000.00,169000000.00,119000000.00,458000000.00,219000000.00,220000000.00,85000000.00,464000000.00,314000000.00,195000000.00,141000000.00,495000000.00,308000000.00,161000000.00,59000000.00,604000000.00,240000000.00,138000000.00,61000000.00,553000000.00,158000000.00,176000000.00,67000000.00,490000000.00,250000000.00,163000000.00,72000000.00,494000000.00,172000000.00,91000000.00,-1917000000.00,532000000.00,264000000.00,-533000000.00,43000000.00,450000000.00,224000000.00,119000000.00,84000000.00,-27000000.00,238000000.00,181000000.00,126000000.00,364000000.00,251000000.00,215000000.00,104000000.00,317000000.00,325000000.00,225000000.00,159000000.00,374000000.00,221000000.00,194000000.00,72000000.00,454000000.00,191000000.00,114000000.00,68000000.00,439000000.00,285000000.00,192000000.00,123000000.00,355000000.00,178000000.00,156000000.00,66000000.00,429000000.00,177000000.00,135000000.00,-51000000.00,385000000.00,188000000.00,97000000.00,62774000.00,442641000.00,155358000.00,114665000.00,39975000.00,419843000.00,192824000.00,105644000.00,-6700000.00,412800000.00,148300000.00,89600000.00,51700000.00,390300000.00,142400000.00,69800000.00,,,,,-676000000.00
minorityInterest,-1000000.00,-2000000.00,1000000.00,-1000000.00,1000000.00,-2000000.00,1000000.00,-1000000.00,-1000000.00,129000000.00,2000000.00,1000000.00,2000000.00,1000000.00,2000000.00,-11000000.00,2000000.00,1000000.00,2000000.00,-11000000.00,2000000.00,1000000.00,2000000.00,1000000.00,2000000.00,1000000.00,2000000.00,1000000.00,2000000.00,1000000.00,2000000.00,1000000.00,2000000.00,1000000.00,2000000.00,1000000.00,2000000.00,1000000.00,2000000.00,1000000.00,2000000.00,-1000000.00,2000000.00,1000000.00,2000000.00,1000000.00,2000000.00,1000000.00,2000000.00,1000000.00,3000000.00,2000000.00,3000000.00,3000000.00,4000000.00,3000000.00,2000000.00,3000000.00,4000000.00,29000000.00,0.00,0.00,0.00,27000000.00,0.00,0.00,0.00,27000000.00,0.00,0.00,0.00,1000000.00,1000000.00,-1000000.00,1000000.00,3000000.00,1000000.00,2000000.00,1000000.00,1000000.00,1000000.00,4000000.00,1000000.00,1000000.00,2000000.00,10000000.00,1000000.00,1000000.00,1000000.00,2000000.00,0.00,0.00,0.00,0.00,0.00,,,,,,,,,,,,,-3000000.00
sellingGeneralAdministrative,,124000000.00,127000000.00,124000000.00,144000000.00,129000000.00,46000000.00,120000000.00,142000000.00,122000000.00,128000000.00,111000000.00,128000000.00,119000000.00,125000000.00,106000000.00,131000000.00,118000000.00,126000000.00,109000000.00,127000000.00,122000000.00,125000000.00,113000000.00,129000000.00,117000000.00,118000000.00,109000000.00,129000000.00,115000000.00,114000000.00,104000000.00,128000000.00,116000000.00,125000000.00,106000000.00,121000000.00,114000000.00,127000000.00,0.00,121000000.00,111000000.00,0.00,0.00,0.00,0.00,0.00,0.00,0.00,0.00,0.00,0.00,0.00,0.00,0.00,0.00,0.00,0.00,0.00,0.00,0.00,0.00,0.00,0.00,0.00,0.00,0.00,0.00,0.00,0.00,0.00,0.00,0.00,0.00,0.00,0.00,0.00,0.00,0.00,0.00,0.00,0.00,0.00,0.00,0.00,0.00,0.00,0.00,0.00,0.00,0.00,0.00,0.00,0.00,0.00,,,,,,,,,,,,,0.00
sellingAndMarketingExpenses,,,,,,,,,,,,,,,,,,,,,,,,,,,,,,,,,,,,,,,,,,,,,,,,,,,,,,,,,,,,,,,,,,,,,,,,,,,,,,,,,,,,,,,,,,,,,,,,,,,,,,,,,,,,
grossProfit,1130000000.00,788000000.00,798000000.00,724000000.00,1093000000.00,754000000.00,772000000.00,607000000.00,966000000.00,693000000.00,725000000.00,598000000.00,895000000.00,744000000.00,621000000.00,535000000.00,899000000.00,647000000.00,662000000.00,517000000.00,901000000.00,745000000.00,632000000.00,566000000.00,935000000.00,737000000.00,593000000.00,471000000.00,1031000000.00,650000000.00,541000000.00,446000000.00,955000000.00,622000000.00,574000000.00,425000000.00,869000000.00,619000000.00,554000000.00,453000000.00,863000000.00,550000000.00,482000000.00,439000000.00,1366000000.00,1132000000.00,953000000.00,901000000.00,1423000000.00,1094000000.00,1010000000.00,1021000000.00,1433000000.00,1067000000.00,1019000000.00,974000000.00,1196000000.00,1095000000.00,1026000000.00,990000000.00,1155000000.00,1117000000.00,1490000000.00,945000000.00,1172000000.00,1013000000.00,962000000.00,834000000.00,1203000000.00,922000000.00,822000000.00,763000000.00,1157000000.00,993000000.00,856000000.00,1422000000.00,940000000.00,795000000.00,732000000.00,1111000000.00,966000000.00,773000000.00,887000000.00,782000000.00,901000000.00,758000000.00,590000000.00,543398000.00,917832000.00,675812000.00,584819000.00,536878000.00,886622000.00,670210000.00,527451000.00,414400000.00,888800000.00,611900000.00,503800000.00,495600000.00,864300000.00,595500000.00,490900000.00,732000000.00,1043100000.00,791800000.00,759700000.00,0.00
reconciledDepreciation,380000000.00,370000000.00,369000000.00,376000000.00,-312000000.00,347000000.00,346000000.00,928000000.00,324000000.00,321000000.00,295000000.00,283000000.00,293000000.00,291000000.00,286000000.00,280000000.00,274000000.00,259000000.00,268000000.00,263000000.00,259000000.00,257000000.00,254000000.00,228000000.00,243000000.00,240000000.00,241000000.00,235000000.00,231000000.00,223000000.00,234000000.00,221000000.00,219000000.00,216000000.00,218000000.00,195000000.00,200000000.00,196000000.00,200000000.00,191000000.00,183000000.00,177000000.00,186000000.00,266000000.00,179000000.00,185000000.00,188000000.00,160000000.00,196000000.00,195000000.00,196000000.00,159000000.00,218000000.00,203000000.00,203000000.00,151000000.00,208000000.00,201000000.00,188000000.00,,,,,,,,,,,,,,,,,,,,,,,,,,,,,,,,,,,,,,,,,,,,,,,,,
ebit,699000000.00,411000000.00,351000000.00,322000000.00,599000000.00,309000000.00,331000000.00,247000000.00,589000000.00,334000000.00,360000000.00,245000000.00,542000000.00,402000000.00,271000000.00,210000000.00,554000000.00,309000000.00,317000000.00,184000000.00,565000000.00,414000000.00,296000000.00,237000000.00,586000000.00,405000000.00,260000000.00,154000000.00,695000000.00,332000000.00,230000000.00,152000000.00,632000000.00,247000000.00,264000000.00,142000000.00,575000000.00,339000000.00,255000000.00,181000000.00,582000000.00,273000000.00,192000000.00,143000000.00,644000000.00,363000000.00,217000000.00,187000000.00,708000000.00,316000000.00,227000000.00,233000000.00,678000000.00,331000000.00,298000000.00,278000000.00,485000000.00,365000000.00,321000000.00,152000000.00,456000000.00,428000000.00,320000000.00,189000000.00,481000000.00,320000000.00,286000000.00,140000000.00,563000000.00,274000000.00,203000000.00,133000000.00,512000000.00,400000000.00,262000000.00,182000000.00,412000000.00,248000000.00,213000000.00,136000000.00,497000000.00,253000000.00,198000000.00,8000000.00,439000000.00,311000000.00,150000000.00,105662000.00,482872000.00,212013000.00,170103000.00,102553000.00,474872000.00,241523000.00,157751000.00,34400000.00,459800000.00,192300000.00,135000000.00,94300000.00,437200000.00,187100000.00,120300000.00,,,,,0.00
ebitda,1079000000.00,781000000.00,798000000.00,697000000.00,344000000.00,716000000.00,736000000.00,1175000000.00,322000000.00,655000000.00,655000000.00,528000000.00,835000000.00,673000000.00,557000000.00,490000000.00,802000000.00,568000000.00,585000000.00,447000000.00,824000000.00,652000000.00,550000000.00,465000000.00,829000000.00,645000000.00,501000000.00,371000000.00,926000000.00,555000000.00,464000000.00,354000000.00,851000000.00,463000000.00,482000000.00,337000000.00,775000000.00,535000000.00,455000000.00,372000000.00,765000000.00,450000000.00,378000000.00,336000000.00,823000000.00,589000000.00,405000000.00,347000000.00,870000000.00,528000000.00,440000000.00,392000000.00,896000000.00,534000000.00,501000000.00,429000000.00,693000000.00,547000000.00,509000000.00,345000000.00,613000000.00,624000000.00,516000000.00,403000000.00,676000000.00,506000000.00,482000000.00,289000000.00,707000000.00,483000000.00,357000000.00,281000000.00,699000000.00,528000000.00,430000000.00,356000000.00,559000000.00,387000000.00,354000000.00,277000000.00,641000000.00,406000000.00,322000000.00,125000000.00,558000000.00,433000000.00,261000000.00,213125000.00,592459000.00,313195000.00,274329000.00,170793000.00,577694000.00,340902000.00,257105000.00,124600000.00,560100000.00,289400000.00,234700000.00,188500000.00,532100000.00,278700000.00,217500000.00,-1778200000.00,1043100000.00,791800000.00,759700000.00,
depreciationAndAmortization,380000000.00,370000000.00,447000000.00,375000000.00,-255000000.00,407000000.00,405000000.00,928000000.00,-267000000.00,321000000.00,295000000.00,283000000.00,293000000.00,271000000.00,286000000.00,280000000.00,248000000.00,259000000.00,268000000.00,263000000.00,259000000.00,238000000.00,254000000.00,228000000.00,243000000.00,240000000.00,241000000.00,217000000.00,231000000.00,223000000.00,234000000.00,202000000.00,219000000.00,216000000.00,218000000.00,195000000.00,200000000.00,196000000.00,200000000.00,191000000.00,183000000.00,177000000.00,186000000.00,193000000.00,179000000.00,226000000.00,188000000.00,160000000.00,162000000.00,212000000.00,213000000.00,159000000.00,218000000.00,203000000.00,203000000.00,151000000.00,208000000.00,182000000.00,188000000.00,193000000.00,157000000.00,196000000.00,196000000.00,214000000.00,195000000.00,186000000.00,196000000.00,149000000.00,144000000.00,209000000.00,154000000.00,148000000.00,187000000.00,128000000.00,168000000.00,174000000.00,147000000.00,139000000.00,141000000.00,141000000.00,144000000.00,153000000.00,124000000.00,117000000.00,119000000.00,122000000.00,111000000.00,107463000.00,109587000.00,101182000.00,104226000.00,68240000.00,102822000.00,99379000.00,99354000.00,90200000.00,100300000.00,97100000.00,99700000.00,94200000.00,94900000.00,91600000.00,97200000.00,,,,,
nonOperatingIncomeNetOther,,82000000.00,78000000.00,46000000.00,58000000.00,62000000.00,60000000.00,51000000.00,56000000.00,49000000.00,46000000.00,34000000.00,48000000.00,48000000.00,21000000.00,31000000.00,34000000.00,36000000.00,29000000.00,18000000.00,32000000.00,29000000.00,23000000.00,12000000.00,11000000.00,9000000.00,6000000.00,9000000.00,10000000.00,10000000.00,13000000.00,12000000.00,14000000.00,10000000.00,8000000.00,17000000.00,14000000.00,17000000.00,9000000.00,,15000000.00,11000000.00,,,,,,,,,,,,,,,,,,,,,,,,,,,,,,,,,,,,,,,,,,,,,,,,,,,,,,,,,,,,,,,,,,
operatingIncome,614000000.00,329000000.00,351000000.00,322000000.00,599000000.00,309000000.00,331000000.00,247000000.00,534000000.00,286000000.00,316000000.00,211000000.00,494000000.00,354000000.00,241000000.00,179000000.00,520000000.00,280000000.00,288000000.00,166000000.00,533000000.00,385000000.00,273000000.00,225000000.00,581000000.00,398000000.00,254000000.00,145000000.00,691000000.00,325000000.00,220000000.00,140000000.00,626000000.00,237000000.00,256000000.00,125000000.00,561000000.00,322000000.00,246000000.00,171000000.00,567000000.00,261000000.00,185000000.00,-1816000000.00,635000000.00,363000000.00,-422000000.00,148000000.00,550000000.00,316000000.00,227000000.00,198000000.00,89000000.00,331000000.00,298000000.00,245000000.00,485000000.00,365000000.00,321000000.00,169000000.00,428000000.00,441000000.00,319000000.00,253000000.00,479000000.00,322000000.00,288000000.00,154000000.00,547000000.00,276000000.00,196000000.00,144000000.00,510000000.00,366000000.00,263000000.00,203000000.00,413000000.00,246000000.00,216000000.00,139000000.00,500000000.00,250000000.00,201000000.00,6000000.00,441000000.00,277000000.00,149000000.00,107203000.00,486487000.00,205931000.00,165418000.00,80837000.00,469391000.00,238445000.00,152829000.00,34400000.00,459800000.00,192300000.00,135000000.00,94300000.00,437200000.00,187100000.00,120300000.00,-1778200000.00,1043100000.00,791800000.00,759700000.00,211000000.00
otherOperatingExpenses,1446000000.00,1431000000.00,1711000000.00,1770000000.00,1707000000.00,1417000000.00,1502000000.00,1348000000.00,1277000000.00,1186000000.00,1250000000.00,1117000000.00,1134000000.00,1044000000.00,1199000000.00,1137000000.00,1139000000.00,1099000000.00,1268000000.00,1253000000.00,1191000000.00,1178000000.00,1312000000.00,1177000000.00,1142000000.00,1140000000.00,1260000000.00,1211000000.00,1168000000.00,1102000000.00,1214000000.00,1168000000.00,1207000000.00,1164000000.00,1300000000.00,1245000000.00,1109000000.00,1097000000.00,1348000000.00,1151000000.00,1071000000.00,1142000000.00,1290000000.00,1375000000.00,1366000000.00,1297000000.00,1452000000.00,1431000000.00,1594000000.00,1465000000.00,1677000000.00,1566000000.00,1576000000.00,1373000000.00,1618000000.00,1430000000.00,1330000000.00,1319000000.00,1595000000.00,1739000000.00,1632000000.00,1347000000.00,1760000000.00,1554000000.00,1518000000.00,1401000000.00,1731000000.00,1466000000.00,1363000000.00,1274000000.00,1604000000.00,1557000000.00,1358000000.00,1224000000.00,1363000000.00,1272000000.00,904000000.00,906000000.00,1000000000.00,908000000.00,850000000.00,838000000.00,907000000.00,497000000.00,791000000.00,834000000.00,966000000.00,885507000.00,945126000.00,851085000.00,859110000.00,813921000.00,726020000.00,701859000.00,672547000.00,699900000.00,733700000.00,667600000.00,600900000.00,584200000.00,679900000.00,634700000.00,580500000.00,2510200000.00,,,,0.00
interestExpense,152000000.00,134000000.00,127000000.00,130000000.00,126000000.00,126000000.00,104000000.00,93000000.00,94000000.00,96000000.00,100000000.00,108000000.00,110000000.00,108000000.00,93000000.00,91000000.00,96000000.00,97000000.00,97000000.00,99000000.00,101000000.00,100000000.00,101000000.00,96000000.00,97000000.00,99000000.00,99000000.00,95000000.00,97000000.00,95000000.00,95000000.00,91000000.00,87000000.00,89000000.00,88000000.00,75000000.00,85000000.00,89000000.00,92000000.00,109000000.00,88000000.00,100000000.00,101000000.00,110000000.00,113000000.00,112000000.00,113000000.00,115000000.00,113000000.00,104000000.00,119000000.00,120000000.00,130000000.00,115000000.00,132000000.00,132000000.00,134000000.00,124000000.00,118000000.00,440000000.00,113000000.00,118000000.00,100000000.00,107000000.00,110000000.00,108000000.00,100000000.00,350000000.00,82000000.00,80000000.00,76000000.00,80000000.00,74000000.00,80000000.00,77000000.00,86000000.00,65000000.00,66000000.00,64000000.00,73000000.00,69000000.00,69000000.00,66000000.00,57000000.00,57000000.00,53000000.00,52000000.00,50000000.00,51000000.00,47978000.00,50022000.00,50295000.00,44223000.00,43295000.00,41893000.00,,,,,,,,,,,,,329000000.00
taxProvision,69000000.00,38000000.00,37000000.00,28000000.00,78000000.00,36000000.00,34000000.00,29000000.00,70000000.00,31000000.00,27000000.00,21000000.00,63000000.00,50000000.00,21000000.00,24000000.00,92000000.00,39000000.00,27000000.00,,,,,,,,,,,,,,,,,,,,,,,,,,,,,,,,,,,,,,,,,,,,,,,,,,,,,,,,,,,,,,,,,,,,,,,,,,,,,,,,,,,,,,,,,
interestIncome,152000000.00,134000000.00,1000000.00,130000000.00,123000000.00,6000000.00,6000000.00,93000000.00,87000000.00,6000000.00,7000000.00,100000000.00,103000000.00,7000000.00,7000000.00,8000000.00,8000000.00,9000000.00,87000000.00,,,,,,,,,,,,,,,,,,,,,,,,,,,,,,,,,,,,,,,,,,,,,,,,,,,,,,,,,,,,,,,,,,,,,,,,,,,,,,,,,,,,,,,,,
netInterestIncome,-146000000.00,-134000000.00,-127000000.00,-130000000.00,-120000000.00,-126000000.00,-98000000.00,-93000000.00,-94000000.00,-90000000.00,-93000000.00,-108000000.00,-110000000.00,-101000000.00,-86000000.00,-83000000.00,-88000000.00,-88000000.00,-89000000.00,,,,,,,,,,,,,,,,,,,,,,,,,,,,,,,,,,,,,,,,,,,,,,,,,,,,,,,,,,,,,,,,,,,,,,,,,,,,,,,,,,,,,,,,,
extraordinaryItems,,,,,,,,,,,,,,,,,,,,0.00,0.00,0.00,0.00,0.00,0.00,0.00,0.00,0.00,0.00,0.00,0.00,0.00,0.00,0.00,0.00,0.00,0.00,0.00,0.00,0.00,0.00,0.00,0.00,0.00,0.00,0.00,0.00,0.00,0.00,0.00,0.00,0.00,0.00,0.00,0.00,0.00,0.00,0.00,0.00,0.00,0.00,0.00,0.00,0.00,0.00,0.00,0.00,0.00,0.00,0.00,0.00,0.00,0.00,0.00,0.00,0.00,0.00,0.00,0.00,18000000.00,0.00,0.00,0.00,0.00,0.00,0.00,0.00,0.00,0.00,0.00,0.00,0.00,0.00,0.00,0.00,,,,,,,,,,,,,0.00
nonRecurring,,,,,,,,,,,,,,,,,,,,0.00,0.00,0.00,0.00,0.00,0.00,0.00,0.00,0.00,0.00,0.00,0.00,0.00,0.00,69000000.00,0.00,0.00,0.00,0.00,0.00,0.00,0.00,0.00,0.00,0.00,0.00,0.00,0.00,0.00,0.00,0.00,0.00,0.00,0.00,0.00,0.00,0.00,0.00,0.00,0.00,0.00,0.00,0.00,0.00,0.00,0.00,0.00,0.00,0.00,0.00,0.00,0.00,0.00,0.00,0.00,0.00,0.00,0.00,0.00,0.00,0.00,0.00,0.00,0.00,0.00,0.00,0.00,0.00,0.00,0.00,0.00,0.00,0.00,0.00,0.00,0.00,,,,,,,,,,,,,0.00
otherItems,,,,,,,,,,,,,,,,,,,,0.00,0.00,0.00,0.00,0.00,0.00,0.00,0.00,0.00,0.00,0.00,0.00,0.00,0.00,0.00,0.00,0.00,0.00,0.00,0.00,0.00,0.00,0.00,0.00,0.00,0.00,0.00,0.00,0.00,0.00,0.00,0.00,0.00,0.00,0.00,0.00,0.00,0.00,0.00,0.00,0.00,0.00,0.00,0.00,0.00,0.00,0.00,0.00,0.00,0.00,0.00,0.00,0.00,0.00,0.00,0.00,0.00,0.00,0.00,0.00,0.00,0.00,0.00,0.00,0.00,0.00,0.00,0.00,0.00,0.00,0.00,0.00,0.00,0.00,0.00,0.00,,,,,,,,,,,,,0.00
incomeTaxExpense,69000000.00,38000000.00,37000000.00,28000000.00,78000000.00,36000000.00,34000000.00,29000000.00,70000000.00,31000000.00,27000000.00,21000000.00,63000000.00,50000000.00,21000000.00,24000000.00,92000000.00,39000000.00,27000000.00,16000000.00,105000000.00,74000000.00,42000000.00,200000000.00,205000000.00,114000000.00,57000000.00,26000000.00,233000000.00,92000000.00,31000000.00,30000000.00,208000000.00,59000000.00,66000000.00,20000000.00,194000000.00,99000000.00,64000000.00,23000000.00,187000000.00,66000000.00,35000000.00,-762000000.00,158000000.00,54000000.00,-130000000.00,17000000.00,163000000.00,85000000.00,45000000.00,30000000.00,137000000.00,83000000.00,75000000.00,44000000.00,135000000.00,83000000.00,70000000.00,8000000.00,113000000.00,119000000.00,87000000.00,51000000.00,130000000.00,78000000.00,71000000.00,11000000.00,161000000.00,68000000.00,44000000.00,26000000.00,159000000.00,100000000.00,71000000.00,40000000.00,123000000.00,60000000.00,59000000.00,28000000.00,154000000.00,67000000.00,52000000.00,-19000000.00,145000000.00,73000000.00,38000000.00,13927000.00,176065000.00,60728000.00,49332000.00,13996000.00,163706000.00,79239000.00,44251000.00,-1100000.00,163000000.00,61800000.00,35200000.00,25400000.00,153600000.00,58800000.00,29900000.00,5400000.00,-215400000.00,-79700000.00,-45000000.00,69000000.00
totalRevenue,2060000000.00,1760000000.00,2062000000.00,2046000000.00,2306000000.00,1726000000.00,1879000000.00,1545000000.00,1811000000.00,1472000000.00,1566000000.00,1328000000.00,1628000000.00,1398000000.00,1440000000.00,1316000000.00,1659000000.00,1379000000.00,1556000000.00,1419000000.00,1724000000.00,1563000000.00,1585000000.00,1402000000.00,1723000000.00,1538000000.00,1514000000.00,1356000000.00,1859000000.00,1427000000.00,1434000000.00,1308000000.00,1833000000.00,1401000000.00,1556000000.00,1370000000.00,1670000000.00,1419000000.00,1594000000.00,1322000000.00,1638000000.00,1403000000.00,1475000000.00,1509000000.00,2001000000.00,1660000000.00,1658000000.00,1578000000.00,2268000000.00,1781000000.00,1904000000.00,1764000000.00,2254000000.00,1704000000.00,1916000000.00,1675000000.00,1815000000.00,1684000000.00,1916000000.00,1908000000.00,2060000000.00,1788000000.00,2079000000.00,1807000000.00,1997000000.00,1723000000.00,2019000000.00,1620000000.00,1910000000.00,1550000000.00,1800000000.00,1701000000.00,1868000000.00,1590000000.00,1626000000.00,1475000000.00,1317000000.00,1152000000.00,1216000000.00,1047000000.00,1350000000.00,1088000000.00,1108000000.00,503000000.00,1232000000.00,1111000000.00,1115000000.00,992710000.00,1431613000.00,1057016000.00,1024528000.00,894758000.00,1195411000.00,940304000.00,825376000.00,734300000.00,1193500000.00,859900000.00,735900000.00,678500000.00,1117100000.00,821800000.00,700800000.00,732000000.00,1043100000.00,791800000.00,759700000.00,4776000000.00
totalOperatingExpenses,516000000.00,459000000.00,447000000.00,448000000.00,494000000.00,445000000.00,395000000.00,410000000.00,432000000.00,407000000.00,409000000.00,387000000.00,401000000.00,390000000.00,380000000.00,356000000.00,379000000.00,367000000.00,374000000.00,351000000.00,368000000.00,360000000.00,359000000.00,341000000.00,354000000.00,339000000.00,339000000.00,326000000.00,340000000.00,325000000.00,321000000.00,306000000.00,329000000.00,385000000.00,318000000.00,300000000.00,308000000.00,297000000.00,308000000.00,282000000.00,296000000.00,289000000.00,297000000.00,305000000.00,731000000.00,769000000.00,747000000.00,754000000.00,749000000.00,778000000.00,783000000.00,823000000.00,755000000.00,736000000.00,721000000.00,729000000.00,711000000.00,730000000.00,705000000.00,821000000.00,727000000.00,676000000.00,1171000000.00,692000000.00,693000000.00,691000000.00,674000000.00,680000000.00,656000000.00,646000000.00,626000000.00,619000000.00,647000000.00,627000000.00,593000000.00,1219000000.00,527000000.00,549000000.00,516000000.00,972000000.00,466000000.00,523000000.00,686000000.00,776000000.00,460000000.00,481000000.00,441000000.00,436195000.00,431345000.00,469881000.00,419401000.00,456041000.00,417231000.00,431765000.00,374622000.00,380000000.00,429000000.00,419600000.00,368800000.00,401300000.00,427100000.00,408400000.00,370600000.00,-2510200000.00,,,,0.00
costOfRevenue,930000000.00,972000000.00,1264000000.00,1322000000.00,1213000000.00,972000000.00,1107000000.00,938000000.00,845000000.00,779000000.00,841000000.00,730000000.00,733000000.00,654000000.00,819000000.00,781000000.00,760000000.00,732000000.00,894000000.00,902000000.00,823000000.00,818000000.00,953000000.00,836000000.00,788000000.00,801000000.00,921000000.00,885000000.00,828000000.00,777000000.00,893000000.00,862000000.00,878000000.00,779000000.00,982000000.00,945000000.00,801000000.00,800000000.00,1040000000.00,869000000.00,775000000.00,853000000.00,993000000.00,1070000000.00,635000000.00,528000000.00,705000000.00,677000000.00,845000000.00,687000000.00,894000000.00,743000000.00,821000000.00,637000000.00,897000000.00,701000000.00,619000000.00,589000000.00,890000000.00,918000000.00,905000000.00,671000000.00,589000000.00,862000000.00,825000000.00,710000000.00,1057000000.00,786000000.00,707000000.00,628000000.00,978000000.00,938000000.00,711000000.00,597000000.00,770000000.00,53000000.00,377000000.00,357000000.00,484000000.00,-64000000.00,384000000.00,315000000.00,221000000.00,-279000000.00,331000000.00,353000000.00,525000000.00,449312000.00,513781000.00,381204000.00,439709000.00,357880000.00,308789000.00,270094000.00,297925000.00,319900000.00,304700000.00,248000000.00,232100000.00,182900000.00,252800000.00,226300000.00,209900000.00,,,,,-1527000000.00
totalOtherIncomeExpenseNet,95000000.00,82000000.00,-49000000.00,-130000000.00,-68000000.00,-64000000.00,-44000000.00,-92000000.00,-38000000.00,-47000000.00,-54000000.00,34000000.00,48000000.00,48000000.00,14000000.00,31000000.00,34000000.00,27000000.00,29000000.00,18000000.00,32000000.00,29000000.00,15000000.00,12000000.00,4000000.00,-90000000.00,6000000.00,9000000.00,-87000000.00,-85000000.00,2000000.00,12000000.00,3000000.00,10000000.00,8000000.00,17000000.00,14000000.00,17000000.00,9000000.00,10000000.00,15000000.00,11000000.00,7000000.00,-1941000000.00,10000000.00,13000000.00,-626000000.00,11000000.00,-111000000.00,12000000.00,11000000.00,6000000.00,-575000000.00,22000000.00,15000000.00,13000000.00,13000000.00,10000000.00,12000000.00,66000000.00,-5000000.00,13000000.00,-1000000.00,64000000.00,-2000000.00,2000000.00,2000000.00,37000000.00,2000000.00,2000000.00,4000000.00,23000000.00,-2000000.00,-5000000.00,1000000.00,21000000.00,1000000.00,-2000000.00,3000000.00,3000000.00,3000000.00,-3000000.00,3000000.00,-2000000.00,2000000.00,-34000000.00,-1000000.00,1541000.00,3615000.00,-6082000.00,-4685000.00,9081000.00,-5481000.00,-3078000.00,-4922000.00,-4100000.00,-2800000.00,-1700000.00,-2300000.00,2700000.00,-500000.00,-1600000.00,-3100000.00,,,,,0.00
discontinuedOperations,,,,,,,,,,,,,,,,,,,,0.00,0.00,0.00,0.00,0.00,0.00,0.00,0.00,0.00,0.00,0.00,0.00,-1000000.00,0.00,52000000.00,0.00,2000000.00,-1000000.00,-1000000.00,-1000000.00,0.00,-3000000.00,-10000000.00,0.00,0.00,0.00,0.00,0.00,0.00,0.00,0.00,0.00,0.00,0.00,0.00,0.00,0.00,0.00,0.00,0.00,0.00,0.00,0.00,0.00,0.00,0.00,0.00,0.00,0.00,0.00,0.00,0.00,0.00,0.00,0.00,0.00,0.00,0.00,0.00,0.00,0.00,0.00,0.00,0.00,0.00,0.00,0.00,0.00,0.00,0.00,0.00,0.00,0.00,0.00,0.00,0.00,,,,,,,,,,,,,0.00
netIncomeFromContinuingOps,494000000.00,239000000.00,263000000.00,164000000.00,452000000.00,209000000.00,253000000.00,126000000.00,426000000.00,208000000.00,234000000.00,129000000.00,368000000.00,243000000.00,147000000.00,-60000000.00,456000000.00,218000000.00,219000000.00,-116000000.00,464000000.00,311000000.00,152000000.00,-59000000.00,290000000.00,194000000.00,104000000.00,33000000.00,371000000.00,148000000.00,107000000.00,31000000.00,345000000.00,99000000.00,110000000.00,47000000.00,296000000.00,151000000.00,99000000.00,0.00,307000000.00,106000000.00,0.00,0.00,0.00,0.00,0.00,0.00,0.00,0.00,0.00,0.00,0.00,0.00,0.00,0.00,0.00,0.00,0.00,0.00,0.00,0.00,0.00,0.00,0.00,0.00,0.00,0.00,0.00,0.00,0.00,0.00,0.00,0.00,0.00,0.00,0.00,0.00,0.00,0.00,0.00,0.00,0.00,0.00,0.00,0.00,0.00,0.00,0.00,0.00,0.00,0.00,0.00,0.00,0.00,,,,,,,,,,,,,0.00
netIncomeApplicableToCommonShares,493000000.00,237000000.00,264000000.00,163000000.00,452000000.00,207000000.00,252000000.00,125000000.00,425000000.00,207000000.00,233000000.00,115000000.00,367000000.00,243000000.00,146000000.00,94000000.00,364000000.00,179000000.00,191000000.00,68000000.00,357000000.00,239000000.00,151000000.00,-60000000.00,288000000.00,193000000.00,102000000.00,32000000.00,369000000.00,147000000.00,105000000.00,29000000.00,343000000.00,150000000.00,108000000.00,48000000.00,293000000.00,150000000.00,96000000.00,48000000.00,302000000.00,95000000.00,54000000.00,9000000.00,309000000.00,161000000.00,37000000.00,25000000.00,285000000.00,138000000.00,71000000.00,52000000.00,-152000000.00,152000000.00,102000000.00,79000000.00,227000000.00,165000000.00,141000000.00,57000000.00,204000000.00,206000000.00,138000000.00,108000000.00,244000000.00,143000000.00,123000000.00,61000000.00,293000000.00,123000000.00,70000000.00,42000000.00,280000000.00,185000000.00,121000000.00,83000000.00,232000000.00,118000000.00,97000000.00,38000000.00,275000000.00,110000000.00,83000000.00,142000000.00,240000000.00,115000000.00,59000000.00,49000000.00,267000000.00,94667000.00,65333000.00,25979000.00,256137000.00,113585000.00,61393000.00,,,,,,,,,,,,,-432000000.00
preferredStockAndOtherAdjustments,,,,,,,,,,,,,,,,,,,,,,,,,,,,,,,,,,,,,,,,,,,,,,,,,,,,,,,,,,,,,,,,,,,,,,,,,,,,,,,,,,,,,,,,,,,,,,,,,,,,,,,,,,,,
