,2023-09-30,2023-06-30,2023-03-31,2022-12-31,2022-09-30,2022-06-30,2022-03-31,2021-12-31,2021-09-30,2021-06-30,2021-03-31,2020-12-31,2020-09-30,2020-06-30,2020-03-31,2019-12-31,2019-09-30,2019-06-30,2019-03-31,2018-12-31,2018-09-30,2018-06-30,2018-03-31,2017-12-31,2017-09-30,2017-06-30,2017-03-31,2016-12-31,2016-09-30,2016-06-30,2016-03-31,2015-12-31,2015-09-30,2015-06-30,2015-03-31,2014-12-31,2014-09-30,2014-06-30,2014-03-31,2013-12-31,2013-09-30,2013-06-30,2013-03-31,2012-12-31,2012-09-30,2012-06-30,2012-03-31,2011-12-31,2011-09-30,2011-06-30,2011-03-31,2010-12-31,2010-09-30,2010-06-30,2010-03-31,2009-12-31,2009-09-30,2009-06-30,2009-03-31,2008-12-31,2008-09-30,2008-06-30,2008-03-31,2007-12-31,2007-09-30,2007-06-30,2007-03-31,2006-12-31,2006-09-30,2006-06-30,2006-03-31,2005-12-31,2005-09-30,2005-06-30,2005-03-31
date,2023-09-30,2023-06-30,2023-03-31,2022-12-31,2022-09-30,2022-06-30,2022-03-31,2021-12-31,2021-09-30,2021-06-30,2021-03-31,2020-12-31,2020-09-30,2020-06-30,2020-03-31,2019-12-31,2019-09-30,2019-06-30,2019-03-31,2018-12-31,2018-09-30,2018-06-30,2018-03-31,2017-12-31,2017-09-30,2017-06-30,2017-03-31,2016-12-31,2016-09-30,2016-06-30,2016-03-31,2015-12-31,2015-09-30,2015-06-30,2015-03-31,2014-12-31,2014-09-30,2014-06-30,2014-03-31,2013-12-31,2013-09-30,2013-06-30,2013-03-31,2012-12-31,2012-09-30,2012-06-30,2012-03-31,2011-12-31,2011-09-30,2011-06-30,2011-03-31,2010-12-31,2010-09-30,2010-06-30,2010-03-31,2009-12-31,2009-09-30,2009-06-30,2009-03-31,2008-12-31,2008-09-30,2008-06-30,2008-03-31,2007-12-31,2007-09-30,2007-06-30,2007-03-31,2006-12-31,2006-09-30,2006-06-30,2006-03-31,2005-12-31,2005-09-30,2005-06-30,2005-03-31
filing_date,2023-11-07,2023-08-07,2023-05-08,2023-03-07,2022-11-07,2022-08-08,2022-05-09,2022-03-09,2021-11-09,2021-08-06,2021-05-07,2021-03-12,2020-11-09,2020-08-10,2020-05-11,2020-03-10,2019-11-06,2019-08-07,2019-05-09,2019-03-11,2018-11-07,2018-08-08,2018-05-10,2018-03-16,2017-11-09,2017-08-08,2017-05-10,2017-03-16,2016-11-14,2016-08-09,2016-05-10,2016-03-10,2015-11-06,2015-08-07,2015-05-11,2015-03-02,2014-11-10,2014-08-08,2014-05-09,2014-03-03,2013-11-12,2013-08-09,2013-05-10,2013-03-18,2012-11-09,2012-08-07,2012-05-09,2012-03-15,2011-11-08,2011-08-08,2011-05-10,2011-03-14,2010-11-05,2010-08-06,2010-05-07,2010-03-16,2009-11-09,2009-08-10,2009-05-11,2009-03-16,2008-11-10,2008-08-08,2008-05-12,2008-03-17,2007-11-14,2007-08-09,2007-05-10,2007-03-30,2006-11-13,2006-08-10,2006-05-12,2006-03-29,2005-09-30,2005-06-30,2005-03-31
currency_symbol,USD,USD,USD,USD,USD,USD,USD,USD,USD,USD,USD,USD,USD,USD,USD,USD,USD,USD,USD,USD,USD,USD,USD,USD,USD,USD,USD,USD,USD,USD,USD,USD,USD,USD,USD,USD,USD,USD,USD,USD,USD,USD,USD,USD,USD,USD,USD,USD,USD,USD,USD,USD,USD,USD,USD,USD,USD,USD,USD,USD,USD,USD,USD,USD,USD,USD,USD,USD,USD,USD,USD,USD,USD,USD,USD
totalAssets,2261496000.00,2266656000.00,2321559000.00,2376652000.00,2426386000.00,2356426000.00,2087125000.00,2284275000.00,2061750000.00,1815617000.00,1656419000.00,1654084000.00,1810357000.00,1856125000.00,2089118000.00,2454326000.00,2472193000.00,2519737000.00,2197460000.00,2130913000.00,2009419000.00,1892162000.00,1789801000.00,1912075000.00,1929659000.00,1914283000.00,1995820000.00,2053543000.00,2157478000.00,2389844000.00,2426279000.00,2760432000.00,2786042000.00,2774224000.00,2933206000.00,2729139000.00,2592381000.00,2558749000.00,2341908000.00,2151427000.00,2273064000.00,2402480000.00,2368563000.00,2478251000.00,2335822000.00,2266906000.00,2318426000.00,2299627000.00,2170243000.00,1972433000.00,1937636000.00,1934200000.00,1937445000.00,1934371000.00,1785145000.00,1795184000.00,1769115000.00,1774558000.00,1899428000.00,1936031000.00,2002945000.00,2004021000.00,2019739000.00,2072148000.00,2326236000.00,2385825000.00,2127914000.00,1802829000.00,2369379000.00,2224094000.00,2038886000.00,2045547000.00,2002546000.00,,
intangibleAssets,8125000.00,8376000.00,8628000.00,8880000.00,9131000.00,12170000.00,2987000.00,3877000.00,3041000.00,3126000.00,3210000.00,3294000.00,,,,,,,,,,,,,,,,213000.00,25886000.00,26726000.00,25511000.00,26228000.00,25806000.00,24370000.00,9229000.00,9736000.00,10254000.00,10771000.00,11283000.00,11822000.00,11728000.00,12196000.00,12660000.00,13192000.00,17104000.00,17877000.00,18831000.00,19813000.00,21232000.00,21678000.00,20960000.00,,,,,,,,,,,,,,,,,,,,,,,,
earningAssets,,,,,,,,,,,,,,,,,,,,,,,,,,,,,,,,,,,,,,,,,,,,,,,,,,,,,,,,,,,,,,,,,,,,,,,,,,,
otherCurrentAssets,,,,,69236000.00,45075000.00,25126000.00,266277000.00,1906028000.00,1606693000.00,-31716000.00,-16931000.00,50607000.00,32979000.00,85995000.00,32077000.00,35263000.00,31546000.00,26564000.00,30664000.00,25554000.00,31026000.00,78167000.00,130605000.00,152770000.00,278255000.00,,1554974000.00,1393758000.00,1682364000.00,1632433000.00,2113359000.00,2052659000.00,1981145000.00,1991788000.00,1933902000.00,1732565000.00,1679193000.00,1610021000.00,1352775000.00,1578019000.00,1662153000.00,1708722000.00,1808903000.00,8507000.00,6573000.00,1204000.00,1626000.00,,,,590000.00,,,,,,,,,,,,,,,,,,,,,,,
totalLiab,1813269000.00,1822655000.00,1879774000.00,1935338000.00,1978907000.00,1909100000.00,1644423000.00,1836080000.00,1618481000.00,1362659000.00,1320613000.00,1319702000.00,1492556000.00,1549480000.00,1747061000.00,1897928000.00,1912167000.00,1961785000.00,1639637000.00,1577094000.00,1449074000.00,1336275000.00,1239622000.00,1240599000.00,1199002000.00,1210311000.00,1290775000.00,1350453000.00,1438919000.00,1613413000.00,1638643000.00,1933672000.00,1932766000.00,1881575000.00,1984489000.00,1777028000.00,1648465000.00,1636822000.00,1561714000.00,1377503000.00,1489650000.00,1625036000.00,1710815000.00,1864906000.00,1748331000.00,1791203000.00,1855666000.00,1869937000.00,1736979000.00,1539053000.00,1510433000.00,1585874000.00,1607714000.00,1632558000.00,1545498000.00,1566354000.00,1599743000.00,1608656000.00,1729920000.00,1749726000.00,1763844000.00,1753673000.00,1766421000.00,1800542000.00,2151938000.00,2095227000.00,1832497000.00,1485278000.00,2139392000.00,1998555000.00,1811009000.00,1850214000.00,1788764000.00,,
totalStockholderEquity,437703000.00,434551000.00,433753000.00,435468000.00,442549000.00,442314000.00,442702000.00,448195000.00,443269000.00,452958000.00,335806000.00,334382000.00,317801000.00,306645000.00,342057000.00,556398000.00,560026000.00,557952000.00,557823000.00,553819000.00,560345000.00,555887000.00,550179000.00,671476000.00,730657000.00,705377000.00,706355000.00,704299000.00,719752000.00,777561000.00,788706000.00,818864000.00,843338000.00,873819000.00,931126000.00,935523000.00,932414000.00,922316000.00,780250000.00,773924000.00,783414000.00,777444000.00,657957000.00,613345000.00,587491000.00,475703000.00,462760000.00,429690000.00,433264000.00,433380000.00,427203000.00,348326000.00,329731000.00,301813000.00,239647000.00,228830000.00,169372000.00,165902000.00,169508000.00,186305000.00,239101000.00,250348000.00,253318000.00,271606000.00,174298000.00,290598000.00,295417000.00,317551000.00,229987000.00,225539000.00,227877000.00,195333000.00,213782000.00,,
deferredLongTermLiab,,,,,,,,,,,,,,,,,,,,,,,,,,,,,,,,,,,,460000.00,,4036000.00,4036000.00,4112000.00,,,,,,,,,10192000.00,9798000.00,,,,,,,,,,,,,,,,,,,,,,,,,
otherCurrentLiab,-22859000.00,-22778000.00,-18204000.00,-17312000.00,-14058000.00,-16590000.00,-10780000.00,-12962000.00,-6508000.00,-9015000.00,-6157000.00,-49676000.00,-129206000.00,-238522000.00,-282726000.00,-7816000.00,-5752000.00,-10487000.00,-6587000.00,-862214000.00,-16730000.00,-8071000.00,-9898000.00,-5153000.00,-4660000.00,-2787000.00,-2417000.00,-4480000.00,-12933000.00,-156629000.00,-161119000.00,-197913000.00,-168273000.00,-157278000.00,-145584000.00,-120424000.00,-44242000.00,-9948000.00,-13511000.00,-12650000.00,-12829000.00,-11258000.00,-10877000.00,-18029000.00,-16653000.00,-12050000.00,-12351000.00,-9571000.00,-141738000.00,-20951000.00,-7335000.00,-4978000.00,-12204000.00,-11743000.00,-4848000.00,-7917000.00,-8657000.00,-4630000.00,-7034000.00,-4712000.00,-4640000.00,-4599000.00,-76965000.00,-7142000.00,-22390000.00,-8155000.00,-9161000.00,-10152000.00,-781524000.00,-82152000.00,-141797000.00,-1140752000.00,-1105473000.00,,
commonStock,8000.00,9000.00,9000.00,9000.00,9000.00,9000.00,9000.00,9000.00,9000.00,9000.00,9000.00,10000.00,32000.00,32000.00,32000.00,32000.00,32000.00,32000.00,32000.00,32000.00,32000.00,32000.00,32000.00,31000.00,31000.00,31000.00,31000.00,31000.00,31000.00,31000.00,31000.00,32000.00,32000.00,134000.00,134000.00,133000.00,133000.00,131000.00,129000.00,128000.00,127000.00,127000.00,108000.00,105000.00,100000.00,86000.00,85000.00,80000.00,77000.00,74000.00,70000.00,58000.00,55000.00,51000.00,40000.00,36000.00,25000.00,26000.00,26000.00,26000.00,25000.00,25000.00,26000.00,25000.00,25000.00,25000.00,25000.00,24000.00,18000.00,16000.00,18000.00,16000.00,16000.00,,
capitalStock,18000.00,19000.00,19000.00,19000.00,19000.00,19000.00,19000.00,19000.00,19000.00,19000.00,,,,,,,,,,,,,,,,,,,,,,,,,,,,,,,,,,,,,,,,,,,,,,,,,,,,,,,,,,,,,,,,,
retainedEarnings,-731088000.00,-733958000.00,-734775000.00,-732359000.00,-724928000.00,-725641000.00,-726331000.00,-723560000.00,-730862000.00,-721057000.00,-731128000.00,-741596000.00,-763058000.00,-768629000.00,-732642000.00,-530501000.00,-525532000.00,-527534000.00,-526666000.00,-525838000.00,-527665000.00,-528952000.00,-531939000.00,-517773000.00,-504070000.00,-515148000.00,-516045000.00,-517177000.00,-506107000.00,-441522000.00,-426935000.00,-406603000.00,-394278000.00,-380389000.00,-327952000.00,-315910000.00,-296253000.00,-277120000.00,-265618000.00,-254645000.00,-228160000.00,-224834000.00,-205890000.00,-195737000.00,-188854000.00,-187109000.00,-186281000.00,-183763000.00,-164196000.00,-159983000.00,-150635000.00,-146187000.00,-122258000.00,-122629000.00,-123216000.00,-114569000.00,-117490000.00,-121509000.00,-108803000.00,-89117000.00,-71907000.00,-62067000.00,-46371000.00,-45301000.00,-38465000.00,-14293000.00,-13830000.00,-13522000.00,-12650000.00,-3654000.00,-3306000.00,-2579000.00,2872000.00,,
otherLiab,,,,,,,,,,,,,56000.00,56000.00,56000.00,56000.00,703000.00,703000.00,703000.00,703000.00,703000.00,703000.00,2883000.00,10418000.00,9600000.00,126860000.00,99539000.00,142660000.00,2158000.00,3084000.00,2742000.00,3941000.00,7466000.00,6991000.00,8860000.00,8476000.00,8830000.00,9855000.00,10242000.00,10586000.00,12208000.00,12705000.00,14036000.00,14687000.00,16195000.00,13570000.00,13304000.00,13210000.00,16218000.00,16535000.00,12009000.00,13292000.00,16022000.00,15643000.00,13267000.00,12767000.00,15658000.00,11830000.00,22786000.00,31589000.00,12885000.00,12833000.00,24454000.00,18040000.00,8571000.00,,3457000.00,5027000.00,4576000.00,2892000.00,1737000.00,896000.00,,,
goodWill,,,,,,,,,,,,,,,,,,,,,,,,,,,,,,,,,,,,,,,,,,,,,,,,,,,,,,,,,,,,,,,,,,,,,,,,,,,
otherAssets,2156528000.00,2168492000.00,2192895000.00,2267742000.00,2325177000.00,2270747000.00,1987175000.00,2212294000.00,1936098000.00,1708417000.00,1569280000.00,1615843000.00,1673121000.00,1784010000.00,1882947000.00,2454326000.00,1466919000.00,1570381000.00,1249858000.00,2130913000.00,1246565000.00,1166118000.00,1213172000.00,1912075000.00,1247405000.00,1800806000.00,1827801000.00,1568746000.00,2001105000.00,2268185000.00,2302057000.00,2655448000.00,2604512000.00,2547290000.00,2646156000.00,2639498000.00,2385815000.00,2292455000.00,2138401000.00,1877335000.00,2093428000.00,2198406000.00,2243550000.00,2379781000.00,2172277000.00,2162756000.00,2208654000.00,2188563000.00,2074326000.00,1862004000.00,1813951000.00,1766646000.00,1648115000.00,1669695000.00,1619119000.00,1795184000.00,1635970000.00,1724010000.00,1844518000.00,1936031000.00,1888210000.00,1884958000.00,1901997000.00,269319000.00,1651062000.00,1540062000.00,1339639000.00,1802829000.00,1194923000.00,-123566000.00,-414400000.00,618810000.00,510491000.00,,
cash,64440000.00,57112000.00,87314000.00,66232000.00,60971000.00,34870000.00,79561000.00,35500000.00,109949000.00,90805000.00,70985000.00,29355000.00,122105000.00,57734000.00,42752000.00,79958000.00,51286000.00,47154000.00,55660000.00,82816000.00,48053000.00,80191000.00,61500000.00,181490000.00,282984000.00,102733000.00,157760000.00,116026000.00,114552000.00,65167000.00,71403000.00,78756000.00,104735000.00,145010000.00,217361000.00,79905000.00,163269000.00,222313000.00,166686000.00,262270000.00,144463000.00,168402000.00,67661000.00,85278000.00,112732000.00,31897000.00,37562000.00,43116000.00,28897000.00,46898000.00,61499000.00,29488000.00,38344000.00,38505000.00,27650000.00,51991000.00,15828000.00,10553000.00,10668000.00,14583000.00,12110000.00,14255000.00,9098000.00,6029000.00,15138000.00,2729000.00,14517000.00,5354000.00,13505000.00,3648000.00,23671000.00,17729000.00,23444000.00,,
cashAndEquivalents,64440000.00,57112000.00,87314000.00,66232000.00,60971000.00,34870000.00,79561000.00,35500000.00,109949000.00,90805000.00,,,,,,,,,,,,,,,,,,,,,,,,,,,,,,,,,,,,,,,,,,,,,,,,,,,,,,,,,,,,,,,,,
totalCurrentLiabilities,22859000.00,22778000.00,18204000.00,17312000.00,14058000.00,16590000.00,10780000.00,12962000.00,6508000.00,9015000.00,6157000.00,49676000.00,129206000.00,238522000.00,282726000.00,7816000.00,5752000.00,10487000.00,6587000.00,862214000.00,16730000.00,8071000.00,9898000.00,5153000.00,4660000.00,2787000.00,2417000.00,4480000.00,12933000.00,156629000.00,161119000.00,197913000.00,168273000.00,157278000.00,145584000.00,120424000.00,44242000.00,9948000.00,13511000.00,12650000.00,12829000.00,11258000.00,10877000.00,18029000.00,16653000.00,12050000.00,12351000.00,9571000.00,141738000.00,20951000.00,7335000.00,4978000.00,12204000.00,11743000.00,4848000.00,7917000.00,8657000.00,4630000.00,7034000.00,4712000.00,4640000.00,4599000.00,76965000.00,67000.00,22390000.00,8155000.00,9161000.00,10152000.00,781524000.00,82152000.00,141797000.00,1140752000.00,1105473000.00,,
currentDeferredRevenue,,,,,,,,,,,,,,,,,,,,,,,,,,,,,,,,,,,,,,,,,,,,,,,,,,,,,,,,,,,,,,,,,,,,,,,,,,,
netDebt,1718519000.00,1736075000.00,1767290000.00,1844496000.00,1896930000.00,1853715000.00,1550157000.00,1782461000.00,1496213000.00,1258213000.00,1239765000.00,1278479000.00,1354819000.00,1478356000.00,1682180000.00,1792619000.00,1836140000.00,1888111000.00,1564781000.00,1471407000.00,1374853000.00,1239455000.00,1160886000.00,981995000.00,889110000.00,966606000.00,483955000.00,1075430000.00,848198000.00,1510052000.00,1530622000.00,1816532000.00,1776156000.00,1682451000.00,1707237000.00,1636966000.00,1427689000.00,1357521000.00,1335403000.00,1057540000.00,1277967000.00,1390508000.00,1582179000.00,1700322000.00,1570664000.00,1707908000.00,1764347000.00,1765870000.00,1650831000.00,1426304000.00,1402202000.00,1513763000.00,1527462000.00,1553892000.00,1489680000.00,1484509000.00,1552091000.00,1574111000.00,1681903000.00,1685180000.00,1720274000.00,1707989000.00,1713968000.00,1754940000.00,1992521000.00,1986985000.00,1583229000.00,1341671000.00,2102041000.00,1976055000.00,852575000.00,1815916000.00,1750676000.00,,
shortTermDebt,0.00,1749199000.00,1810767000.00,1867033000.00,1914461000.00,1841965000.00,1626204000.00,1814424000.00,1602602000.00,1345444000.00,41572000.00,41572000.00,122570000.00,231764000.00,276108000.00,1872577000.00,1887426000.00,1935265000.00,850440000.00,850440000.00,1422906000.00,1319646000.00,1222386000.00,1163485000.00,1172094000.00,1069339000.00,1177195000.00,1191456000.00,1401842000.00,144000000.00,150207000.00,186974000.00,158742000.00,147509000.00,132493000.00,111137000.00,32911000.00,1579834000.00,1502089000.00,1319810000.00,,,,,,,,,130054000.00,1473202000.00,,,,,,,,,,,,,71915000.00,,8571000.00,,,3629000.00,770167000.00,73343000.00,132793000.00,1131238000.00,1094991000.00,,
shortLongTermDebt,,,,,,,,,,,,12258000.00,122570000.00,231764000.00,276108000.00,21173000.00,21115000.00,21058000.00,21001000.00,20944000.00,70282000.00,228815000.00,676174000.00,415199000.00,285471000.00,1069823000.00,,1191553000.00,,,,1625171000.00,,,,1725347000.00,,,,,,,,,,,,,,,,,,,,,,,,,,,,,,,,,,,,,,,
shortLongTermDebtTotal,1782959000.00,1793187000.00,1854604000.00,1910728000.00,1957901000.00,1888585000.00,1629718000.00,1817961000.00,1606162000.00,1349018000.00,1310750000.00,1307834000.00,1476924000.00,1536090000.00,1724932000.00,1872577000.00,1887426000.00,1935265000.00,1620441000.00,1554223000.00,1422906000.00,1319646000.00,1222386000.00,1163485000.00,1172094000.00,1069339000.00,641715000.00,1191456000.00,962750000.00,1575219000.00,1602025000.00,1895288000.00,1880891000.00,1827461000.00,1924598000.00,1716871000.00,1590958000.00,1579834000.00,1502089000.00,1319810000.00,1422430000.00,1558910000.00,1649840000.00,1785600000.00,1683396000.00,1739805000.00,1801909000.00,1808986000.00,1679728000.00,1473202000.00,1463701000.00,1543251000.00,1565806000.00,1592397000.00,1517330000.00,1536500000.00,1567919000.00,1584664000.00,1692571000.00,1699763000.00,1732384000.00,1722244000.00,1723066000.00,1760969000.00,2007659000.00,1989714000.00,1597746000.00,1347025000.00,2115546000.00,1979703000.00,876246000.00,1833645000.00,1774120000.00,,
otherStockholderEquity,1173975000.00,1174094000.00,1174510000.00,1174202000.00,1174253000.00,1175146000.00,1176685000.00,1179863000.00,1182706000.00,1183056000.00,1076442000.00,1085941000.00,1091266000.00,1086254000.00,1085539000.00,1085041000.00,1084365000.00,1083772000.00,1083360000.00,1082677000.00,1082344000.00,1081586000.00,1080927000.00,1187911000.00,1233200000.00,1219982000.00,1219125000.00,1218352000.00,1218907000.00,1218340000.00,1217493000.00,1228346000.00,1237198000.00,1252718000.00,1253556000.00,1245245000.00,1224533000.00,1209488000.00,1059805000.00,1042480000.00,1028826000.00,1022253000.00,885511000.00,836053000.00,809147000.00,699971000.00,684721000.00,659700000.00,642424000.00,630420000.00,605474000.00,528373000.00,504209000.00,305832000.00,424584000.00,405517000.00,355103000.00,353831000.00,353534000.00,356103000.00,356104000.00,355969000.00,355286000.00,355205000.00,355904000.00,356774000.00,355707000.00,341400000.00,247934000.00,247162000.00,247683000.00,220161000.00,220161000.00,,
propertyPlantEquipment,169150000.00,137363000.00,130571000.00,141249000.00,115161000.00,25843000.00,58782000.00,5951000.00,32799000.00,6016000.00,33413000.00,33806000.00,183000.00,67000.00,74000.00,89000.00,97000.00,105000.00,113000.00,108000.00,117000.00,153000.00,144000.00,157000.00,170000.00,196000.00,228000.00,261000.00,2536000.00,2568000.00,2556000.00,2488000.00,2118000.00,1977000.00,2018000.00,1901000.00,,,19971000.00,55124000.00,,,,,,,,,48292000.00,31599000.00,,17900000.00,,,,,,,,337000.00,,,,,,,,,,,,,,,
totalCurrentAssets,76873000.00,69727000.00,99884000.00,79749000.00,72144000.00,46118000.00,89114000.00,60204000.00,116627000.00,98059000.00,78353000.00,29355000.00,133058000.00,68255000.00,127305000.00,79958000.00,531781000.00,501973000.00,504995000.00,82816000.00,408297000.00,405772000.00,319191000.00,181490000.00,478836000.00,109237000.00,164120000.00,266678000.00,124922000.00,78017000.00,86077000.00,78756000.00,144373000.00,189736000.00,265242000.00,79905000.00,191459000.00,248043000.00,187176000.00,262270000.00,164640000.00,188758000.00,109466000.00,85278000.00,145775000.00,85647000.00,90315000.00,90625000.00,69852000.00,84350000.00,98324000.00,163153000.00,171208000.00,167605000.00,79103000.00,97049000.00,58374000.00,30824000.00,33036000.00,45489000.00,66966000.00,70441000.00,67423000.00,5354000.00,352157000.00,429741000.00,406871000.00,435676000.00,778572000.00,1160840000.00,1219943000.00,33054000.00,42950000.00,,
longTermInvestments,1548000.00,1548000.00,41925000.00,55317000.00,54805000.00,1548000.00,19205000.00,19394000.00,26558000.00,1548000.00,21098000.00,5798000.00,1548000.00,46647000.00,1548000.00,21095000.00,107012000.00,447212000.00,1791000.00,34616000.00,48561000.00,4121000.00,8463000.00,89111000.00,25353000.00,145150000.00,88877000.00,113892000.00,338734000.00,515989000.00,209798000.00,193803000.00,234719000.00,217536000.00,376585000.00,240862000.00,246605000.00,171931000.00,123242000.00,114733000.00,,,,,,,,,58513000.00,44876000.00,,,,,,,,,,,,,,,,,,,,,,,,,
netTangibleAssets,,426165000.00,425115000.00,426578000.00,433408000.00,430134000.00,439705000.00,444308000.00,440218000.00,449823000.00,332591000.00,331083000.00,317796000.00,306640000.00,342052000.00,556393000.00,560021000.00,557947000.00,557818000.00,553814000.00,560340000.00,555882000.00,550174000.00,671466000.00,730645000.00,705365000.00,706343000.00,704074000.00,693854000.00,750823000.00,763183000.00,792624000.00,817520000.00,849437000.00,921885000.00,942363000.00,933651000.00,910756000.00,768850000.00,762098000.00,,,,,,,,,412032000.00,411702000.00,,,,,,,,,,,,,,,,,,,,,,,,,
shortTermInvestments,,,,1548000.00,1548000.00,1548000.00,1548000.00,1548000.00,0.00,0.00,2080000.00,2080000.00,2447000.00,2245000.00,77244000.00,520714000.00,471848000.00,445664000.00,440880000.00,418998000.00,352778000.00,318424000.00,250746000.00,211737000.00,189173000.00,116395000.00,118531000.00,124968000.00,236705000.00,255280000.00,300189000.00,208088000.00,234600000.00,253428000.00,284070000.00,275720000.00,281018000.00,264503000.00,233551000.00,209837000.00,220684000.00,235008000.00,242282000.00,231590000.00,25804000.00,44153000.00,43301000.00,38673000.00,34303000.00,32345000.00,31270000.00,17723000.00,11938000.00,4985000.00,46086000.00,39304000.00,36311000.00,13940000.00,15376000.00,22466000.00,46221000.00,47074000.00,48771000.00,131390000.00,323017000.00,414474000.00,379856000.00,420997000.00,753195000.00,1146888000.00,1185485000.00,23592000.00,,,
netReceivables,12962000.00,13167000.00,13732000.00,13279000.00,12416000.00,11248000.00,9553000.00,24704000.00,34941000.00,107186000.00,31716000.00,14851000.00,19511000.00,53375000.00,7309000.00,27559000.00,114111000.00,42305000.00,8455000.00,40281000.00,51766000.00,7157000.00,6965000.00,82988000.00,17552000.00,93883000.00,23034000.00,25684000.00,54869000.00,16968000.00,10788000.00,31950000.00,46023000.00,23571000.00,45017000.00,57180000.00,49128000.00,43978000.00,10504000.00,15786000.00,8085000.00,11223000.00,8933000.00,33333000.00,31452000.00,9597000.00,17452000.00,8836000.00,6652000.00,5107000.00,5555000.00,115942000.00,5522000.00,5587000.00,5367000.00,5754000.00,6235000.00,6390000.00,7036000.00,9390000.00,14555000.00,9172000.00,9743000.00,12801000.00,14429000.00,17133000.00,13994000.00,9828000.00,779735000.00,14099000.00,14169000.00,15325000.00,19506000.00,,
longTermDebt,1738829000.00,1749199000.00,1810767000.00,1867033000.00,1914461000.00,1841965000.00,1626204000.00,1814424000.00,1602602000.00,1345444000.00,1307649000.00,1292469000.00,60000.00,77000.00,11326000.00,4558000.00,6355000.00,1935265000.00,1994000.00,1043000.00,1107337000.00,67000.00,546212000.00,76000.00,229000.00,484000.00,1103203000.00,97000.00,2158000.00,3084000.00,2742000.00,3941000.00,7466000.00,6991000.00,8860000.00,8476000.00,8830000.00,9855000.00,10242000.00,10586000.00,1422430000.00,1558910000.00,1649840000.00,1785600000.00,1594206000.00,1640320000.00,1737503000.00,1753580000.00,16218000.00,16535000.00,1463701000.00,1543251000.00,1565806000.00,1592397000.00,1517330000.00,1536500000.00,1567865000.00,1581305000.00,1676519000.00,1682651000.00,1671454000.00,1653337000.00,1651151000.00,1644546000.00,1999088000.00,1989714000.00,1597746000.00,1343396000.00,1345379000.00,1045643000.00,743453000.00,687407000.00,,,
inventory,,,,,,,,,,,,,,,,,,,,,,,,,,,,,,,,,,,,180000.00,,,,25346000.00,,,,,,,,2980000.00,,,,4444000.00,,,,,,,,,,,,,,,,,,,,,,,
accountsPayable,22859000.00,22778000.00,18204000.00,17312000.00,14058000.00,16590000.00,10780000.00,12962000.00,6508000.00,9015000.00,6157000.00,8104000.00,6636000.00,6758000.00,6618000.00,7816000.00,5752000.00,10487000.00,6587000.00,11774000.00,16730000.00,8071000.00,9898000.00,5153000.00,4660000.00,2787000.00,2417000.00,4480000.00,12933000.00,12629000.00,10912000.00,10939000.00,9531000.00,9769000.00,13091000.00,9287000.00,11331000.00,9948000.00,13511000.00,12650000.00,12829000.00,11258000.00,10877000.00,18029000.00,16653000.00,12050000.00,12351000.00,9571000.00,11684000.00,20951000.00,7335000.00,4978000.00,12204000.00,11743000.00,4848000.00,7917000.00,8657000.00,4630000.00,7034000.00,4712000.00,4640000.00,4599000.00,5050000.00,7209000.00,13819000.00,8155000.00,9161000.00,6523000.00,11357000.00,8809000.00,9004000.00,9514000.00,10482000.00,,
totalPermanentEquity,,,,,,,,,,,,,,,,,,,,,,,,,,,,,,,,,,,,,,,,,,,,,,,,,,,,,,,,,,,,,,,,,,,,,,,,,,,
noncontrollingInterestInConsolidatedEntity,,9450000.00,8032000.00,5846000.00,4930000.00,5012000.00,,,,,,,,,,,,,,,,,,,,-1405000.00,-1310000.00,-1209000.00,-1193000.00,-1130000.00,-1070000.00,7896000.00,9938000.00,18830000.00,17591000.00,,,389000.00,56000.00,,,,,,,,,,,,,,,,,,,,,,,,,,,,,,,,,,,,
temporaryEquityRedeemableNoncontrollingInterests,,,,,,,,,,,,,,,,,,,,,,,,,,,,,,,,,,,,,,,,,,,,,,,,,,,,,,,,,,,,,,,,,,,,,,,,,,,
accumulatedOtherComprehensiveIncome,-5202000.00,-5604000.00,-6001000.00,-6394000.00,-6795000.00,-7210000.00,-7671000.00,-8127000.00,-8594000.00,-9060000.00,-9522000.00,-9978000.00,-10444000.00,-11017000.00,-10877000.00,1821000.00,1156000.00,1677000.00,1092000.00,-3057000.00,5629000.00,3216000.00,1154000.00,1297000.00,1484000.00,500000.00,3232000.00,3081000.00,6909000.00,700000.00,-1895000.00,-2923000.00,374000.00,1344000.00,5376000.00,6043000.00,3990000.00,-10194000.00,-14071000.00,-14043000.00,-17383000.00,-20106000.00,-21775000.00,-27078000.00,-32903000.00,-37245000.00,-35765000.00,-46327000.00,-45041000.00,-37131000.00,-27706000.00,-33918000.00,-52275000.00,-57506000.00,-61761000.00,-62154000.00,-68266000.00,-66446000.00,-75249000.00,-80707000.00,-45121000.00,-43579000.00,-55623000.00,-38323000.00,-143166000.00,-51908000.00,-46485000.00,-10351000.00,-5315000.00,-17985000.00,-16518000.00,-22265000.00,-9267000.00,,
additionalPaidInCapital,,,,,,,,,,,,,,,,,,,,,,,,,,,,,,,,,,,,,,,,,,,,,,,,,,,,,,,,,,,,,,,,,,,,,,,,,,,
commonStockTotalEquity,,9000.00,9000.00,9000.00,9000.00,9000.00,9000.00,9000.00,9000.00,9000.00,9000.00,10000.00,32000.00,32000.00,32000.00,32000.00,32000.00,32000.00,32000.00,32000.00,32000.00,32000.00,32000.00,31000.00,31000.00,31000.00,31000.00,31000.00,31000.00,31000.00,31000.00,32000.00,32000.00,134000.00,134000.00,133000.00,133000.00,131000.00,129000.00,128000.00,127000.00,127000.00,108000.00,105000.00,100000.00,86000.00,85000.00,80000.00,77000.00,74000.00,70000.00,58000.00,55000.00,51000.00,40000.00,36000.00,25000.00,26000.00,26000.00,26000.00,25000.00,25000.00,26000.00,25000.00,25000.00,25000.00,25000.00,24000.00,18000.00,16000.00,18000.00,16000.00,16000.00,,
preferredStockTotalEquity,,10000.00,10000.00,10000.00,10000.00,10000.00,10000.00,10000.00,10000.00,10000.00,5000.00,5000.00,5000.00,5000.00,5000.00,5000.00,5000.00,5000.00,5000.00,5000.00,5000.00,5000.00,5000.00,10000.00,12000.00,12000.00,12000.00,12000.00,12000.00,12000.00,12000.00,12000.00,12000.00,12000.00,12000.00,12000.00,11000.00,11000.00,5000.00,4000.00,4000.00,4000.00,3000.00,2000.00,1000.00,,,,,,,,,,,,,,,,,,,,,,,,,,,,,,
retainedEarningsTotalEquity,,-733958000.00,-734775000.00,-732359000.00,-724928000.00,-725641000.00,-726331000.00,-723560000.00,-730862000.00,-721057000.00,-731128000.00,-741596000.00,-763058000.00,-768629000.00,-732642000.00,-530501000.00,-525532000.00,-527534000.00,-526666000.00,-525838000.00,-527665000.00,-528952000.00,-531939000.00,-517773000.00,-504070000.00,-515148000.00,-516045000.00,517177000.00,-506107000.00,441522000.00,426935000.00,406603000.00,394278000.00,380389000.00,327952000.00,315910000.00,296253000.00,277120000.00,265618000.00,254645000.00,,,,,,,,,-164196000.00,-159983000.00,,,,,,,,,,,,,,,,,,,,,,,,,
treasuryStock,,,,,,,,,,,,,,,,,,,,,,,,,,,,,,,,,,,,,,,,,,,,,,,,,,,,,,,,,,,,,,,,,-1280000.00,,,,,,,,,,
accumulatedAmortization,,,,,,,,,,,,,,,,,,,,,,,,,,,,,,,,,,,,,,,,,,,,,,,,,,,,,,,,,,,,,,,,,,,,,,,,,,,
nonCurrrentAssetsOther,-1853000.00,-1876000.00,-1898000.00,-1874000.00,-1890000.00,-39561000.00,-10836000.00,-11777000.00,-1807000.00,-1792000.00,-1680000.00,-3805000.00,-4178000.00,-3860000.00,-78866000.00,1852017000.00,-473493000.00,-447383000.00,-442607000.00,1627377000.00,-354557000.00,-320272000.00,-257438000.00,1506468000.00,-203418000.00,-173920000.00,-193600000.00,-218119000.00,-331708000.00,-336728000.00,-379145000.00,-284599000.00,-317308000.00,-343848000.00,-371279000.00,-358442000.00,-352208000.00,-335327000.00,-306942000.00,-296902000.00,-306721000.00,-310740000.00,-323657000.00,-301912000.00,-349658000.00,-321936000.00,-322877000.00,-295623000.00,-270708000.00,-232549000.00,-194011000.00,-121954000.00,-118122000.00,-97071000.00,-86923000.00,1618587000.00,-74771000.00,-19724000.00,-21874000.00,1859734000.00,-47769000.00,-48622000.00,-50319000.00,1730206000.00,-323017000.00,-416022000.00,-381404000.00,944608000.00,-395884000.00,-1186820000.00,-1233343000.00,-1393683000.00,-1449105000.00,,
deferredLongTermAssetCharges,,,,,,,,,,,,,,,,,,,,,,,,,,,,,,,,,,,,,,,,,,,,,,,,,,,,,,,,,,,,,,,,,,,,,,,,,,,
nonCurrentAssetsTotal,28095000.00,28437000.00,28780000.00,29161000.00,29065000.00,39561000.00,10836000.00,11777000.00,9025000.00,9141000.00,8786000.00,8886000.00,4178000.00,3860000.00,78866000.00,2374368000.00,473493000.00,447383000.00,442607000.00,2048097000.00,354557000.00,320272000.00,257438000.00,1730585000.00,203418000.00,4240000.00,3899000.00,218119000.00,31451000.00,43642000.00,38145000.00,26228000.00,37157000.00,37198000.00,21808000.00,9736000.00,15107000.00,18251000.00,16331000.00,11822000.00,14996000.00,15316000.00,15547000.00,13192000.00,17770000.00,18503000.00,19457000.00,20439000.00,26065000.00,26079000.00,25361000.00,4401000.00,118122000.00,97071000.00,86923000.00,1698135000.00,74771000.00,19724000.00,21874000.00,1890542000.00,47769000.00,48622000.00,50319000.00,1797475000.00,323017000.00,416022000.00,381404000.00,1367153000.00,395884000.00,1186820000.00,1233343000.00,1393683000.00,1449105000.00,,
capitalLeaseObligations,44130000.00,43988000.00,43837000.00,43695000.00,43440000.00,46620000.00,3514000.00,3537000.00,3560000.00,3574000.00,3101000.00,3107000.00,,,,,,,,,,,,,,,,,,,,,,,,,,,,,,,,,,,,,,,,,,,,,,,,,,,,,,,,,,,,,,,
longTermDebtTotal,1738829000.00,1749199000.00,1810767000.00,1867033000.00,1914461000.00,1841965000.00,1626204000.00,1814424000.00,1602602000.00,1345444000.00,1307649000.00,1304727000.00,60000.00,77000.00,11326000.00,4558000.00,6355000.00,1935265000.00,1994000.00,1043000.00,,67000.00,,76000.00,229000.00,484000.00,,97000.00,2158000.00,3084000.00,2742000.00,3941000.00,7466000.00,6991000.00,8860000.00,8476000.00,8830000.00,9855000.00,10242000.00,10586000.00,,,,,,,,,16218000.00,16535000.00,,,,,,,,,,,,,,,,,,,,,,,,,
nonCurrentLiabilitiesOther,,47013000.00,46862000.00,46720000.00,46465000.00,46620000.00,3514000.00,4870000.00,4982000.00,4998000.00,4639000.00,4647000.00,1538000.00,1740000.00,1735000.00,1746000.00,1766000.00,1770000.00,1819000.00,1820000.00,1787000.00,2421000.00,2883000.00,60342000.00,9371000.00,126376000.00,99539000.00,142563000.00,,,,,,,,,,,,,,,,,,,,,130054000.00,,,,,,,,,,,,,,,,,,,,,,,,,,
nonCurrentLiabilitiesTotal,1782959000.00,1793187000.00,18204000.00,17312000.00,14058000.00,16590000.00,10780000.00,12962000.00,1606162000.00,1349018000.00,1310750000.00,1307834000.00,1476924000.00,1536090000.00,1724932000.00,1872577000.00,1887426000.00,1935265000.00,1620441000.00,1554223000.00,1422906000.00,1319646000.00,1222386000.00,1163485000.00,1172094000.00,1069339000.00,641715000.00,1191456000.00,962750000.00,1575219000.00,1602025000.00,1895288000.00,1880891000.00,1827461000.00,1924598000.00,460000.00,1590958000.00,4036000.00,4036000.00,4112000.00,7690000.00,8376000.00,8376000.00,8376000.00,4353000.00,3906000.00,5624000.00,5624000.00,10192000.00,9798000.00,9798000.00,9798000.00,1565806000.00,1592397000.00,1517330000.00,1536500000.00,1567919000.00,1584664000.00,1692571000.00,1699763000.00,1732384000.00,1722244000.00,1651151000.00,1485211000.00,1999088000.00,1989714000.00,1597746000.00,1343396000.00,1345379000.00,1906360000.00,743453000.00,702407000.00,679129000.00,,
negativeGoodwill,,,,,,,,,,,,,,,,,,,,,,,,,,,,,,,,,,,,,,,,,,,,,,,,,,,,,,,,,,,,,,,,,,,,,,,,,,,
warrants,,,,,,,,,,,,,,,,,,,,,,,,,,,,,,,,,,,,16588000.00,11502000.00,,,,,,,,,,,,,,,,,,,,,,,,,,,,,,,,,,,,,,
preferredStockRedeemable,,,,,,,,,,,,,,,,,,,,,,,,,,,,,,,,,,,,,,,,,,,,,,,,,,,,,,,,,,,,,,,,,,,,,,,,,,,
capitalSurpluse,1173975000.00,1174094000.00,1174510000.00,1174202000.00,1174253000.00,1175146000.00,1176685000.00,1179863000.00,1182706000.00,1183056000.00,1076442000.00,1085941000.00,1091266000.00,1086254000.00,1085539000.00,1085041000.00,1084365000.00,1083772000.00,1083360000.00,1082677000.00,1082344000.00,1081586000.00,1080927000.00,1187911000.00,1233200000.00,1219982000.00,1219125000.00,1218352000.00,1218907000.00,1218340000.00,1217493000.00,1228346000.00,1237198000.00,1252718000.00,1253556000.00,1245245000.00,1224533000.00,1209488000.00,1059805000.00,1042480000.00,,,,,,,,,642424000.00,630420000.00,,,,,,,,,,,,,,,,,,,,,,,,,
liabilitiesAndStockholdersEquity,2261496000.00,2266656000.00,2321559000.00,2376652000.00,2426386000.00,2356426000.00,2087125000.00,2284275000.00,2061750000.00,1815617000.00,1656419000.00,1654084000.00,1810357000.00,1856125000.00,2089118000.00,2454326000.00,2472193000.00,2519737000.00,2197460000.00,2130913000.00,2009419000.00,1892162000.00,1789801000.00,1912075000.00,1929659000.00,1914283000.00,1995820000.00,2053543000.00,2157478000.00,2389844000.00,2426279000.00,2760432000.00,2786042000.00,2774224000.00,2933206000.00,2729139000.00,2592381000.00,2558749000.00,2341908000.00,2151427000.00,2273064000.00,2402480000.00,2368563000.00,2478251000.00,2335822000.00,2266906000.00,2318426000.00,2299627000.00,2170243000.00,1972433000.00,1937636000.00,1934200000.00,1937445000.00,1934371000.00,1785145000.00,1795184000.00,1769115000.00,1774558000.00,1899428000.00,1936031000.00,2002945000.00,2004021000.00,2019739000.00,2072148000.00,2326236000.00,2385825000.00,2127914000.00,1802829000.00,2369379000.00,2224094000.00,2038886000.00,2045547000.00,2002546000.00,,
cashAndShortTermInvestments,64440000.00,57112000.00,87314000.00,67780000.00,62519000.00,34870000.00,79561000.00,35500000.00,109949000.00,90805000.00,70985000.00,31435000.00,124552000.00,59979000.00,119996000.00,600672000.00,523134000.00,492818000.00,496540000.00,501814000.00,400831000.00,398615000.00,312246000.00,393227000.00,472157000.00,219128000.00,276291000.00,240994000.00,351257000.00,320447000.00,371592000.00,286844000.00,339335000.00,398438000.00,501431000.00,355625000.00,444287000.00,486816000.00,400237000.00,472107000.00,365147000.00,403410000.00,309943000.00,316868000.00,138536000.00,76050000.00,80863000.00,81789000.00,63200000.00,79243000.00,92769000.00,29488000.00,50282000.00,43490000.00,27650000.00,51991000.00,15828000.00,10553000.00,10668000.00,14583000.00,12110000.00,14255000.00,9098000.00,6029000.00,15138000.00,2729000.00,14517000.00,5354000.00,13505000.00,3648000.00,23671000.00,17729000.00,23444000.00,,
propertyPlantAndEquipmentGross,,,,,,,,,,6016000.00,5708000.00,5769000.00,183000.00,67000.00,74000.00,89000.00,97000.00,171000.00,179000.00,174000.00,183000.00,219000.00,233000.00,308000.00,337000.00,385000.00,577000.00,788000.00,3107000.00,3233000.00,3270000.00,3419000.00,3253000.00,3567000.00,3969000.00,4010000.00,1463000.00,1393000.00,1351000.00,1069000.00,983000.00,61000.00,64000.00,66000.00,,,,,,,,,,,,,,,,,,,,,,,,,,,,,,,
propertyPlantAndEquipmentNet,20275000.00,20389000.00,20502000.00,20607000.00,20276000.00,25843000.00,6301000.00,6352000.00,6243000.00,6259000.00,5708000.00,5769000.00,183000.00,67000.00,74000.00,89000.00,97000.00,171000.00,179000.00,174000.00,183000.00,66000.00,89000.00,151000.00,167000.00,189000.00,577000.00,527000.00,3107000.00,665000.00,714000.00,931000.00,1135000.00,1590000.00,1951000.00,2109000.00,1463000.00,1393000.00,1351000.00,1069000.00,983000.00,61000.00,64000.00,66000.00,,,,,,,,,,,,,,,,,,,,,,,,,,,,,,,
accumulatedDepreciation,,,,,,,,,,,,,,,,,,,,,,,,,,,,,,,,,,,,,,,,,,,,,,,,,,,,,,,,,,,,,,,,,,,,,,,,,,,
netWorkingCapital,,,,,,,,,,,,,,,,,,,,,,,,,,,,,,,,,,,,,,,,,,,,,,,,,,,,,,,,,,,,,,,,,,,,,,,,,,,
netInvestedCapital,2176522000.00,2183740000.00,2244510000.00,2302491000.00,2357000000.00,2284269000.00,2068896000.00,2262609000.00,2045861000.00,1798392000.00,1643450000.00,1639104000.00,1794720000.00,1842730000.00,1891123000.00,,,,,,,,,,,,,,,,,,,,,,,,,,,,,,,,,,,,,,,,,,,,,,,,,,,,,,,,,,,,
commonStockSharesOutstanding,8592556.00,8534558.00,8500413.00,8811761.00,8758718.00,8914172.00,9096977.00,9553412.00,9553412.00,9720609.00,10205369.00,10205369.00,10966286.00,10568571.00,10542068.00,10592696.00,10571574.00,10552049.00,10510418.00,10515047.00,10492455.00,10467326.00,10370427.00,10304746.00,10371706.00,10340298.00,10304705.00,10205827.00,10176112.00,10136806.00,10346021.00,10517019.00,10983728.00,10950761.00,11025356.00,10908358.00,10935635.00,10678542.00,10555623.00,10369631.00,10506046.00,10190281.00,8777209.00,8413239.00,7497132.00,7015677.00,6824408.00,6824408.00,6190318.00,5917333.00,5033130.00,5033130.00,4381569.00,3727003.00,3179213.00,3179213.00,2031388.00,2030796.00,2038948.00,2038948.00,2087855.00,2060086.00,2073618.00,2073618.00,2067261.00,2078678.00,2069807.00,2069807.00,1465429.00,1474380.00,1396041.00,1396041.00,1288176.00,1281135.00,1277776.00
investments,33302000.00,3681000.00,64580000.00,68404000.00,-71039000.00,-248580000.00,474000.00,-82114000.00,-209321000.00,-156136000.00,49147000.00,90174000.00,137435000.00,80024000.00,-62734000.00,40433000.00,56870000.00,-318458000.00,-92047000.00,-98688000.00,-141292000.00,-92969000.00,-54367000.00,-91420000.00,-6207000.00,40779000.00,35216000.00,86073000.00,30524000.00,79961000.00,33096000.00,104087000.00,,,,31791000.00,,,,,,,,,,,,,,,,,,,,,,,,,,,,,,,,,,,,,,,
changeToLiabilities,,,,3728000.00,0.00,0.00,0.00,4181000.00,0.00,0.00,0.00,718000.00,0.00,0.00,0.00,-4060000.00,0.00,0.00,0.00,-208000.00,0.00,0.00,0.00,1039000.00,0.00,0.00,,356000.00,,,,5696000.00,,,,-5566000.00,,,,,,,,7380000.00,,,,17066000.00,,,,285000.00,,,,,,,,,,,,1047000.00,7257000.00,583000.00,1563000.00,,1594000.00,,,12096000.00,,,
totalCashflowsFromInvestingActivities,106954000.00,3681000.00,69971000.00,67953000.00,-52580000.00,-248580000.00,653000.00,-74084000.00,-209389000.00,-156136000.00,49104000.00,90169000.00,137435000.00,80024000.00,-62734000.00,40433000.00,56870000.00,-318458000.00,-91912000.00,-98683000.00,-138940000.00,-73346000.00,-36261000.00,-99286000.00,38478000.00,63934000.00,41206000.00,242919000.00,125780000.00,73956000.00,56347000.00,-59505000.00,,4623000.00,,-393250000.00,,,,479053000.00,209999000.00,89146000.00,41932000.00,101621000.00,77317000.00,45879000.00,4846000.00,,,,,,,,,17785000.00,21552000.00,22447000.00,2996000.00,65449000.00,35064000.00,38125000.00,39545000.00,,,,,246888000.00,,,11441000.00,,,,
netBorrowings,,-2341000.00,-42000000.00,2248000.00,20413000.00,214325000.00,-39869000.00,-52308000.00,77749000.00,36485000.00,11508000.00,-96614000.00,169363000.00,-117483000.00,-26824000.00,-18234000.00,-25000.00,-6504000.00,63716000.00,178372000.00,184993000.00,-242935000.00,175042000.00,122489000.00,-59624000.00,-33067000.00,83513000.00,-156977000.00,74999000.00,109535000.00,-37000000.00,91229000.00,,,,-8057000.00,,,,,,,,,,,,,,,,,,,,,,,,,,,,,,,,,,,,,,,
totalCashFromFinancingActivities,-17105000.00,-67934000.00,-62634000.00,-53787000.00,64008000.00,211359000.00,-200843000.00,200562000.00,244086000.00,133976000.00,-12521000.00,-189830000.00,-58387000.00,-129245000.00,74065000.00,-28789000.00,-60972000.00,302867000.00,55588000.00,122554000.00,94426000.00,90815000.00,-117663000.00,-19594000.00,-21360000.00,-89812000.00,-68900000.00,-98480000.00,-52025000.00,-51546000.00,-45411000.00,-25473000.00,-3800000.00,-132331000.00,149965000.00,113194000.00,7382000.00,151924000.00,3859000.00,-152836000.00,-164885000.00,30086000.00,-82847000.00,-37704000.00,7490000.00,-64302000.00,-5940000.00,307193000.00,19660000.00,15436000.00,76511000.00,-8539000.00,-14075000.00,31815000.00,-4822000.00,33038000.00,-12158000.00,-27120000.00,-20759000.00,-42707000.00,-1951000.00,-12127000.00,-51317000.00,3673000.00,29892000.00,513330000.00,95421000.00,-565164000.00,130973000.00,178983000.00,-16927000.00,53566000.00,446362000.00,922681000.00,615414000.00
changeToOperatingActivities,,,,,-3591000.00,3270000.00,-3440000.00,581000.00,-1626000.00,4167000.00,564000.00,3954000.00,-795000.00,-599000.00,-7686000.00,6805000.00,-1936000.00,1825000.00,-6287000.00,5303000.00,-1592000.00,916000.00,5119000.00,2201000.00,3543000.00,-3209000.00,,-2335000.00,,,,-7733000.00,,,,20071000.00,,,,,,,,,,,,,,,,,,,,,,,,,,,,,,,,,,,,,,,
changeInCash,27953000.00,-48891000.00,16444000.00,27861000.00,16713000.00,-25058000.00,-198636000.00,141576000.00,36547000.00,-8002000.00,46069000.00,-88140000.00,85223000.00,-37445000.00,13669000.00,26534000.00,6684000.00,-1929000.00,-32329000.00,40841000.00,-35628000.00,28215000.00,-142318000.00,-101494000.00,180251000.00,-55027000.00,41734000.00,1474000.00,49385000.00,-6236000.00,-7353000.00,-25979000.00,-40275000.00,-72351000.00,137456000.00,-83364000.00,-59044000.00,55627000.00,-95584000.00,117807000.00,-23939000.00,100741000.00,-17617000.00,-27454000.00,80835000.00,-5665000.00,-5554000.00,14219000.00,-18001000.00,-14601000.00,32011000.00,-8856000.00,-161000.00,10855000.00,-24341000.00,36163000.00,5275000.00,-115000.00,-3915000.00,2473000.00,-2145000.00,5157000.00,3069000.00,-9109000.00,12409000.00,-11788000.00,9163000.00,-8151000.00,9857000.00,-20023000.00,5942000.00,-84813000.00,2036000.00,-12093000.00,615414000.00
beginPeriodCashFlow,72363000.00,121254000.00,104810000.00,76950000.00,60237000.00,85295000.00,283931000.00,142355000.00,105808000.00,113810000.00,67741000.00,155881000.00,70658000.00,108103000.00,94434000.00,67900000.00,61216000.00,63145000.00,95474000.00,54633000.00,90261000.00,62046000.00,204364000.00,282984000.00,102733000.00,157760000.00,116026000.00,114552000.00,65167000.00,71403000.00,78756000.00,104735000.00,145010000.00,217361000.00,79905000.00,163269000.00,222313000.00,166686000.00,262270000.00,144463000.00,168402000.00,67661000.00,85278000.00,112732000.00,31897000.00,37562000.00,43116000.00,28897000.00,46898000.00,61499000.00,29488000.00,38344000.00,38505000.00,27650000.00,51991000.00,15828000.00,10553000.00,10668000.00,14583000.00,12110000.00,14255000.00,9098000.00,6029000.00,15138000.00,2729000.00,14517000.00,5354000.00,13505000.00,3648000.00,23671000.00,17729000.00,102542000.00,100506000.00,112599000.00,-502815000.00
endPeriodCashFlow,100316000.00,72363000.00,121254000.00,104811000.00,76950000.00,60237000.00,85295000.00,283931000.00,142355000.00,105808000.00,113810000.00,67741000.00,155881000.00,70658000.00,108103000.00,94434000.00,67900000.00,61216000.00,63145000.00,95474000.00,54633000.00,90261000.00,62046000.00,181490000.00,282984000.00,102733000.00,157760000.00,116026000.00,114552000.00,65167000.00,71403000.00,78756000.00,104735000.00,145010000.00,217361000.00,79905000.00,163269000.00,222313000.00,166686000.00,262270000.00,144463000.00,168402000.00,67661000.00,85278000.00,112732000.00,31897000.00,37562000.00,43116000.00,28897000.00,46898000.00,61499000.00,29488000.00,38344000.00,38505000.00,27650000.00,51991000.00,15828000.00,10553000.00,10668000.00,14583000.00,12110000.00,14255000.00,9098000.00,6029000.00,15138000.00,2729000.00,14517000.00,5354000.00,13505000.00,3648000.00,23671000.00,17729000.00,102542000.00,100506000.00,112599000.00
totalCashFromOperatingActivities,11755000.00,15362000.00,9107000.00,13695000.00,5285000.00,12163000.00,1554000.00,15098000.00,1850000.00,14158000.00,9486000.00,11521000.00,6175000.00,11776000.00,2338000.00,14890000.00,10786000.00,13662000.00,3995000.00,16970000.00,8886000.00,10746000.00,11606000.00,17386000.00,163133000.00,-29149000.00,69428000.00,113118000.00,-24370000.00,-28646000.00,-18289000.00,35845000.00,-8698000.00,33110000.00,9738000.00,-59731000.00,-23750000.00,-5280000.00,19168000.00,1589000.00,20093000.00,23441000.00,23298000.00,-14054000.00,41907000.00,17604000.00,-4460000.00,12196000.00,-1563000.00,7071000.00,15333000.00,-5524000.00,7633000.00,11868000.00,6557000.00,6892000.00,18328000.00,7554000.00,13848000.00,14795000.00,2867000.00,18704000.00,14584000.00,-2911000.00,80919000.00,-44616000.00,-10014000.00,-2412000.00,12456000.00,-8600000.00,11428000.00,-14130000.00,5562000.00,-5691000.00,35000.00
issuanceOfCapitalStock,,,,,,,,72000.00,232000.00,,,,,,,,,,,,,,,,,,,,,,,,,,,,,,,,,,,,,,,,,,,,,,,,,,,,,,,,,,,,,,,,,,
depreciation,1313000.00,1312000.00,1371000.00,400000.00,1727000.00,1856000.00,3508000.00,2045000.00,3053000.00,6524000.00,2366000.00,2226000.00,1804000.00,1747000.00,747000.00,1515000.00,591000.00,847000.00,446000.00,989000.00,939000.00,64000.00,916000.00,1387000.00,1092000.00,1020000.00,-349000.00,-20929000.00,381000.00,3438000.00,652000.00,9578000.00,4550000.00,4926000.00,646000.00,-1044000.00,1134000.00,1823000.00,836000.00,815000.00,903000.00,1000000.00,1198000.00,1912000.00,1248000.00,1743000.00,982000.00,1754000.00,1885000.00,606000.00,374000.00,1889000.00,1656000.00,1152000.00,181000.00,183000.00,149000.00,836000.00,187000.00,192000.00,996000.00,1332000.00,863000.00,1624000.00,720000.00,853000.00,891000.00,1132000.00,1167000.00,675000.00,760000.00,1016000.00,,,
otherCashflowsFromInvestingActivities,134388000.00,-6434000.00,5391000.00,-150064000.00,18541000.00,75000.00,188000.00,7915000.00,-316245000.00,75000.00,50000.00,100000.00,-11975000.00,17290000.00,-62734000.00,-313067000.00,-353500000.00,-410370000.00,135000.00,5000.00,2352000.00,19623000.00,18106000.00,-7866000.00,44685000.00,23155000.00,5990000.00,102367000.00,95256000.00,-6000000.00,23274000.00,5553000.00,8028000.00,,,-255716000.00,,,,,499000.00,,,,,,,,,,,,,,,,,,,,,,,,,,,,,,,,,,
dividendsPaid,-4855000.00,-4856000.00,-4855000.00,-4856000.00,4855000.00,4856000.00,4855000.00,4852000.00,4323000.00,2587000.00,2588000.00,7762000.00,11355000.00,11355000.00,11355000.00,10555000.00,9759000.00,8960000.00,8128000.00,7336000.00,5753000.00,4170000.00,9066000.00,7581000.00,7581000.00,7583000.00,7564000.00,19025000.00,19065000.00,19130000.00,19347000.00,26783000.00,27542000.00,27558000.00,32607000.00,33690000.00,29407000.00,28441000.00,27695000.00,27472000.00,26288000.00,24199000.00,21912000.00,20339000.00,926000.00,36900000.00,24144000.00,83564000.00,18608000.00,32145000.00,14555000.00,45680000.00,31998000.00,19223000.00,18035000.00,32564000.00,25054000.00,17522000.00,44000.00,9928000.00,10439000.00,10433000.00,10366000.00,10257000.00,10298000.00,9748000.00,7663000.00,6594000.00,6413000.00,5878000.00,5646000.00,4705000.00,3136000.00,,
changeToInventory,,,,,,,,,,,,,,,,,,,,,,,,,,,,,,,,,,,,,,,,,,,,,,,,,,,,,,,,,,,,,,,,,,,,,,,,,,,
changeToAccountReceivables,,,,,,,,,,,,,,,,,,,,,,,,170000.00,,,,738000.00,,,,1456000.00,,,,,,,,17641000.00,,,,,,,,,,,,,,,,424000.00,,,,574000.00,,3807000.00,716000.00,,,,,5330000.00,856000.00,1425000.00,35000.00,,,,
salePurchaseOfStock,-728000.00,-1200000.00,-756000.00,-966000.00,-1811000.00,-2530000.00,-3922000.00,-3676000.00,-889000.00,-4317000.00,-9519000.00,-5365000.00,,-11762000.00,,0.00,0.00,0.00,0.00,165409000.00,,-13000.00,-165396000.00,-51000.00,15000.00,-39000.00,-74000.00,-82000.00,-1239000.00,-714000.00,-10559000.00,-10496000.00,-15428000.00,89966000.00,-5000.00,30297000.00,,,,20978000.00,,,-20978000.00,36900000.00,27901000.00,-16921000.00,-19979000.00,-19157000.00,-18567000.00,-17590000.00,-14555000.00,-13682000.00,-31998000.00,64000.00,-64000.00,-32565000.00,15283000.00,-7576000.00,-12746000.00,,,,,,,,-14895000.00,,,,-24766000.00,,,,
otherCashflowsFromFinancingActivities,128000.00,1533000.00,10640000.00,3369000.00,175333000.00,256895000.00,95149000.00,-11126000.00,-3322000.00,1022972000.00,149924000.00,-1479000.00,-23605000.00,-108518000.00,165036000.00,119690000.00,31157000.00,370917000.00,114049000.00,-248000.00,184993000.00,154517000.00,175042000.00,-25000.00,-8250000.00,-110373000.00,-17029000.00,-50207000.00,74999000.00,82739000.00,68796000.00,169625000.00,123724000.00,-4391000.00,344184000.00,298116000.00,185273000.00,273253000.00,124941000.00,200358000.00,38478000.00,199906000.00,-1601000.00,115508000.00,-26153000.00,58233000.00,23576000.00,68180000.00,64986000.00,33103000.00,44607000.00,16566000.00,40772000.00,53013000.00,26964000.00,33756000.00,-11300000.00,-13606000.00,44000.00,14663000.00,68304000.00,620000.00,-33272000.00,17522000.00,52706000.00,534400000.00,109658000.00,7790599000.00,5065655000.00,5156383000.00,881000.00,58271000.00,449498000.00,2597890000.00,615414000.00
changeToNetincome,,2700000.00,4351000.00,10953000.00,750000.00,1515000.00,-1802000.00,-5815000.00,537000.00,-10172000.00,-5641000.00,-18634000.00,-8172000.00,37723000.00,19898000.00,3203000.00,-888000.00,1463000.00,946000.00,844000.00,725000.00,-474000.00,4983000.00,2145000.00,138936000.00,-35129000.00,56187000.00,30202000.00,64985000.00,-38000.00,-8410000.00,53579000.00,,,,-138847000.00,,,,,,,,,,,,,,,,,,,,,,,,,,,,,,,,,,,,,,,
capitalExpenditures,27434000,15352000,8918000,451000,270000,11000,9000,115000,68000,65000,43000,5000,5000,5000,5000,0,0,0,0,0,0,0,0,70443000,82022000,0,0,28000,23712000,5000,23000,4000,228000,67000,171000,503000,30000,94000,307000,378000,128000,0,0,0,0,0,0,21213000,0,0,21213000,84928000,0,0,0,0,0,0,0,0,0,0,0,0,0,0,0,6000,1000,5000,0,5000,0,0,0
changeReceivables,,,,-6138000.00,,,,1347000.00,,,,-322000.00,,,,353000.00,,,,-1196000.00,,,,170000.00,,,,,,,,,,,,,,,,,,,,,,,,,,,,,,,,,,,,,,,,,,,,,,,,,,,
cashFlowsOtherOperating,,5792000.00,1092000.00,7418000.00,-2678000.00,4261000.00,-2236000.00,1184000.00,3188000.00,4338000.00,-295000.00,27533000.00,12543000.00,-27694000.00,-18307000.00,13879000.00,28405000.00,2237000.00,-5604000.00,-10644000.00,16477000.00,1517000.00,6091000.00,48300000.00,4447000.00,-3424000.00,4977000.00,,-44115000.00,-36575000.00,-24551000.00,,,,,,,,,,,,,,,,,,,,,,,,,,,,,,,,,,,,,,,,,,,,
exchangeRateChanges,,,,,,,,,,,,,,,,,,,,,,,,,,,,,,,,,,,,,,,,,,,,,,,,,,,,,,,,,,,,,,,,,,,,,,,,,,,
cashAndCashEquivalentsChanges,,-48891000.00,16444000.00,27861000.00,16713000.00,-25058000.00,-198636000.00,141576000.00,36547000.00,-8002000.00,46069000.00,-88140000.00,85223000.00,-37445000.00,13669000.00,26534000.00,6684000.00,-1929000.00,-32329000.00,40841000.00,-35628000.00,28215000.00,-142318000.00,-101494000.00,180251000.00,-55027000.00,41734000.00,,49385000.00,-6236000.00,-7353000.00,,,,,,,,,,,,,,,,,,,,,,,,,,,,,,,,,,,,,,,,,,,,
changeInWorkingCapital,410000.00,5073000.00,198000.00,4094000.00,-3591000.00,3270000.00,-3440000.00,5951000.00,-1626000.00,4167000.00,564000.00,4609000.00,-795000.00,-599000.00,-7686000.00,3183000.00,-1936000.00,1825000.00,-6287000.00,3996000.00,-1592000.00,916000.00,5119000.00,-84000.00,3543000.00,-3209000.00,2279000.00,-2013000.00,-19581000.00,11731000.00,8622000.00,7134000.00,-15601000.00,-53410000.00,65786000.00,45138000.00,-24240000.00,-20745000.00,9563000.00,-1334000.00,10799000.00,-7791000.00,14426000.00,-28422000.00,6066000.00,1173000.00,-15274000.00,7090000.00,-12016000.00,-3180000.00,17815000.00,-19278000.00,2840000.00,4557000.00,-1556000.00,-1181000.00,11770000.00,-2724000.00,3297000.00,3909000.00,-9205000.00,7005000.00,2814000.00,-15589000.00,68814000.00,-56278000.00,-20475000.00,-10286000.00,5375000.00,-14771000.00,5182000.00,-19999000.00,1099000.00,-8700000.00,-120000.00
stockBasedCompensation,482000.00,719000.00,894000.00,914000.00,913000.00,991000.00,744000.00,761000.00,771000.00,171000.00,19000.00,18000.00,1905000.00,715000.00,498000.00,565000.00,552000.00,412000.00,683000.00,334000.00,757000.00,659000.00,967000.00,321000.00,895000.00,734000.00,788000.00,-1419000.00,1766000.00,1415000.00,1263000.00,1584000.00,-225000.00,791000.00,995000.00,2069000.00,799000.00,2031000.00,1667000.00,2606000.00,2604000.00,2156000.00,3590000.00,4636000.00,316000.00,,,,,,460000.00,2221000.00,,,724000.00,1240000.00,,,88000.00,540000.00,,,81000.00,,,,486000.00,,,,582000.00,,,,
otherNonCashItems,1983000.00,-3442000.00,4351000.00,10953000.00,750000.00,524000.00,-1342000.00,-5815000.00,4580000.00,-10343000.00,-6519000.00,-1115000.00,-4898000.00,43313000.00,45000.00,82000.00,63000.00,112000.00,37000.00,1724000.00,-355000.00,710000.00,-206000.00,13313000.00,357000.00,-36078000.00,5569000.00,137749000.00,22350000.00,-2696000.00,-2222000.00,10539000.00,7514000.00,103664000.00,-75611000.00,-107722000.00,-2914000.00,-5491000.00,-10269000.00,5548000.00,-18947000.00,16687000.00,-8429000.00,-10876000.00,15414000.00,-1762000.00,-4649000.00,2941000.00,-6376000.00,426000.00,-15998000.00,13621000.00,-10916000.00,-7203000.00,-4008000.00,25048000.00,-5119000.00,14569000.00,8080000.00,17857000.00,10988000.00,15624000.00,-802000.00,7524000.00,25300000.00,973000.00,201000.00,-50000.00,8317000.00,-571000.00,117000.00,-47000.00,687000.00,729000.00,203000.00
freeCashFlow,11755000.00,15362000.00,9107000.00,13244000.00,5015000.00,12152000.00,1545000.00,15213000.00,1782000.00,14093000.00,9443000.00,11521000.00,6175000.00,11776000.00,2338000.00,14890000.00,10786000.00,13662000.00,3995000.00,16970000.00,8886000.00,10746000.00,11606000.00,-53057000.00,245155000.00,-29149000.00,69428000.00,113146000.00,-658000.00,-28651000.00,-18312000.00,35841000.00,-8470000.00,33043000.00,9567000.00,-60234000.00,-23780000.00,-5374000.00,18861000.00,1211000.00,20093000.00,23441000.00,23298000.00,-14054000.00,41907000.00,17604000.00,-4460000.00,33409000.00,-1563000.00,7071000.00,-5880000.00,-90452000.00,7633000.00,11868000.00,6557000.00,6892000.00,18328000.00,7554000.00,13848000.00,14795000.00,2867000.00,18704000.00,14584000.00,-2911000.00,80919000.00,-44616000.00,-10014000.00,-2412000.00,12455000.00,-8600000.00,11428000.00,-14130000.00,5562000.00,-5691000.00,35000.00
researchDevelopment,,,,,,,,,,,,,,,,,,,,0.00,0.00,0.00,0.00,0.00,0.00,0.00,0.00,0.00,0.00,0.00,0.00,0.00,0.00,0.00,0.00,0.00,0.00,0.00,0.00,0.00,0.00,0.00,0.00,0.00,0.00,0.00,0.00,0.00,0.00,0.00,0.00,0.00,0.00,0.00,0.00,0.00,0.00,0.00,0.00,0.00,0.00,0.00,0.00,0.00,0.00,0.00,0.00,0.00,0.00,0.00,0.00,0.00,0.00,0.00,
effectOfAccountingCharges,,,,,,,,,,,,,,,,,,,,0.00,0.00,0.00,0.00,0.00,0.00,0.00,0.00,0.00,0.00,0.00,0.00,0.00,0.00,0.00,0.00,0.00,0.00,0.00,0.00,0.00,0.00,0.00,0.00,0.00,0.00,0.00,0.00,0.00,0.00,0.00,0.00,0.00,0.00,0.00,0.00,0.00,0.00,0.00,0.00,0.00,0.00,0.00,0.00,0.00,0.00,0.00,0.00,0.00,0.00,0.00,0.00,0.00,0.00,0.00,
incomeBeforeTax,7567000.00,5692000.00,2288000.00,-2610000.00,5486000.00,5522000.00,2364000.00,12156000.00,-4928000.00,13639000.00,13056000.00,24049000.00,8159000.00,-33400000.00,-196476000.00,6424000.00,12620000.00,9003000.00,8170000.00,9682000.00,8260000.00,9190000.00,-169000.00,1645000.00,29209000.00,12543000.00,10673000.00,4640000.00,-33338000.00,1041000.00,14783000.00,5982000.00,12926000.00,-19797000.00,19817000.00,11130000.00,14094000.00,17256000.00,17476000.00,-4096000.00,24839000.00,10279000.00,14390000.00,22676000.00,22439000.00,16450000.00,17096000.00,39676000.00,16233000.00,10390000.00,13142000.00,6339000.00,18121000.00,14494000.00,1511000.00,-3074000.00,11534000.00,-5083000.00,-12197000.00,-7643000.00,55000.00,-5119000.00,9392000.00,8890000.00,-13915000.00,9836000.00,9439000.00,15606000.00,-2401000.00,6066000.00,5150000.00,4900000.00,3776000.00,2280000.00,
minorityInterest,158000.00,115000.00,-146000.00,-91000.00,-82000.00,24000.00,,,,,,,,,,,,,,0.00,0.00,0.00,0.00,0.00,1405000.00,-95000.00,-101000.00,-1209000.00,-63000.00,-60000.00,-90000.00,1971000.00,1829000.00,2180000.00,2477000.00,-493000.00,1458000.00,0.00,0.00,0.00,-209000.00,209000.00,0.00,0.00,0.00,0.00,0.00,0.00,0.00,0.00,0.00,0.00,0.00,0.00,0.00,0.00,0.00,0.00,0.00,0.00,0.00,0.00,0.00,0.00,0.00,0.00,0.00,0.00,0.00,0.00,0.00,0.00,0.00,0.00,
sellingGeneralAdministrative,1503000.00,1847000.00,2019000.00,1881000.00,1930000.00,1948000.00,2040000.00,2026000.00,1894000.00,1366000.00,1048000.00,1585000.00,7200000.00,3590000.00,3880000.00,3799000.00,2638000.00,2907000.00,3260000.00,3057000.00,3093000.00,3206000.00,4027000.00,4387000.00,5231000.00,4314000.00,2568000.00,3723000.00,14108000.00,12569000.00,11336000.00,16039000.00,11080000.00,11604000.00,12886000.00,13705000.00,13079000.00,15005000.00,13168000.00,12933000.00,7145000.00,7258000.00,9563000.00,6032000.00,8968000.00,8123000.00,6884000.00,5677000.00,5518000.00,6049000.00,4839000.00,6582000.00,6345000.00,6405000.00,2733000.00,4450000.00,6044000.00,2937000.00,2630000.00,729000.00,421000.00,343000.00,355000.00,178000.00,496000.00,350000.00,557000.00,275000.00,443000.00,698000.00,546000.00,3010000.00,415000.00,320000.00,63000.00
sellingAndMarketingExpenses,,,,,,,,,,,,,,,,,,,,,,,,,,,,,,,,,,,,,,,,,,,,,,,,,,,,,,,,,,,,,,,,,,,,,,,,,,,
grossProfit,2481000.00,11240000.00,11170000.00,-2526000.00,11038000.00,9236000.00,4447000.00,13761000.00,10396000.00,8460000.00,12231000.00,161000.00,7065000.00,11480000.00,-176346000.00,9082000.00,14022000.00,12036000.00,12352000.00,11005000.00,10417000.00,11840000.00,3353000.00,9019000.00,3862000.00,17121000.00,15962000.00,53307000.00,-13575000.00,23516000.00,24572000.00,124182000.00,25633000.00,30723000.00,37429000.00,30826000.00,30154000.00,32574000.00,26837000.00,9902000.00,34134000.00,17222000.00,26558000.00,118376000.00,35585000.00,27388000.00,28839000.00,25211000.00,23415000.00,25144000.00,20812000.00,27207000.00,25276000.00,17571000.00,12987000.00,27317000.00,9625000.00,-10135000.00,11781000.00,11037000.00,13144000.00,12798000.00,10730000.00,12997000.00,13905000.00,12464000.00,12635000.00,8430000.00,-117000.00,8241000.00,7271000.00,7504000.00,6193000.00,-14000.00,
reconciledDepreciation,1313000.00,1312000.00,1371000.00,400000.00,1727000.00,1856000.00,3508000.00,2045000.00,3053000.00,6524000.00,2366000.00,2226000.00,1804000.00,1747000.00,747000.00,1515000.00,591000.00,847000.00,446000.00,989000.00,939000.00,64000.00,916000.00,1387000.00,1092000.00,1020000.00,-349000.00,-20929000.00,381000.00,3438000.00,652000.00,9578000.00,4550000.00,4926000.00,646000.00,-1044000.00,1134000.00,1823000.00,836000.00,815000.00,903000.00,1000000.00,1198000.00,1912000.00,1248000.00,1743000.00,982000.00,1754000.00,1885000.00,606000.00,374000.00,1889000.00,1656000.00,1152000.00,181000.00,183000.00,149000.00,836000.00,187000.00,192000.00,996000.00,1332000.00,863000.00,1624000.00,720000.00,853000.00,891000.00,1132000.00,1167000.00,675000.00,760000.00,1016000.00,,,
ebit,6163000.00,36577000.00,32325000.00,26099000.00,28425000.00,21291000.00,17271000.00,26771000.00,9606000.00,32341000.00,26780000.00,38083000.00,22984000.00,-19113000.00,-177395000.00,28041000.00,35852000.00,31312000.00,27950000.00,30373000.00,26849000.00,24944000.00,15365000.00,14938000.00,38041000.00,23789000.00,24467000.00,-16167000.00,-19155000.00,22671000.00,30655000.00,5979000.00,31925000.00,-1869000.00,32323000.00,23248000.00,24797000.00,29262000.00,27169000.00,22854000.00,36600000.00,21205000.00,25824000.00,39822000.00,30706000.00,25765000.00,25160000.00,9672000.00,22148000.00,16131000.00,20196000.00,137000.00,24140000.00,22758000.00,9343000.00,21689000.00,20731000.00,7621000.00,1725000.00,11240000.00,18719000.00,13805000.00,32540000.00,33839000.00,20351000.00,40058000.00,36228000.00,30067000.00,28454000.00,32585000.00,26352000.00,24226000.00,0.00,-14000.00,
ebitda,7476000.00,37889000.00,33696000.00,26499000.00,30152000.00,23147000.00,20779000.00,28816000.00,12659000.00,38865000.00,29146000.00,40309000.00,22996000.00,-19106000.00,-177380000.00,28049000.00,35860000.00,31319000.00,27974000.00,30382000.00,26885000.00,24963000.00,15378000.00,14951000.00,38067000.00,23821000.00,24118000.00,-15835000.00,-18774000.00,23175000.00,31296000.00,9023000.00,32553000.00,-1248000.00,32888000.00,23827000.00,25359000.00,30022000.00,28005000.00,23668000.00,37504000.00,22204000.00,26962000.00,41733000.00,31955000.00,27129000.00,26521000.00,11426000.00,24004000.00,16887000.00,20449000.00,2026000.00,25798000.00,23443000.00,9524000.00,21872000.00,20880000.00,8457000.00,1912000.00,11432000.00,19715000.00,15137000.00,33403000.00,35463000.00,21071000.00,40911000.00,37119000.00,31199000.00,29621000.00,33260000.00,27112000.00,25242000.00,19371000.00,10210000.00,162000.00
depreciationAndAmortization,1313000.00,1312000.00,1371000.00,400000.00,1727000.00,1856000.00,3508000.00,2045000.00,3053000.00,6524000.00,2366000.00,2226000.00,12000.00,7000.00,15000.00,8000.00,8000.00,7000.00,24000.00,9000.00,36000.00,19000.00,13000.00,13000.00,26000.00,32000.00,-349000.00,332000.00,381000.00,504000.00,641000.00,3044000.00,628000.00,621000.00,565000.00,579000.00,562000.00,760000.00,836000.00,814000.00,904000.00,999000.00,1138000.00,1911000.00,1249000.00,1364000.00,1361000.00,1754000.00,1856000.00,756000.00,253000.00,1889000.00,1658000.00,685000.00,181000.00,183000.00,149000.00,836000.00,187000.00,192000.00,996000.00,1332000.00,863000.00,1624000.00,720000.00,853000.00,891000.00,1132000.00,1167000.00,675000.00,760000.00,1016000.00,,10224000.00,
nonOperatingIncomeNetOther,,242000.00,855000.00,485000.00,2000000.00,175000.00,338000.00,317000.00,-8935000.00,219000.00,1093000.00,758000.00,-3141000.00,-1720000.00,-189234000.00,-2076000.00,52000.00,-1245000.00,-1000.00,-388000.00,-798000.00,1574000.00,-5593000.00,-877000.00,28518000.00,9406000.00,7103000.00,,-7785000.00,9825000.00,7192000.00,,5215000.00,,,,,,,,,,,,,,,,1216000.00,-4105000.00,,,,,,,,,,,,,,,,,,,,,,,,,
operatingIncome,7454000.00,5450000.00,32325000.00,26099000.00,28425000.00,21291000.00,17271000.00,26771000.00,9606000.00,32341000.00,26780000.00,-197713000.00,8159000.00,-33400000.00,-196476000.00,36217000.00,12620000.00,9003000.00,8170000.00,27306000.00,8260000.00,9189000.00,-137000.00,2523000.00,29209000.00,12543000.00,10673000.00,215000.00,-25553000.00,1041000.00,14783000.00,5982000.00,12926000.00,-19797000.00,19817000.00,12675000.00,24797000.00,17702000.00,18722000.00,1166000.00,24117000.00,8542000.00,12628000.00,1319000.00,22439000.00,16450000.00,14481000.00,-31791000.00,16996000.00,9219000.00,5576000.00,-9374000.00,14053000.00,13362000.00,1511000.00,-1929000.00,11528000.00,-5127000.00,2171000.00,-7643000.00,55000.00,-5119000.00,9392000.00,3868000.00,-13915000.00,9836000.00,12078000.00,6792000.00,-2401000.00,6066000.00,5150000.00,4900000.00,19371000.00,-14000.00,162000.00
otherOperatingExpenses,16552000.00,18172000.00,19625000.00,49956000.00,17450000.00,2123000.00,2838000.00,11602000.00,2664000.00,2716000.00,3153000.00,14335000.00,5295000.00,46396000.00,22161000.00,21663000.00,4037000.00,5335000.00,6392000.00,24049000.00,5481000.00,6037000.00,6054000.00,33789000.00,9569000.00,7115000.00,8575000.00,77032000.00,50646000.00,28271000.00,16051000.00,48137000.00,15994000.00,54535000.00,4806000.00,15263000.00,11586000.00,11896000.00,8105000.00,16110000.00,3523000.00,3624000.00,3937000.00,12746000.00,1882000.00,2276000.00,7023000.00,15487000.00,1905000.00,2119000.00,2117000.00,16059000.00,2870000.00,2423000.00,1464000.00,12438000.00,1149000.00,1530000.00,1369000.00,13415000.00,1194000.00,1007000.00,1147000.00,13415000.00,2776000.00,891000.00,1249000.00,3376000.00,923000.00,877000.00,687000.00,2604000.00,13178000.00,0.00,162000.00
interestExpense,33555000.00,32442000.00,31375000.00,28733000.00,22939000.00,15745000.00,14907000.00,14615000.00,14534000.00,18702000.00,13724000.00,14034000.00,13033000.00,12547000.00,18394000.00,20149000.00,22712000.00,21581000.00,19395000.00,19751000.00,17322000.00,16159000.00,14384000.00,15203000.00,13853000.00,14347000.00,14254000.00,13346000.00,14120000.00,18636000.00,15771000.00,17721000.00,16906000.00,15803000.00,14902000.00,13726000.00,11589000.00,10610000.00,9637000.00,26949000.00,11762000.00,11134000.00,11165000.00,17332000.00,8268000.00,8936000.00,8443000.00,9261000.00,7175000.00,7062000.00,6933000.00,9511000.00,10089000.00,8929000.00,7937000.00,9599000.00,9203000.00,12748000.00,13877000.00,18883000.00,18664000.00,18924000.00,23148000.00,30309000.00,34266000.00,30222000.00,26789000.00,23275000.00,30855000.00,26519000.00,21202000.00,19326000.00,15595000.00,7930000.00,210000.00
taxProvision,0.00,134000.00,-5000.00,56000.00,0.00,0.00,280000.00,0.00,0.00,0.00,0.00,0.00,0.00,0.00,0.00,0.00,0.00,0.00,0.00,,,,,,,,,,,,,,,,,,,,,,,,,,,,,,,,,,,,,,,,,,,,,,,,,,,,,,,,
interestIncome,48208000.00,47148000.00,45329000.00,42514000.00,34065000.00,27019000.00,22676000.00,26504000.00,23986000.00,25793000.00,24749000.00,23072000.00,24638000.00,27243000.00,33290000.00,34524000.00,39292000.00,37138000.00,33932000.00,,,,,,,,,,,,,,,,,,,,,,,,,,,,,,,,,,,,,,,,,,,,,,,,,,,,,,,,
netInterestIncome,14653000.00,14706000.00,13954000.00,13781000.00,11126000.00,11274000.00,7769000.00,11889000.00,9452000.00,7091000.00,11025000.00,9038000.00,11605000.00,14696000.00,14896000.00,14375000.00,16580000.00,15557000.00,14537000.00,,,,,,,,,,,,,,,,,,,,,,,,,,,,,,,,,,,,,,,,,,,,,,,,,,,,,,,,
extraordinaryItems,,,,,,,,0.00,,,,,,,-45000.00,-39000.00,-63000.00,-112000.00,-37000.00,-40000.00,0.00,0.00,0.00,0.00,0.00,0.00,0.00,0.00,0.00,0.00,0.00,0.00,0.00,0.00,0.00,0.00,0.00,0.00,0.00,0.00,0.00,0.00,0.00,0.00,0.00,0.00,0.00,0.00,0.00,0.00,0.00,0.00,0.00,0.00,0.00,0.00,0.00,0.00,0.00,0.00,0.00,0.00,0.00,0.00,0.00,0.00,0.00,0.00,0.00,0.00,0.00,0.00,0.00,0.00,
nonRecurring,,,,,,,,,,,,,,,,,,,,0.00,0.00,0.00,0.00,0.00,0.00,0.00,177000.00,0.00,25297000.00,0.00,0.00,0.00,0.00,0.00,0.00,0.00,0.00,0.00,0.00,0.00,0.00,0.00,0.00,0.00,0.00,0.00,0.00,0.00,0.00,0.00,0.00,0.00,0.00,0.00,0.00,0.00,0.00,0.00,0.00,0.00,0.00,0.00,0.00,0.00,0.00,0.00,0.00,0.00,0.00,0.00,0.00,0.00,0.00,0.00,
otherItems,,,,,,,,,,,,,,,,,,,,0.00,0.00,0.00,0.00,0.00,0.00,0.00,0.00,0.00,0.00,0.00,0.00,0.00,0.00,0.00,0.00,0.00,0.00,0.00,0.00,0.00,0.00,0.00,0.00,0.00,0.00,0.00,0.00,0.00,0.00,0.00,0.00,0.00,0.00,0.00,0.00,0.00,0.00,0.00,0.00,0.00,0.00,0.00,0.00,0.00,0.00,0.00,0.00,0.00,0.00,0.00,0.00,0.00,0.00,0.00,
incomeTaxExpense,-1449000.00,134000.00,-5000.00,56000.00,22939000.00,15745000.00,280000.00,14615000.00,,,,-45000.00,14825000.00,14287000.00,45000.00,251000.00,63000.00,112000.00,37000.00,-312000.00,-364000.00,1000.00,-32000.00,675000.00,4464000.00,-25000.00,1499000.00,1434000.00,12283000.00,-3488000.00,763000.00,-1224000.00,-1796000.00,2918000.00,1847000.00,-1545000.00,-237000.00,-446000.00,16000.00,-5262000.00,722000.00,1737000.00,1762000.00,7624000.00,3979000.00,384000.00,2615000.00,24163000.00,1289000.00,1171000.00,1809000.00,28821000.00,4068000.00,1132000.00,105000.00,-5751000.00,6000.00,44000.00,-45000.00,-375000.00,-33000.00,138000.00,29000.00,5360000.00,8450000.00,27944000.00,24150000.00,8815000.00,-9771000.00,-1441000.00,-2394000.00,19326000.00,-3776000.00,-2294000.00,48000.00
totalRevenue,12187000.00,21732000.00,20030000.00,21229000.00,21137000.00,18398000.00,9241000.00,13761000.00,10396000.00,8460000.00,12231000.00,161000.00,7065000.00,11480000.00,-176346000.00,9082000.00,14022000.00,12036000.00,12352000.00,11005000.00,10417000.00,11840000.00,3353000.00,9019000.00,3862000.00,17121000.00,15962000.00,18798000.00,-13574000.00,23517000.00,24575000.00,30374000.00,25666000.00,30747000.00,37452000.00,30826000.00,30154000.00,32574000.00,26837000.00,9902000.00,35530000.00,18125000.00,28004000.00,29281000.00,36623000.00,28194000.00,28839000.00,25211000.00,24039000.00,26133000.00,21984000.00,27207000.00,27425000.00,19132000.00,13806000.00,27317000.00,10364000.00,-9046000.00,12745000.00,13948000.00,13917000.00,13462000.00,11522000.00,12997000.00,14677000.00,13005000.00,13327000.00,10311000.00,363000.00,8545000.00,7532000.00,7504000.00,6193000.00,-14000.00,
totalOperatingExpenses,6846000.00,7680000.00,2129000.00,2366000.00,2060000.00,2123000.00,2838000.00,11602000.00,2664000.00,2716000.00,3153000.00,14335000.00,5295000.00,46396000.00,22161000.00,21663000.00,4037000.00,5335000.00,6392000.00,24049000.00,5481000.00,6037000.00,6054000.00,33789000.00,9569000.00,7115000.00,8575000.00,77023000.00,50645000.00,28270000.00,16048000.00,48080000.00,15961000.00,54511000.00,4783000.00,15263000.00,11586000.00,11896000.00,8105000.00,16110000.00,2127000.00,2721000.00,2491000.00,8046000.00,844000.00,1470000.00,7023000.00,15487000.00,1281000.00,1130000.00,945000.00,16059000.00,721000.00,862000.00,645000.00,12438000.00,410000.00,441000.00,405000.00,10504000.00,421000.00,343000.00,355000.00,13415000.00,2004000.00,350000.00,557000.00,1495000.00,443000.00,573000.00,426000.00,-2604000.00,13178000.00,0.00,162000.00
costOfRevenue,9706000.00,10492000.00,8860000.00,23755000.00,10099000.00,9162000.00,4794000.00,16299000.00,16234000.00,20081000.00,15050000.00,15360000.00,14317000.00,13874000.00,20511000.00,22241000.00,25240000.00,23832000.00,21478000.00,22563000.00,5481000.00,6037000.00,6054000.00,8529000.00,9570000.00,7115000.00,8575000.00,-34509000.00,1000.00,1000.00,3000.00,-93808000.00,33000.00,24000.00,23000.00,21410000.00,15447000.00,16853000.00,11285000.00,19492000.00,1396000.00,903000.00,1446000.00,-89095000.00,1038000.00,806000.00,11630000.00,14784000.00,624000.00,989000.00,1172000.00,25200000.00,2149000.00,1561000.00,819000.00,20538000.00,739000.00,1089000.00,964000.00,2911000.00,773000.00,664000.00,792000.00,9391000.00,772000.00,541000.00,692000.00,1881000.00,480000.00,304000.00,261000.00,2604000.00,2417000.00,2175000.00,
totalOtherIncomeExpenseNet,113000.00,242000.00,-30037000.00,-28709000.00,-22939000.00,-15769000.00,-14907000.00,-14615000.00,-14534000.00,-18702000.00,-13724000.00,221717000.00,,,,-29793000.00,52000.00,-1245000.00,-1000.00,-17624000.00,-798000.00,1000.00,-32000.00,-878000.00,4464000.00,-25000.00,1499000.00,16957000.00,-7785000.00,9825000.00,7192000.00,-34934000.00,5215000.00,10537000.00,262000.00,-1545000.00,-10703000.00,-446000.00,-1246000.00,-5262000.00,722000.00,1737000.00,1762000.00,28335000.00,-3979000.00,-6238000.00,2615000.00,71467000.00,-5310000.00,-8967000.00,7566000.00,35265000.00,-8258000.00,7185000.00,-8468000.00,-36786000.00,4286000.00,-14628000.00,-22357000.00,-32788000.00,-10189000.00,-15426000.00,-1320000.00,-37205000.00,-25816000.00,-2278000.00,-2639000.00,35944000.00,-40626000.00,-27960000.00,-23596000.00,0.00,0.00,0.00,
discontinuedOperations,,,,,,,,,,,,,,,-45000.00,-39000.00,-63000.00,-112000.00,-37000.00,-40000.00,364000.00,-450000.00,247000.00,-8029000.00,-1903000.00,-4184000.00,0.00,-19260000.00,0.00,0.00,0.00,6104000.00,0.00,0.00,0.00,2583000.00,0.00,0.00,0.00,0.00,0.00,0.00,0.00,0.00,0.00,0.00,0.00,0.00,0.00,0.00,0.00,0.00,0.00,0.00,0.00,0.00,0.00,0.00,0.00,0.00,0.00,0.00,0.00,0.00,0.00,0.00,0.00,0.00,0.00,0.00,0.00,0.00,0.00,0.00,
netIncomeFromContinuingOps,7567000.00,5558000.00,2293000.00,-2610000.00,5486000.00,5522000.00,2364000.00,12156000.00,-4928000.00,13639000.00,13056000.00,24004000.00,8159000.00,-33400000.00,-196476000.00,6424000.00,12620000.00,9003000.00,8170000.00,9682000.00,8260000.00,9190000.00,-169000.00,-4772000.00,29209000.00,12543000.00,10673000.00,-11334000.00,-33338000.00,1041000.00,14783000.00,11079000.00,12926000.00,0.00,0.00,59585000.00,0.00,0.00,0.00,0.00,0.00,0.00,0.00,0.00,0.00,0.00,0.00,0.00,14944000.00,9219000.00,0.00,0.00,0.00,0.00,0.00,0.00,0.00,0.00,0.00,0.00,0.00,0.00,0.00,0.00,0.00,0.00,0.00,0.00,0.00,0.00,0.00,0.00,0.00,0.00,
netIncomeApplicableToCommonShares,2870000.00,817000.00,-2416000.00,-7431000.00,713000.00,666000.00,-2771000.00,7302000.00,-9805000.00,10071000.00,10468000.00,21462000.00,5571000.00,-35987000.00,-199109000.00,3798000.00,9969000.00,6304000.00,5545000.00,7367000.00,6036000.00,6152000.00,-12582000.00,-12131000.00,12644000.00,2464000.00,2700000.00,-52956000.00,-51573000.00,-1536000.00,9673000.00,1623000.00,6778000.00,-9402000.00,9402000.00,6906000.00,7328000.00,14677000.00,15116000.00,17111000.00,22121000.00,6533000.00,11526000.00,14141000.00,18152000.00,16425000.00,14481000.00,411000.00,14944000.00,9219000.00,13142000.00,5394000.00,14053000.00,13362000.00,1406000.00,12090000.00,11528000.00,0.00,0.00,-88000.00,88000.00,-9363000.00,9363000.00,3530000.00,-9836000.00,9836000.00,9439000.00,6792000.00,-6067000.00,6067000.00,5150000.00,4900000.00,3776000.00,2280000.00,
preferredStockAndOtherAdjustments,,,,,,,,,,,,,,,,,,,,,,,7482000.00,3803000.00,,,,,6015000.00,6125000.00,4437000.00,,6115000.00,,,,,,,,,,,,,,,,,,,,,,,,,,,,,,,,,,,,,,,,,,
