,2023-09-30,2023-06-30,2023-03-31,2022-12-31,2022-09-30,2022-06-30,2022-03-31,2021-12-31,2021-09-30,2021-06-30,2021-03-31,2020-12-31,2020-09-30,2020-06-30,2020-03-31,2019-12-31,2019-09-30,2019-06-30,2019-03-31,2018-12-31,2018-09-30,2018-06-30,2018-03-31,2017-12-31,2017-09-30,2017-06-30,2017-03-31,2016-12-31,2016-09-30,2016-06-30,2016-03-31,2015-12-31,2015-09-30,2015-06-30,2015-03-31,2014-12-31,2014-09-30,2014-06-30,2014-03-31,2013-12-31,2013-09-30,2013-06-30,2013-03-31,2012-12-31,2012-09-30,2012-06-30,2012-03-31,2011-12-31,2011-09-30,2011-06-30,2011-03-31,2010-12-31,2010-09-30,2010-06-30,2010-03-31,2009-12-31,2009-09-30,2008-12-31
date,2023-09-30,2023-06-30,2023-03-31,2022-12-31,2022-09-30,2022-06-30,2022-03-31,2021-12-31,2021-09-30,2021-06-30,2021-03-31,2020-12-31,2020-09-30,2020-06-30,2020-03-31,2019-12-31,2019-09-30,2019-06-30,2019-03-31,2018-12-31,2018-09-30,2018-06-30,2018-03-31,2017-12-31,2017-09-30,2017-06-30,2017-03-31,2016-12-31,2016-09-30,2016-06-30,2016-03-31,2015-12-31,2015-09-30,2015-06-30,2015-03-31,2014-12-31,2014-09-30,2014-06-30,2014-03-31,2013-12-31,2013-09-30,2013-06-30,2013-03-31,2012-12-31,2012-09-30,2012-06-30,2012-03-31,2011-12-31,2011-09-30,2011-06-30,2011-03-31,2010-12-31,2010-09-30,2010-06-30,2010-03-31,2009-12-31,2009-09-30,2008-12-31
filing_date,2023-10-27,2023-07-28,2023-04-28,2023-02-10,2022-10-28,2022-07-29,2022-04-29,2022-02-11,2021-10-29,2021-07-30,2021-04-30,2021-02-16,2020-10-30,2020-07-31,2020-05-01,2020-02-14,2019-11-01,2019-08-02,2019-05-03,2019-02-15,2018-11-02,2018-08-03,2018-05-04,2018-02-16,2017-11-03,2017-08-04,2017-05-05,2017-02-17,2016-11-04,2016-07-29,2016-04-29,2016-02-19,2015-11-06,2015-07-31,2015-05-01,2015-02-20,2014-11-07,2014-08-01,2014-05-02,2014-02-21,2013-11-08,2013-08-02,2013-05-03,2013-02-22,2012-11-09,2012-08-03,2012-05-04,2012-03-09,2011-11-10,2011-08-12,2011-05-13,2011-03-30,2010-09-30,2010-06-30,2010-03-31,2009-12-31,2009-09-30,
currency_symbol,USD,USD,USD,USD,USD,USD,USD,USD,USD,USD,USD,USD,USD,USD,USD,USD,USD,USD,USD,USD,USD,USD,USD,USD,USD,USD,USD,USD,USD,USD,USD,USD,USD,USD,USD,USD,USD,USD,USD,USD,USD,USD,USD,USD,USD,USD,USD,USD,USD,USD,USD,USD,USD,USD,USD,USD,USD,USD
totalAssets,3010719000.00,3012460000.00,3020224000.00,2987881000.00,3008577000.00,3007190000.00,3011134000.00,3017927000.00,3051070000.00,3045531000.00,3049346000.00,2817309000.00,2844114000.00,2846282000.00,2756185000.00,2790333000.00,2788958000.00,2718758000.00,2217048000.00,2198250000.00,2196776000.00,2186040000.00,2213566000.00,2259864000.00,2275618000.00,2171176000.00,2115341000.00,1986933000.00,1989228000.00,1971913000.00,1977826000.00,1978419000.00,1996075000.00,1974313000.00,1966149000.00,1941762000.00,1938660000.00,1892423000.00,1878958000.00,1832443000.00,1840846000.00,1836759000.00,1824470000.00,1827587000.00,1860937000.00,1713448000.00,1722471000.00,1709281000.00,1724761000.00,1722765000.00,1652482000.00,1117357000.00,1103713000.00,1099549000.00,,938991000.00,,971118000.00
intangibleAssets,59905000.00,61096000.00,62076000.00,64234000.00,65869000.00,68588000.00,71114000.00,70268000.00,71911000.00,63174000.00,65108000.00,67066000.00,69842000.00,72792000.00,75533000.00,76839000.00,77498000.00,79928000.00,38046000.00,38589000.00,30044000.00,29845000.00,30002000.00,30409000.00,31894000.00,29843000.00,29183000.00,30260000.00,31516000.00,33302000.00,35336000.00,37094000.00,38402000.00,40073000.00,41637000.00,43671000.00,43279000.00,45291000.00,47294000.00,50659000.00,52834000.00,56561000.00,61025000.00,46751000.00,49816000.00,41872000.00,812000.00,46646000.00,51954000.00,46403000.00,50857000.00,22695000.00,25278000.00,,,19671000.00,,24840000.00
earningAssets,,,,,,,,,,,,,,,,,,,,,,,,,,,,,,,,,,,,,,,,,,,,,,,,,,,,,,,,,,
otherCurrentAssets,,,,,9633000.00,10446000.00,9004000.00,9136000.00,10511000.00,14956000.00,9503000.00,10418000.00,7987000.00,11189000.00,4457000.00,10148000.00,10494000.00,9702000.00,9777000.00,9316000.00,9918000.00,9385000.00,9889000.00,9344000.00,10124000.00,9211000.00,9836000.00,9950000.00,10246000.00,9450000.00,9295000.00,11623000.00,25208000.00,11311000.00,10252000.00,10994000.00,11835000.00,10766000.00,10568000.00,9124000.00,10065000.00,9206000.00,8803000.00,7421000.00,39643000.00,38200000.00,35252000.00,32510000.00,31552000.00,29742000.00,26902000.00,46862000.00,47572000.00,4675000.00,,38647000.00,,646000.00
totalLiab,1842069000.00,1836344000.00,1840498000.00,1802356000.00,1810854000.00,1807222000.00,1805247000.00,1807804000.00,1832379000.00,1818385000.00,1813907000.00,1563903000.00,1578132000.00,1569794000.00,1475164000.00,1496661000.00,1490734000.00,1426836000.00,1411715000.00,1395779000.00,1381285000.00,1368405000.00,1384233000.00,1415720000.00,1427067000.00,1318813000.00,1253632000.00,1148382000.00,1174716000.00,1166015000.00,1157425000.00,1149492000.00,1163562000.00,1164031000.00,1198595000.00,1175186000.00,1167689000.00,1154730000.00,1156482000.00,1145865000.00,1149602000.00,1140235000.00,1145314000.00,1141858000.00,1205640000.00,1051045000.00,1051286000.00,1029553000.00,1034288000.00,1025510000.00,944267000.00,962236000.00,949834000.00,944335000.00,,768028000.00,,781944000.00
totalStockholderEquity,1209296000.00,1214732000.00,1217129000.00,1221265000.00,1230358000.00,1231702000.00,1235940000.00,1238964000.00,1245039000.00,1251383000.00,1257599000.00,1271442000.00,1280939000.00,1300953000.00,1304242000.00,1313917000.00,1317270000.00,1309744000.00,807251000.00,802977000.00,812419000.00,813797000.00,823040000.00,833710000.00,836460000.00,839065000.00,834881000.00,809556000.00,792404000.00,783415000.00,793625000.00,799562000.00,801963000.00,780725000.00,737492000.00,735303000.00,738223000.00,704305000.00,686454000.00,648511000.00,651787000.00,655044000.00,634078000.00,638361000.00,610814000.00,614781000.00,620468000.00,626031000.00,633092000.00,637445000.00,644645000.00,121874000.00,120292000.00,118929000.00,,133173000.00,,148864000.00
deferredLongTermLiab,,,,,39687000.00,42669000.00,,39184000.00,38863000.00,38016000.00,39065000.00,39167000.00,41238000.00,43053000.00,45696000.00,46398000.00,43390000.00,42606000.00,29571000.00,29543000.00,23465000.00,22677000.00,21970000.00,21549000.00,0.00,0.00,0.00,18444000.00,0.00,0.00,0.00,19461000.00,0.00,0.00,0.00,25585000.00,0.00,0.00,0.00,0.00,0.00,0.00,0.00,0.00,0.00,0.00,0.00,0.00,0.00,0.00,,,,,,,,
otherCurrentLiab,8952000.00,8680000.00,-1709228000.00,-22018000.00,-23356000.00,-1672438000.00,-1667132000.00,-1671931000.00,7996000.00,6728000.00,6629000.00,-25977000.00,-24664000.00,-23637000.00,8346000.00,8316000.00,7855000.00,-16468000.00,-11370000.00,-10183000.00,-7263000.00,-8773000.00,-6758000.00,6570000.00,6736000.00,6779000.00,6195000.00,-4634000.00,6098000.00,6072000.00,-3207000.00,-4566000.00,-2967000.00,-3633000.00,-4074000.00,5521000.00,5276000.00,5323000.00,5222000.00,-3488000.00,5010000.00,5093000.00,5067000.00,4856000.00,,,,-15799000.00,,,,14292000.00,12883000.00,11096000.00,,9555000.00,,
commonStock,607000.00,607000.00,607000.00,607000.00,605000.00,605000.00,605000.00,605000.00,605000.00,605000.00,605000.00,605000.00,603000.00,601000.00,601000.00,601000.00,599000.00,597000.00,475000.00,474000.00,473000.00,473000.00,473000.00,473000.00,471000.00,471000.00,464000.00,457000.00,456000.00,454000.00,454000.00,454000.00,454000.00,449000.00,438000.00,437000.00,436000.00,426000.00,419000.00,405000.00,405000.00,405000.00,397000.00,397000.00,393000.00,393000.00,393000.00,393000.00,393000.00,393000.00,393000.00,,,,,,,
capitalStock,607000.00,607000.00,607000.00,607000.00,605000.00,605000.00,605000.00,605000.00,605000.00,605000.00,,,,,,,,,,,,,,,,,,,,,,,,,,,,,,,,,,,,,,,,,,,,,,,,
retainedEarnings,-270817000.00,-262745000.00,-254879000.00,-251167000.00,-241549000.00,-235107000.00,-226474000.00,-217785000.00,-207910000.00,-199956000.00,-192098000.00,-176560000.00,-164462000.00,-154516000.00,-150226000.00,-144378000.00,-139307000.00,-135497000.00,-130841000.00,-128778000.00,-122293000.00,-120008000.00,-110550000.00,-97280000.00,-91695000.00,-88595000.00,-81921000.00,-77296000.00,-74328000.00,-71433000.00,-67724000.00,-64066000.00,-60976000.00,-64024000.00,-62409000.00,-60291000.00,-57269000.00,-54186000.00,-48619000.00,-44090000.00,-40007000.00,-35868000.00,-30584000.00,-25625000.00,-46004000.00,-40699000.00,-34269000.00,-28007000.00,-20233000.00,-15168000.00,-612000.00,,,,,,,
otherLiab,,,,,91063000.00,91383000.00,87422000.00,94070000.00,94801000.00,89843000.00,61602000.00,97890000.00,62809000.00,64745000.00,67110000.00,69729000.00,61764000.00,61544000.00,54413000.00,57590000.00,56022000.00,58045000.00,57031000.00,52508000.00,53958000.00,52678000.00,53723000.00,54186000.00,68059000.00,69324000.00,59471000.00,57754000.00,58103000.00,59563000.00,61522000.00,61295000.00,61035000.00,62765000.00,63503000.00,63395000.00,63949000.00,64331000.00,64928000.00,67667000.00,66622000.00,59190000.00,60422000.00,60598000.00,62619000.00,61224000.00,63696000.00,56090000.00,48551000.00,,,16384000.00,,17757000.00
goodWill,,,,,,,,,,,,,,,,,,,,,,0.00,0.00,0.00,0.00,0.00,0.00,0.00,0.00,0.00,0.00,0.00,0.00,0.00,0.00,0.00,0.00,0.00,0.00,0.00,0.00,0.00,0.00,0.00,0.00,0.00,0.00,0.00,0.00,0.00,,,,,,,,
otherAssets,2823853000.00,1620000.00,1782000.00,2843270000.00,2848205000.00,2851643000.00,2844134000.00,2870958000.00,3043649000.00,2670683000.00,39065000.00,2673038000.00,41238000.00,43053000.00,45696000.00,46398000.00,43390000.00,9702000.00,29571000.00,29543000.00,23465000.00,22677000.00,21970000.00,2119068000.00,2124024000.00,2086178000.00,1869282000.00,1884400000.00,1870136000.00,1872955000.00,1878305000.00,1880931000.00,1884844000.00,1885324000.00,1859019000.00,1828801000.00,1789314000.00,1763902000.00,1749255000.00,1731237000.00,1725815000.00,1725957000.00,1733986000.00,1738393000.00,1780301000.00,1547380000.00,1554928000.00,1525776000.00,1533866000.00,1563006000.00,1485010000.00,1021399000.00,1014565000.00,,,867693000.00,,905025000.00
cash,89968000.00,84709000.00,87328000.00,49571000.00,63431000.00,60750000.00,73573000.00,139524000.00,171923000.00,368266000.00,380434000.00,137333000.00,155327000.00,146131000.00,52371000.00,99303000.00,115568000.00,44778000.00,54538000.00,47956000.00,56220000.00,51326000.00,55336000.00,82610000.00,94207000.00,31380000.00,190110000.00,44801000.00,61959000.00,43886000.00,44007000.00,39925000.00,40158000.00,34949000.00,54639000.00,59357000.00,95145000.00,78859000.00,79486000.00,48987000.00,65722000.00,63340000.00,43972000.00,42479000.00,34917000.00,98584000.00,100652000.00,112723000.00,123222000.00,92535000.00,100396000.00,41953000.00,37363000.00,31592000.00,,24189000.00,,18978000.00
cashAndEquivalents,89968000.00,84709000.00,87328000.00,49571000.00,63431000.00,60750000.00,73573000.00,139524000.00,171923000.00,368266000.00,,,,,,,,,,,,,,,,,,,,,,,,,,,,,,,,,,,,,,,,,,,,,,,,
totalCurrentLiabilities,79922000.00,71641000.00,74785000.00,108748000.00,115071000.00,74853000.00,77077000.00,72386000.00,96847000.00,87019000.00,77855000.00,165003000.00,177416000.00,172413000.00,75694000.00,70892000.00,71060000.00,156099000.00,147700000.00,117797000.00,83558000.00,68511000.00,85221000.00,44639000.00,54843000.00,47663000.00,45344000.00,58515000.00,48705000.00,39281000.00,63079000.00,67777000.00,81587000.00,81016000.00,80919000.00,56382000.00,58507000.00,44208000.00,45470000.00,135226000.00,46266000.00,36378000.00,40666000.00,34365000.00,180432000.00,32191000.00,30723000.00,30266000.00,32433000.00,24309000.00,24631000.00,14292000.00,18772000.00,17592000.00,,9555000.00,,
currentDeferredRevenue,28618000.00,30519000.00,30452000.00,30717000.00,32177000.00,31452000.00,26384000.00,30583000.00,29217000.00,28548000.00,31527000.00,32567000.00,31194000.00,31322000.00,32159000.00,33872000.00,25663000.00,24375000.00,18949000.00,19027000.00,16011000.00,17485000.00,15441000.00,12857000.00,12759000.00,11198000.00,11601000.00,10748000.00,10364000.00,9791000.00,9272000.00,10522000.00,8748000.00,9533000.00,9948000.00,9821000.00,9257000.00,8846000.00,9229000.00,8651000.00,7800000.00,6221000.00,5389000.00,6446000.00,,,,490000.00,,,,490000.00,,,,,,
netDebt,1598985000.00,1603577000.00,1600287000.00,1598517000.00,1584005000.00,1588755000.00,1575455000.00,1509679000.00,1476804000.00,1279985000.00,1267390000.00,1269418000.00,1251182000.00,1260010000.00,1254557000.00,1258356000.00,1242116000.00,1257137000.00,1240297000.00,1242816000.00,1214468000.00,1219368000.00,1228359000.00,1242410000.00,1230594000.00,1193606000.00,970385000.00,1016729000.00,1001915000.00,1019420000.00,1016759000.00,1019818000.00,1014291000.00,1024184000.00,1027170000.00,1003454000.00,958045000.00,973988000.00,973012000.00,996187000.00,978395000.00,980959000.00,1000495000.00,1002203000.00,1070151000.00,865954000.00,864290000.00,830756000.00,820678000.00,851744000.00,759731000.00,852873000.00,853676000.00,863754000.00,,720262000.00,,
shortTermDebt,-28618000.00,-30519000.00,1687615000.00,34057000.00,33895000.00,1649505000.00,1649028000.00,1649203000.00,-29217000.00,-28548000.00,-31527000.00,99151000.00,99049000.00,98948000.00,-32159000.00,-33872000.00,-25663000.00,93540000.00,86438000.00,62337000.00,20235000.00,20133000.00,33031000.00,-12857000.00,-12759000.00,-11198000.00,-11601000.00,20000000.00,-10364000.00,-9791000.00,20000000.00,30000000.00,25000000.00,30000000.00,20000000.00,-9821000.00,-9257000.00,-8846000.00,-9229000.00,93000000.00,-7800000.00,-6221000.00,-5389000.00,-6446000.00,141000000.00,4874000.00,4801000.00,15309000.00,4664000.00,4302000.00,,15309000.00,5889000.00,6496000.00,,,,
shortLongTermDebt,,,,34057000.00,33895000.00,,,,,,,99151000.00,99049000.00,98948000.00,,,,,,,,1270694000.00,1283695000.00,1325030000.00,1325159000.00,1225503000.00,6195000.00,1062597000.00,6098000.00,6072000.00,,1057299000.00,,,,1064259000.00,,,,,,,,,,,,,,,,,,,,,,
shortLongTermDebtTotal,1688953000.00,1688286000.00,1687615000.00,1648088000.00,1647436000.00,1649505000.00,1649028000.00,1649203000.00,1648727000.00,1648251000.00,1647824000.00,1406751000.00,1406509000.00,1406141000.00,1306928000.00,1357659000.00,1357684000.00,1301915000.00,1294835000.00,1290772000.00,1270688000.00,1270694000.00,1283695000.00,1325020000.00,1324801000.00,1224986000.00,1160495000.00,1061530000.00,1063874000.00,1063306000.00,1060766000.00,1059743000.00,1054449000.00,1059133000.00,1081809000.00,1062811000.00,1053190000.00,1052847000.00,1052498000.00,1045174000.00,1044117000.00,1044299000.00,1044467000.00,1044682000.00,1105068000.00,964538000.00,964942000.00,943479000.00,943900000.00,944279000.00,860127000.00,894826000.00,891039000.00,895346000.00,,744451000.00,,
otherStockholderEquity,1467455000.00,1465346000.00,1463236000.00,1461201000.00,1458748000.00,1456747000.00,1454746000.00,1453272000.00,1450096000.00,1448612000.00,1447128000.00,1445644000.00,1443764000.00,1454516000.00,1453264000.00,1452014000.00,1450816000.00,1438768000.00,928792000.00,920661000.00,920324000.00,919598000.00,919793000.00,919066000.00,917334000.00,916695000.00,905304000.00,874597000.00,874859000.00,864675000.00,864038000.00,863432000.00,863515000.00,844639000.00,800081000.00,795065000.00,794432000.00,759158000.00,735175000.00,692196000.00,691389000.00,690507000.00,664265000.00,663589000.00,924265000.00,910572000.00,900061000.00,888240000.00,876556000.00,892823000.00,875241000.00,343871000.00,334759000.00,325655000.00,,327297000.00,,
propertyPlantEquipment,2715269000.00,2722207000.00,2729911000.00,2734556000.00,2735784000.00,2737426000.00,2731457000.00,2681981000.00,2680957000.00,2486060000.00,2509900000.00,2492734000.00,2498564000.00,2512073000.00,2521569000.00,2523475000.00,2514297000.00,2518923000.00,2046873000.00,2039853000.00,2035567000.00,2033994000.00,2054982000.00,2076707000.00,2081846000.00,2045964000.00,1823323000.00,1831546000.00,1833520000.00,1834520000.00,1837000000.00,1834862000.00,1837096000.00,1833714000.00,1806879000.00,1775400000.00,1738039000.00,1710026000.00,1692929000.00,1676836000.00,1665789000.00,1661955000.00,1664555000.00,1668182000.00,1698495000.00,1478731000.00,1480467000.00,1452681000.00,1456745000.00,1402584000.00,,,,,,,,
totalCurrentAssets,186866000.00,181099000.00,184473000.00,144611000.00,160372000.00,155547000.00,167000000.00,229693000.00,181060000.00,376564000.00,388181000.00,145987000.00,168576000.00,163632000.00,65449000.00,121467000.00,135623000.00,64584000.00,73452000.00,66561000.00,74483000.00,67829000.00,74022000.00,101823000.00,112980000.00,47074000.00,207504000.00,64081000.00,80809000.00,60083000.00,60888000.00,59066000.00,73517000.00,51981000.00,70663000.00,77078000.00,114532000.00,94565000.00,96331000.00,65406000.00,83366000.00,79884000.00,60254000.00,56340000.00,80636000.00,166068000.00,167543000.00,180315000.00,190895000.00,158666000.00,165049000.00,132208000.00,128579000.00,78498000.00,,104572000.00,,
longTermInvestments,,,,,,,,,,,,,,,,,,,,,,,,,,,,,,,,,,,,,,,,,,,,,,,,,,,,,,,,,,
netTangibleAssets,,1214732000.00,1217129000.00,1221265000.00,1230358000.00,1231702000.00,1235940000.00,1238964000.00,1245039000.00,1251383000.00,1229876000.00,1271442000.00,1280939000.00,1300953000.00,1304242000.00,1313917000.00,1317270000.00,1309744000.00,807251000.00,802977000.00,812419000.00,813797000.00,823040000.00,833710000.00,836460000.00,839065000.00,834881000.00,809556000.00,792404000.00,783415000.00,793625000.00,799562000.00,801963000.00,780725000.00,737492000.00,735303000.00,738223000.00,704305000.00,686454000.00,648511000.00,651787000.00,655044000.00,634078000.00,638361000.00,610814000.00,614781000.00,620468000.00,626031000.00,633092000.00,637445000.00,,,,,,,,
shortTermInvestments,,,,,,,,,,,,,,,,,,,,,9918000.00,9385000.00,9889000.00,9344000.00,10124000.00,9211000.00,9836000.00,9950000.00,10246000.00,9450000.00,9295000.00,11623000.00,25208000.00,11311000.00,10252000.00,10994000.00,11835000.00,10766000.00,10568000.00,9124000.00,10065000.00,9206000.00,8803000.00,7421000.00,10251000.00,24287000.00,26326000.00,28235000.00,29596000.00,31445000.00,32838000.00,1000000.00,5493000.00,,,4644000.00,,4527000.00
netReceivables,96898000.00,96390000.00,97145000.00,95040000.00,96941000.00,94797000.00,93427000.00,90169000.00,7421000.00,6582000.00,6031000.00,6938000.00,12018000.00,13544000.00,8621000.00,12016000.00,9561000.00,10104000.00,9137000.00,9289000.00,8345000.00,7118000.00,8797000.00,9869000.00,8649000.00,6483000.00,7558000.00,9330000.00,8604000.00,6747000.00,7586000.00,7518000.00,8151000.00,5721000.00,5772000.00,6727000.00,7552000.00,4940000.00,6277000.00,7295000.00,7579000.00,7338000.00,7479000.00,6440000.00,6076000.00,4997000.00,5313000.00,6847000.00,6525000.00,4944000.00,4913000.00,43393000.00,43644000.00,42231000.00,,41736000.00,,
longTermDebt,1688953000.00,1688286000.00,1687615000.00,1648088000.00,1647436000.00,1649505000.00,1649028000.00,1649203000.00,1648727000.00,1648251000.00,1647824000.00,1307600000.00,1307460000.00,1307193000.00,1306928000.00,1357659000.00,1357684000.00,1208375000.00,1208397000.00,1228435000.00,1250453000.00,1250561000.00,1250664000.00,1325020000.00,1324801000.00,1224986000.00,1160495000.00,1041530000.00,1063874000.00,1063306000.00,1040766000.00,1029743000.00,1029449000.00,1029133000.00,1081809000.00,1062811000.00,1053190000.00,1052847000.00,1052498000.00,952174000.00,1044117000.00,1044299000.00,1044467000.00,1044682000.00,964068000.00,964538000.00,964942000.00,943479000.00,943900000.00,944279000.00,860127000.00,872325000.00,891039000.00,,,716921000.00,,755189000.00
inventory,,,,,-9633000.00,-10446000.00,-9004000.00,-9136000.00,-8795000.00,-13240000.00,-7787000.00,-8702000.00,-6756000.00,-7232000.00,,,,,,,,0.00,0.00,0.00,0.00,0.00,0.00,0.00,0.00,0.00,0.00,0.00,0.00,0.00,0.00,0.00,0.00,0.00,0.00,0.00,0.00,0.00,0.00,0.00,0.00,0.00,0.00,0.00,0.00,0.00,,,,,,,,
accountsPayable,70970000.00,62961000.00,65946000.00,65992000.00,72355000.00,66334000.00,68797000.00,64531000.00,88851000.00,80291000.00,71226000.00,59262000.00,71837000.00,65780000.00,67348000.00,62576000.00,63205000.00,54652000.00,53683000.00,46616000.00,54575000.00,39666000.00,43507000.00,38069000.00,48107000.00,40884000.00,39149000.00,32401000.00,42607000.00,33209000.00,37014000.00,31821000.00,50806000.00,45116000.00,55045000.00,50861000.00,53231000.00,38885000.00,40248000.00,37063000.00,41256000.00,31285000.00,35599000.00,29509000.00,39432000.00,32191000.00,30723000.00,30266000.00,32433000.00,24309000.00,24631000.00,-15799000.00,10244000.00,,,7193000.00,,8998000.00
totalPermanentEquity,,,,,,,,,,,,,,,,,,,,,,817635000.00,829333000.00,844144000.00,848551000.00,852363000.00,861709000.00,838551000.00,814512000.00,805898000.00,0.00,0.00,0.00,0.00,0.00,0.00,0.00,0.00,0.00,0.00,0.00,0.00,679156000.00,685729000.00,0.00,0.00,0.00,0.00,0.00,0.00,,,,,,,,
noncontrollingInterestInConsolidatedEntity,,-38616000.00,-37403000.00,-35740000.00,-32635000.00,-31734000.00,-30053000.00,-28841000.00,-26348000.00,-24237000.00,-22160000.00,-18036000.00,-14957000.00,-24465000.00,-23221000.00,-20245000.00,-19046000.00,-17822000.00,-1918000.00,-506000.00,3072000.00,3838000.00,6293000.00,10434000.00,12091000.00,13298000.00,26828000.00,28995000.00,22108000.00,22483000.00,26776000.00,29365000.00,30550000.00,29557000.00,30062000.00,31273000.00,32748000.00,33388000.00,36022000.00,38067000.00,39457000.00,41480000.00,45078000.00,47368000.00,44483000.00,47622000.00,50717000.00,53697000.00,57381000.00,59810000.00,,,,,,,,
temporaryEquityRedeemableNoncontrollingInterests,,,,,,,,,,,,,,,,,,,,,,0.00,0.00,0.00,0.00,0.00,0.00,0.00,0.00,0.00,0.00,0.00,0.00,0.00,0.00,0.00,0.00,0.00,0.00,0.00,0.00,0.00,679156000.00,685729000.00,0.00,0.00,0.00,0.00,0.00,0.00,,,,,,,,
accumulatedOtherComprehensiveIncome,12051000.00,11524000.00,8165000.00,10624000.00,12554000.00,9457000.00,7063000.00,2872000.00,2248000.00,2122000.00,1964000.00,1753000.00,1034000.00,352000.00,603000.00,5680000.00,5162000.00,5876000.00,8825000.00,10620000.00,13915000.00,13734000.00,13324000.00,11451000.00,10350000.00,10494000.00,11034000.00,11798000.00,-8583000.00,-10281000.00,-3143000.00,-258000.00,-1030000.00,-339000.00,-618000.00,92000.00,624000.00,-1093000.00,-521000.00,0.00,0.00,0.00,679156000.00,685729000.00,-267840000.00,-255485000.00,-245717000.00,-234595000.00,-223624000.00,-240603000.00,-230377000.00,-221997000.00,-214467000.00,-206726000.00,,-194124000.00,,
additionalPaidInCapital,,,,,,,,,,,,,,,,,,,,,,919598000.00,919793000.00,919066000.00,917334000.00,916695000.00,905304000.00,874597000.00,874859000.00,864675000.00,0.00,0.00,0.00,0.00,0.00,0.00,0.00,0.00,0.00,0.00,0.00,0.00,679156000.00,685729000.00,0.00,0.00,0.00,0.00,0.00,0.00,,,,,,,,
commonStockTotalEquity,,607000.00,607000.00,607000.00,605000.00,605000.00,605000.00,605000.00,605000.00,605000.00,605000.00,605000.00,603000.00,601000.00,601000.00,601000.00,599000.00,597000.00,475000.00,474000.00,473000.00,473000.00,473000.00,473000.00,471000.00,471000.00,464000.00,457000.00,456000.00,454000.00,454000.00,454000.00,454000.00,449000.00,438000.00,437000.00,436000.00,426000.00,419000.00,405000.00,405000.00,405000.00,397000.00,397000.00,393000.00,393000.00,393000.00,393000.00,393000.00,393000.00,393000.00,,,,,,,
preferredStockTotalEquity,,,,,,,,,,,,,,,,,,,,,,0.00,0.00,0.00,0.00,0.00,0.00,0.00,0.00,0.00,0.00,0.00,0.00,0.00,0.00,0.00,0.00,0.00,0.00,0.00,0.00,0.00,679156000.00,685729000.00,0.00,0.00,0.00,0.00,0.00,0.00,,,,,,,,
retainedEarningsTotalEquity,,-262745000.00,-254879000.00,-251167000.00,-241549000.00,-235107000.00,-226474000.00,-217785000.00,-207910000.00,-199956000.00,-192098000.00,-176560000.00,-164462000.00,-154516000.00,-150226000.00,-144378000.00,-139307000.00,-135497000.00,-130841000.00,-128778000.00,-122293000.00,-120008000.00,-110550000.00,-97280000.00,-91695000.00,-88595000.00,-81921000.00,-77296000.00,-74328000.00,-71433000.00,-67724000.00,-64066000.00,-60976000.00,-64024000.00,-62409000.00,-60291000.00,-57269000.00,-54186000.00,-48619000.00,-44090000.00,-40007000.00,-35868000.00,-30584000.00,-25625000.00,-46004000.00,-40699000.00,-34269000.00,-28007000.00,-20233000.00,-15168000.00,,,,,,,,
treasuryStock,,,,,,,,,,,,,,,,,,,,,,0.00,0.00,0.00,0.00,0.00,0.00,0.00,0.00,0.00,0.00,0.00,0.00,0.00,0.00,0.00,0.00,0.00,0.00,0.00,0.00,0.00,-679156000.00,-685729000.00,0.00,0.00,0.00,0.00,0.00,0.00,,,,,,,,
accumulatedAmortization,,,,,,,,,,,,,,,,,,,,,,,,,,,,,,,,,,,,,,,,,,,,,,,,,,,,,,,,,,
nonCurrrentAssetsOther,2741832000.00,2747542000.00,2750350000.00,2755115000.00,2757824000.00,2757957000.00,2747342000.00,2691712000.00,2771275000.00,2578401000.00,2567474000.00,2574906000.00,2575585000.00,2584185000.00,2588865000.00,2587164000.00,2570263000.00,2567968000.00,2098577000.00,2093100000.00,2092249000.00,2088366000.00,2109542000.00,2127632000.00,2130744000.00,2094259000.00,1878654000.00,1892592000.00,1876903000.00,1878528000.00,1881602000.00,1882259000.00,1884156000.00,1882259000.00,1853849000.00,1821013000.00,1780849000.00,1752567000.00,1735333000.00,1716378000.00,1704646000.00,1700314000.00,1703191000.00,1771247000.00,81806000.00,68649000.00,73649000.00,76285000.00,77121000.00,161515000.00,75957000.00,2233000.00,2314000.00,47643000.00,,2401000.00,,
deferredLongTermAssetCharges,,,,,,,,,,,,,,,,,,,,,,,,,,,,,,,,,,,,,,,,,,,,,,,,,,,,,,,,,,
nonCurrentAssetsTotal,2823853000.00,2831361000.00,2835751000.00,2843270000.00,2848205000.00,2851643000.00,2844134000.00,2788234000.00,2870010000.00,2668967000.00,2661165000.00,2671322000.00,2675538000.00,2682650000.00,2690736000.00,2668866000.00,2653335000.00,2654174000.00,2143596000.00,2131689000.00,2122293000.00,2118211000.00,2139544000.00,2158041000.00,2162638000.00,2124102000.00,1907837000.00,1922852000.00,1908419000.00,1911830000.00,1916938000.00,1919353000.00,1922558000.00,1922332000.00,1895486000.00,1864684000.00,1824128000.00,1797858000.00,1782627000.00,1767037000.00,1757480000.00,1756875000.00,1764216000.00,1771247000.00,1780301000.00,1547380000.00,1554928000.00,1528966000.00,1533866000.00,1564099000.00,1487433000.00,985149000.00,975134000.00,1021051000.00,,834419000.00,,
capitalLeaseObligations,23880000.00,24501000.00,25092000.00,25676000.00,26257000.00,26831000.00,27378000.00,27917000.00,28455000.00,28457000.00,29471000.00,30060000.00,30644000.00,26144000.00,26781000.00,5380000.00,6165000.00,6942000.00,7692000.00,,,,,,,,,,,,,,,,,,,,,,,,,,,,,,,,,,,,,,,
longTermDebtTotal,1688953000.00,1688286000.00,1687615000.00,1648088000.00,1647436000.00,1649505000.00,1649028000.00,1649203000.00,1648727000.00,1648251000.00,1647824000.00,1307600000.00,1307460000.00,1307193000.00,1306928000.00,1357659000.00,1357684000.00,1208375000.00,1208397000.00,1228435000.00,1250453000.00,1250561000.00,1250664000.00,1325020000.00,1324801000.00,1224986000.00,1160495000.00,1041530000.00,1063874000.00,1063306000.00,1040766000.00,1029743000.00,1029449000.00,1029133000.00,1061809000.00,1062811000.00,1053190000.00,1052847000.00,1052498000.00,952174000.00,1044117000.00,1044299000.00,1044467000.00,1044682000.00,964068000.00,964538000.00,964942000.00,943479000.00,943900000.00,944279000.00,,,,,,,,
nonCurrentLiabilitiesOther,73194000.00,76417000.00,78098000.00,79577000.00,82242000.00,82864000.00,79142000.00,86215000.00,86805000.00,83115000.00,88228000.00,91300000.00,93256000.00,90188000.00,92542000.00,68110000.00,61990000.00,62362000.00,55618000.00,49547000.00,47274000.00,49333000.00,48348000.00,46061000.00,47423000.00,46164000.00,47793000.00,48337000.00,62137000.00,63428000.00,53580000.00,51972000.00,52526000.00,53882000.00,55867000.00,55993000.00,55992000.00,57675000.00,58514000.00,58465000.00,59219000.00,59558000.00,60181000.00,62811000.00,61140000.00,54316000.00,55621000.00,55808000.00,57955000.00,56922000.00,,,,,,,,
nonCurrentLiabilitiesTotal,1762147000.00,1764703000.00,1765713000.00,1693608000.00,1695783000.00,1732369000.00,1728170000.00,1735418000.00,1735532000.00,1731366000.00,1736052000.00,1398900000.00,1400716000.00,1397381000.00,1399470000.00,1425769000.00,1419674000.00,1270737000.00,1264015000.00,1277982000.00,1297727000.00,1299894000.00,1299012000.00,1371081000.00,1372224000.00,1271150000.00,1208288000.00,1089867000.00,1126011000.00,1126734000.00,1094346000.00,1081715000.00,1081975000.00,1083015000.00,1117676000.00,1118804000.00,1109182000.00,1110522000.00,1111012000.00,1010639000.00,1103336000.00,1103857000.00,1104648000.00,1107493000.00,1025208000.00,1018854000.00,1020563000.00,999287000.00,1001855000.00,1001201000.00,919636000.00,947944000.00,931062000.00,926743000.00,,758473000.00,,
negativeGoodwill,,,,,,,,,,,,,,,,,,,,,,,,,,,,,,,,,,,,,,,,,,,,,,,,,,,,,,,,,,
warrants,,,,,,,,,,,,,,,,,,,,,,,,,,,,,,,,,,,,,,,,,,,,,,,,,,,,,,,,,,
preferredStockRedeemable,,,,,,,,,,,,,,,,,,,,,,,,,,,,,,,,,,,,,,,,,,,,,,,,,,,,,,,,,,
capitalSurpluse,1467455000.00,1465346000.00,1463236000.00,1461201000.00,1458748000.00,1456747000.00,1454746000.00,1453272000.00,1450096000.00,1448612000.00,1447128000.00,1445644000.00,1443764000.00,1454516000.00,1453264000.00,1452014000.00,1450816000.00,1438768000.00,928792000.00,920661000.00,920324000.00,919598000.00,919793000.00,919066000.00,917334000.00,916695000.00,905304000.00,874597000.00,874859000.00,864675000.00,864038000.00,863432000.00,863515000.00,844639000.00,800081000.00,795065000.00,794432000.00,759158000.00,735175000.00,692196000.00,691389000.00,690507000.00,664265000.00,663589000.00,656425000.00,655087000.00,654344000.00,653645000.00,652932000.00,652220000.00,,,,,,,,
liabilitiesAndStockholdersEquity,3010719000.00,3012460000.00,3020224000.00,2987881000.00,3008577000.00,3007190000.00,3011134000.00,3017927000.00,3051070000.00,3045531000.00,3049346000.00,2817309000.00,2844114000.00,2846282000.00,2756185000.00,2790333000.00,2788958000.00,2718758000.00,2217048000.00,2198250000.00,2196776000.00,2186040000.00,2213566000.00,2259864000.00,2275618000.00,2171176000.00,2115341000.00,1986933000.00,1989228000.00,1971913000.00,1977826000.00,1978419000.00,1996075000.00,1974313000.00,1966149000.00,1941762000.00,1938660000.00,1892423000.00,1878958000.00,1832443000.00,1840846000.00,1836759000.00,1824470000.00,1827587000.00,1860937000.00,1713448000.00,1722471000.00,1709281000.00,1724761000.00,1722765000.00,1652482000.00,1117357000.00,1103713000.00,1099549000.00,,938991000.00,,
cashAndShortTermInvestments,89968000.00,84709000.00,87328000.00,49571000.00,63431000.00,60750000.00,73573000.00,139524000.00,171923000.00,368266000.00,380434000.00,137333000.00,155327000.00,146131000.00,52371000.00,99303000.00,115568000.00,44778000.00,54538000.00,47956000.00,56220000.00,51326000.00,55336000.00,82610000.00,94207000.00,31380000.00,190110000.00,44801000.00,61959000.00,43886000.00,44007000.00,39925000.00,40158000.00,34949000.00,54639000.00,59357000.00,95145000.00,78859000.00,79486000.00,48987000.00,65722000.00,63340000.00,43972000.00,42479000.00,34917000.00,122871000.00,126978000.00,140958000.00,152818000.00,123980000.00,133234000.00,41953000.00,37363000.00,31592000.00,,24189000.00,,
propertyPlantAndEquipmentGross,,,,,,,,,,27392000.00,28583000.00,29350000.00,30111000.00,25673000.00,26338000.00,4863000.00,5574000.00,6278000.00,6973000.00,,,,,,,,,,,,,,,,,,,,,,,,,,1698495000.00,1478731000.00,1480467000.00,1452681000.00,1456745000.00,1402584000.00,1411476000.00,943100000.00,929237000.00,928831000.00,,774208000.00,,
propertyPlantAndEquipmentNet,22116000.00,22723000.00,23325000.00,23921000.00,24512000.00,25098000.00,25678000.00,26254000.00,26824000.00,27392000.00,28583000.00,29350000.00,30111000.00,25673000.00,26338000.00,4863000.00,5574000.00,6278000.00,6973000.00,,,,,,,,,,,,,,,,,,,,,,,,,,1698495000.00,1478731000.00,1480467000.00,1452681000.00,1456745000.00,1402584000.00,1411476000.00,943100000.00,929237000.00,928831000.00,,774208000.00,,
accumulatedDepreciation,,,,,,,,,,,,,,,,,,,,,,,,,,,,,,,,,,,,,,,,,,,,,,,,,,,,,,,,,,
netWorkingCapital,106944000.00,109458000.00,109688000.00,35863000.00,45301000.00,80694000.00,89923000.00,157307000.00,84213000.00,289545000.00,310326000.00,-42881000.00,-33278000.00,-32871000.00,-34891000.00,,,,,,,,,,,,,,,,,,,,,,,,,,,,,,,,,,,,,,,,,,,
netInvestedCapital,2898249000.00,2903018000.00,2904744000.00,2869353000.00,2877794000.00,2881207000.00,2884968000.00,2888167000.00,2893766000.00,2899634000.00,2905423000.00,2678193000.00,2687448000.00,2707094000.00,2611170000.00,,,,,,,,,,,,,,,,,,,,,,,,,,,,,,,,,,,,,,,,,,,
commonStockSharesOutstanding,76332218.00,76327747.00,76326146.00,76254054.00,76225654.00,76221780.00,76220220.00,76183840.00,76171880.00,76167324.00,76165872.00,76132592.00,76118032.00,76114687.00,76113620.00,76054319.00,75832435.00,66889784.00,64182073.00,64145386.00,64137360.00,64132520.00,46935820.00,64103725.00,64093066.00,64089081.00,64062610.00,63369692.00,63272702.00,63134808.00,63133389.00,63119365.00,62897797.00,61992147.00,61321447.00,61097425.00,60444276.00,59721636.00,58492473.00,57788365.00,57777667.00,57429837.00,57056448.00,57054425.00,57054425.00,57055244.00,57053259.00,57053259.00,57051173.00,57051173.00,30924067.00,30924067.00,53179879.00,53179879.00,53179879.00,53179879.00,53179879.00,
investments,-21142000.00,-23391000.00,-25695000.00,-26687000.00,-27155000.00,-35184000.00,-77295000.00,-48933000.00,-226254000.00,-24875000.00,-12216000.00,-15503000.00,-14441000.00,-15208000.00,-23925000.00,-25153000.00,-23980000.00,-527613000.00,-22437000.00,,,,,-278141000.00,882000.00,4000000.00,-5000000.00,-278141000.00,-131000.00,474000.00,,-278141000.00,,,,-3068000.00,,,,,,,,,24251000.00,1711000.00,1613000.00,,,,,,,,,,,
changeToLiabilities,,-741000.00,2464000.00,-6990000.00,5799000.00,-1822000.00,1776000.00,-5258000.00,6049000.00,3442000.00,11098000.00,-15895000.00,9995000.00,-643000.00,4435000.00,-9072000.00,12955000.00,-3812000.00,5885000.00,-11493000.00,6579000.00,-3656000.00,7547000.00,-9833000.00,11387000.00,619000.00,5915000.00,-9596000.00,8129000.00,-1830000.00,4826000.00,-12097000.00,9962000.00,-2951000.00,4145000.00,-5559000.00,6285000.00,-3692000.00,4705000.00,-6904000.00,5409000.00,-3294000.00,5956000.00,-4647000.00,4307000.00,-2043000.00,584000.00,2526000.00,5689000.00,,,3259000.00,2226000.00,,,,,129000.00
totalCashflowsFromInvestingActivities,-70228000.00,-23391000.00,-25695000.00,-26687000.00,-27155000.00,-35184000.00,-77295000.00,-48933000.00,-226254000.00,-37091000.00,-12216000.00,-15503000.00,-14441000.00,-15208000.00,-23925000.00,-25153000.00,-23980000.00,-527613000.00,-22437000.00,-27554000.00,-13383000.00,-12045000.00,-11365000.00,-12236000.00,-61720000.00,-243336000.00,-13272000.00,-16323000.00,-14284000.00,-15012000.00,-17895000.00,-8169000.00,-25185000.00,-48746000.00,-45169000.00,-53886000.00,-35096000.00,-32259000.00,-31599000.00,-23079000.00,-13060000.00,-12393000.00,-9722000.00,60660000.00,-211400000.00,-5643000.00,-37912000.00,-231689000.00,-220906000.00,-241692000.00,,,,,,,,2111000.00
netBorrowings,,,36862000.00,,-452000.00,,-3245000.00,,,-50000.00,239300000.00,-125000.00,239300000.00,100000000.00,-51003000.00,-306000.00,54052000.00,6713000.00,3676000.00,19679000.00,-398000.00,-13360000.00,-41772000.00,-1602000.00,99382000.00,65287000.00,97393000.00,-3410000.00,-603000.00,1428000.00,3556000.00,3959000.00,-5733000.00,-25318000.00,18231000.00,8709000.00,-385000.00,-379000.00,4638000.00,-1003000.00,-978000.00,-896000.00,-943000.00,-84537000.00,162795000.00,-1154000.00,19454000.00,,,,,,,,,,,
totalCashFromFinancingActivities,-25386000.00,-25379000.00,11485000.00,-25353000.00,-24999000.00,-24547000.00,-27805000.00,-23879000.00,-22995000.00,-21514000.00,212812000.00,-19842000.00,-19116000.00,84707000.00,-74059000.00,-23162000.00,43619000.00,484440000.00,-7351000.00,1094000.00,-17786000.00,-30814000.00,-59336000.00,-20051000.00,82658000.00,48562000.00,110745000.00,-20771000.00,-6821000.00,-14398000.00,-12283000.00,-12745000.00,-1976000.00,3893000.00,7941000.00,-6116000.00,20319000.00,9291000.00,34105000.00,-11900000.00,-13375000.00,11760000.00,-14457000.00,-73649000.00,127681000.00,-13267000.00,7341000.00,-13257000.00,-13215000.00,70845000.00,192722000.00,7955000.00,-4449000.00,3041000.00,-7624000.00,-8959000.00,-12050000.00,
changeToOperatingActivities,,,,,826000.00,826000.00,826000.00,92000.00,5314000.00,-4394000.00,1004000.00,-1000000.00,-1274000.00,-906000.00,389000.00,-1538000.00,-2637000.00,5000.00,-2806000.00,278000.00,-216000.00,825000.00,2442000.00,227000.00,-1887000.00,2985000.00,-726000.00,1451000.00,-701000.00,116000.00,,214000.00,,,,1637000.00,,,,,,,,,,,,,,,,,,,,,,
changeInCash,5259000.00,-2619000.00,37757000.00,-13860000.00,2681000.00,-12823000.00,-65951000.00,-34115000.00,-196343000.00,-12168000.00,243101000.00,-17509000.00,6470000.00,93260000.00,-52623000.00,-16611000.00,71582000.00,-9835000.00,7043000.00,-8866000.00,5427000.00,-4514000.00,-26729000.00,-2253000.00,62827000.00,-158730000.00,145309000.00,-17158000.00,18073000.00,-121000.00,4082000.00,-233000.00,5209000.00,-19690000.00,-4718000.00,-35788000.00,16286000.00,-627000.00,30499000.00,-16735000.00,2382000.00,19368000.00,1493000.00,7562000.00,-63667000.00,-2068000.00,-12071000.00,-10499000.00,30687000.00,-7861000.00,58443000.00,4590000.00,5771000.00,7304000.00,99000.00,-131000.00,-4228000.00,
beginPeriodCashFlow,84709000.00,87328000.00,49571000.00,63431000.00,60750000.00,73573000.00,139524000.00,173639000.00,369982000.00,382150000.00,139049000.00,156558000.00,150088000.00,56828000.00,109451000.00,126062000.00,54480000.00,64315000.00,57272000.00,66138000.00,60711000.00,65225000.00,91954000.00,94207000.00,31380000.00,190110000.00,44801000.00,61959000.00,43886000.00,44007000.00,39925000.00,40158000.00,34949000.00,54639000.00,59357000.00,95145000.00,78859000.00,79486000.00,48987000.00,65722000.00,63340000.00,43972000.00,42479000.00,34917000.00,98584000.00,100652000.00,112723000.00,123222000.00,92535000.00,100396000.00,41953000.00,37363000.00,31592000.00,24288000.00,24189000.00,24320000.00,28548000.00,
endPeriodCashFlow,89968000.00,84709000.00,87328000.00,49571000.00,63431000.00,60750000.00,73573000.00,139524000.00,173639000.00,369982000.00,382150000.00,139049000.00,156558000.00,150088000.00,56828000.00,109451000.00,126062000.00,54480000.00,64315000.00,57272000.00,66138000.00,60711000.00,65225000.00,91954000.00,94207000.00,31380000.00,190110000.00,44801000.00,61959000.00,43886000.00,44007000.00,39925000.00,40158000.00,34949000.00,54639000.00,59357000.00,95145000.00,78859000.00,79486000.00,48987000.00,65722000.00,63340000.00,43972000.00,42479000.00,34917000.00,98584000.00,100652000.00,112723000.00,123222000.00,92535000.00,100396000.00,41953000.00,37363000.00,31592000.00,24288000.00,24189000.00,24320000.00,28548000.00
totalCashFromOperatingActivities,51787000.00,46151000.00,51967000.00,38180000.00,54835000.00,46908000.00,39149000.00,38697000.00,52906000.00,34221000.00,42505000.00,17836000.00,40027000.00,23761000.00,45361000.00,31704000.00,51943000.00,33338000.00,36831000.00,17594000.00,36596000.00,38345000.00,43972000.00,20084000.00,41889000.00,36044000.00,47836000.00,19936000.00,39178000.00,29289000.00,34260000.00,20681000.00,32370000.00,25163000.00,32510000.00,24214000.00,31063000.00,22341000.00,27993000.00,18244000.00,28817000.00,20001000.00,25672000.00,20551000.00,20052000.00,16842000.00,18500000.00,13541000.00,23116000.00,13437000.00,15270000.00,10752000.00,14186000.00,13071000.00,10337000.00,10051000.00,9837000.00,47592000.00
issuanceOfCapitalStock,,,,,,,,,,,,,,,,,,,,,,,,,,,,,,,,,,,,,,,,,,,,,,,,,,,,,,,,,,
depreciation,29868000.00,29823000.00,29901000.00,30110000.00,31729000.00,31087000.00,30412000.00,30479000.00,30680000.00,27646000.00,27501000.00,27423000.00,26914000.00,26493000.00,27462000.00,26472000.00,26568000.00,22582000.00,20583000.00,21060000.00,19886000.00,32868000.00,33279000.00,19918000.00,21192000.00,24182000.00,17986000.00,18160000.00,17992000.00,17714000.00,17453000.00,17238000.00,15761000.00,15286000.00,15107000.00,15666000.00,16352000.00,18209000.00,16341000.00,16161000.00,16648000.00,16953000.00,17013000.00,21018000.00,14193000.00,12817000.00,13825000.00,17362000.00,14241000.00,13404000.00,12632000.00,10062000.00,13026000.00,7614000.00,7310000.00,7665000.00,7476000.00,
otherCashflowsFromInvestingActivities,-5999000.00,-3498000.00,-1177000.00,-1221000.00,-1901000.00,-1953000.00,-2299000.00,-1117000.00,-497000.00,-1565000.00,-844000.00,-705000.00,-992000.00,-498000.00,-3394000.00,-2375000.00,-6269000.00,7073000.00,-1505000.00,-4809000.00,-2070000.00,-1830000.00,-1227000.00,503000.00,-1766000.00,-2645000.00,-1019000.00,-2273000.00,-553000.00,-295000.00,-760000.00,10849000.00,-1259000.00,-1641000.00,-1044000.00,-4089000.00,-1480000.00,-1298000.00,-1299000.00,-907000.00,-761000.00,-1091000.00,180000.00,88363000.00,199000.00,-1254000.00,-606000.00,23783000.00,28306000.00,0.00,,,,,,,,9701000.00
dividendsPaid,-25379000.00,-25379000.00,-25377000.00,-24609000.00,24547000.00,24547000.00,24545000.00,23014000.00,22995000.00,21464000.00,21463000.00,19164000.00,19116000.00,15293000.00,22937000.00,22938000.00,21353000.00,18253000.00,18061000.00,18064000.00,17388000.00,17388000.00,17388000.00,17365000.00,16724000.00,16725000.00,16723000.00,16541000.00,15883000.00,15826000.00,15827000.00,15827000.00,14711000.00,14524000.00,14350000.00,14323000.00,13535000.00,13313000.00,13140000.00,12855000.00,12265000.00,12266000.00,12114000.00,12112000.00,12114000.00,12113000.00,12113000.00,27847000.00,12112000.00,52074000.00,9784000.00,23343000.00,21139000.00,,,23303000.00,,64293000.00
changeToInventory,,,,,,,,,-58477000.00,-278631000.00,39000.00,61000.00,-1156000.00,-661000.00,30000.00,462000.00,-53000.00,-115000.00,-1265000.00,96000.00,36000.00,29000.00,2113000.00,-281000.00,-837000.00,1262000.00,312000.00,821000.00,-637000.00,-623000.00,2579000.00,1693000.00,-1402000.00,-829000.00,1296000.00,2881000.00,-812000.00,570000.00,-1083000.00,947000.00,-815000.00,-291000.00,-289000.00,-20940000.00,0.00,0.00,-229000.00,-7752000.00,0.00,0.00,-1453000.00,-120230000.00,,,,,,
changeToAccountReceivables,-844000.00,923000.00,-926000.00,668000.00,-1386000.00,831000.00,-517000.00,1332000.00,871000.00,1911000.00,-1841000.00,2562000.00,-3680000.00,-7454000.00,3632000.00,-1803000.00,909000.00,-643000.00,466000.00,-1337000.00,-1219000.00,1643000.00,577000.00,-1327000.00,-2463000.00,948000.00,1726000.00,-783000.00,-1792000.00,216000.00,12000.00,586000.00,-2516000.00,45000.00,874000.00,474000.00,-2574000.00,1357000.00,1022000.00,974000.00,54000.00,125000.00,-1198000.00,-382000.00,-1278000.00,230000.00,1493000.00,-304000.00,-1752000.00,-113000.00,-1397000.00,702000.00,168000.00,-1393000.00,737000.00,310000.00,-682000.00,2755000.00
salePurchaseOfStock,,,,,,,,0.00,0.00,0.00,0.00,119000.00,-119000.00,-119000.00,-119000.00,1420000.00,150000000.00,35000000.00,24000000.00,236000.00,,-60000.00,-176000.00,-202000.00,30075000.00,30075000.00,250000000.00,24000000.00,9665000.00,0.00,0.00,5000000.00,5000000.00,135000000.00,120000000.00,150000000.00,34239000.00,22983000.00,100000000.00,93000000.00,-132000.00,24922000.00,0.00,0.00,0.00,0.00,0.00,5410000.00,596541000.00,596541000.00,,,,,,,,
otherCashflowsFromFinancingActivities,-7000.00,-23391000.00,222862000.00,110256000.00,110548000.00,-35184000.00,-3260000.00,254510000.00,-226254000.00,-50000.00,489650000.00,-678000.00,-14441000.00,100000000.00,119000.00,-1350000.00,-667000.00,-9000.00,-415000.00,48439000.00,-31000.00,-6000.00,32520000.00,-2126000.00,142724000.00,230931000.00,-1812000.00,-743000.00,-164000.00,49560000.00,108485000.00,-1430000.00,-682000.00,-1913000.00,-6252000.00,-645000.00,-35096000.00,-32259000.00,-6276000.00,68000.00,-68000.00,24922000.00,-1400000.00,110577000.00,163992000.00,-5643000.00,20615000.00,15734000.00,20786000.00,124006000.00,-81237000.00,17367000.00,-142000.00,12249000.00,-4226000.00,-3907000.00,-6999000.00,
changeToNetincome,,540000.00,-913000.00,-460000.00,-97000.00,805000.00,-3299000.00,2184000.00,273000.00,-3204000.00,3709000.00,-6701000.00,-5407000.00,-7440000.00,-6082000.00,2554000.00,-2976000.00,3113000.00,665000.00,-72000.00,-2708000.00,2240000.00,2805000.00,1740000.00,986000.00,-65000.00,428000.00,-1718000.00,2086000.00,389000.00,-1749000.00,1311000.00,-9110000.00,-871000.00,-283000.00,1576000.00,-980000.00,-260000.00,-1388000.00,-634000.00,292000.00,727000.00,-1689000.00,1297000.00,-1477000.00,-818000.00,-313000.00,,,,,,,,,,,
capitalExpenditures,19818000,19893000,24518000,25467000,25254000,33231000,29829000,47816000,21246000,24154000,11372000,14798000,13449000,14710000,20531000,22778000,17711000,26906000,20932000,22745000,11313000,10215000,10138000,12739000,13874000,8630000,12253000,14050000,13731000,14717000,17135000,19018000,23926000,47105000,44125000,49797000,33616000,30961000,30300000,22172000,12299000,11302000,9902000,278869000,233850000,6100000,38919000,9334000,101489000,1481000,130210000,14088000,1369000,20728000,1341000,1571000,2273000,0
changeReceivables,,923000.00,-926000.00,668000.00,-1386000.00,831000.00,-517000.00,1332000.00,871000.00,1911000.00,-1841000.00,2562000.00,-3680000.00,-7454000.00,3632000.00,-1803000.00,909000.00,-643000.00,466000.00,-1337000.00,-1219000.00,1643000.00,577000.00,-1327000.00,-2463000.00,948000.00,1726000.00,-783000.00,-1792000.00,216000.00,12000.00,586000.00,-2516000.00,45000.00,874000.00,474000.00,-2574000.00,1357000.00,1022000.00,974000.00,54000.00,125000.00,-1198000.00,-382000.00,-1278000.00,230000.00,1493000.00,,,,,,,,,,,
cashFlowsOtherOperating,,-625000.00,-109000.00,1795000.00,1770000.00,1780000.00,-3377000.00,752000.00,3330000.00,-7106000.00,3942000.00,-12136000.00,5348000.00,2611000.00,56000.00,-3303000.00,-2404000.00,-199000.00,-6379000.00,-138000.00,-572000.00,477000.00,9000.00,-578000.00,-2163000.00,2163000.00,9902000.00,404000.00,-153000.00,1095000.00,1929000.00,1421000.00,-1750000.00,367000.00,-52000.00,32166000.00,1875000.00,360000.00,-360000.00,7664000.00,5431000.00,4507000.00,4607000.00,7839000.00,1083000.00,3797000.00,509000.00,,,,,,,,,,,
exchangeRateChanges,,,,,,,,,,,,,,,,,,,,,,,,,,,,,,,,,,,,,,,,,,,,,,,,,,,,,,,,,,
cashAndCashEquivalentsChanges,,-2619000.00,37757000.00,-13860000.00,2681000.00,-12823000.00,-65951000.00,-34115000.00,-196343000.00,-12168000.00,243101000.00,-17509000.00,6470000.00,93260000.00,-52623000.00,-16611000.00,71582000.00,-9835000.00,7043000.00,-8866000.00,5427000.00,-4514000.00,-26729000.00,-12203000.00,62827000.00,-158730000.00,145309000.00,-17158000.00,18073000.00,-121000.00,4082000.00,-233000.00,5209000.00,-19690000.00,-4718000.00,-35788000.00,16286000.00,-627000.00,30499000.00,-16735000.00,2382000.00,19368000.00,1493000.00,7562000.00,-63667000.00,-2068000.00,-12071000.00,,,,,,,,,,,
changeInWorkingCapital,5827000.00,-566000.00,1765000.00,-6240000.00,5239000.00,-1077000.00,1548000.00,-3834000.00,12234000.00,959000.00,10261000.00,-14333000.00,5041000.00,-9003000.00,8456000.00,-13846000.00,11280000.00,-4335000.00,4810000.00,-12648000.00,5108000.00,-1217000.00,8453000.00,-11418000.00,7080000.00,3968000.00,7113000.00,-9975000.00,6184000.00,-519000.00,6767000.00,-10090000.00,5696000.00,-2539000.00,5320000.00,-4064000.00,3969000.00,-1975000.00,5367000.00,-5173000.00,4636000.00,-3226000.00,4500000.00,-1146000.00,-386000.00,-640000.00,-285000.00,-4695000.00,5217000.00,-2332000.00,-1771000.00,-1615000.00,558000.00,-904000.00,331000.00,-1667000.00,-2597000.00,
stockBasedCompensation,2109000.00,2110000.00,2035000.00,3199000.00,2001000.00,2001000.00,1489000.00,4041000.00,1484000.00,1484000.00,1484000.00,2554000.00,1251000.00,1252000.00,1250000.00,1118000.00,1130000.00,1131000.00,1098000.00,859000.00,726000.00,727000.00,727000.00,2818000.00,639000.00,639000.00,639000.00,559000.00,600000.00,637000.00,618000.00,740000.00,413000.00,834000.00,890000.00,1095000.00,1045000.00,1007000.00,519000.00,726000.00,726000.00,717000.00,676000.00,724000.00,722000.00,707000.00,699000.00,713000.00,712000.00,699000.00,491000.00,,,,,,,
otherNonCashItems,-1501000.00,-834000.00,-2400000.00,-1295000.00,-503000.00,1309000.00,-7814000.00,-1112000.00,-2677000.00,-4918000.00,-5958000.00,-8669000.00,-7174000.00,-8656000.00,-7291000.00,1475000.00,-4067000.00,2652000.00,-4903000.00,-886000.00,-3395000.00,1554000.00,2204000.00,-965000.00,473000.00,-570000.00,1360000.00,-1216000.00,2544000.00,807000.00,-1299000.00,1567000.00,-1405000.00,-702000.00,-186000.00,1471000.00,-1010000.00,-251000.00,-892000.00,-163000.00,549000.00,993000.00,-1436000.00,-1632000.00,253000.00,329000.00,416000.00,-1533000.00,651000.00,181000.00,9773000.00,5301000.00,1795000.00,522000.00,2172000.00,4121000.00,2607000.00,
freeCashFlow,31969000.00,26258000.00,27449000.00,12713000.00,29581000.00,13677000.00,9320000.00,-9119000.00,31660000.00,10067000.00,31133000.00,3038000.00,26578000.00,9051000.00,24830000.00,8926000.00,34232000.00,6432000.00,15899000.00,-5151000.00,25283000.00,28130000.00,33834000.00,7345000.00,28015000.00,27414000.00,35583000.00,5886000.00,25447000.00,14572000.00,17125000.00,1663000.00,8444000.00,-21942000.00,-11615000.00,-25583000.00,-2553000.00,-8620000.00,-2307000.00,-3928000.00,16518000.00,8699000.00,15770000.00,299420000.00,-213798000.00,10742000.00,-20419000.00,4207000.00,-78373000.00,11956000.00,-114940000.00,-3336000.00,12817000.00,-7657000.00,8996000.00,8480000.00,7564000.00,
researchDevelopment,,,,,,,,,,,,,,,,,,,,0.00,0.00,0.00,0.00,0.00,0.00,0.00,0.00,0.00,0.00,0.00,0.00,0.00,0.00,0.00,0.00,0.00,0.00,0.00,0.00,0.00,0.00,0.00,0.00,0.00,0.00,0.00,0.00,0.00,0.00,0.00,0.00,0.00,0.00,0.00,0.00,0.00,,0.00
effectOfAccountingCharges,,,,,,,,,,,,,,,,,,,,0.00,0.00,0.00,0.00,0.00,0.00,0.00,0.00,0.00,0.00,0.00,0.00,0.00,0.00,0.00,0.00,0.00,0.00,0.00,0.00,0.00,0.00,0.00,0.00,0.00,0.00,0.00,0.00,0.00,0.00,0.00,0.00,0.00,0.00,0.00,0.00,0.00,,0.00
incomeBeforeTax,15135000.00,15397000.00,20666000.00,12406000.00,16369000.00,13588000.00,13514000.00,10478000.00,12895000.00,11487000.00,1733000.00,3788000.00,6490000.00,9826000.00,15484000.00,16485000.00,16519000.00,11941000.00,15243000.00,9209000.00,14271000.00,4413000.00,-691000.00,9731000.00,12505000.00,7588000.00,10308000.00,12408000.00,11858000.00,10650000.00,10721000.00,11226000.00,19026000.00,12284000.00,11379000.00,10046000.00,9090000.00,5351000.00,6658000.00,6907000.00,6258000.00,4564000.00,4865000.00,4822000.00,4498000.00,2624000.00,2871000.00,675000.00,310000.00,455000.00,13596000.00,-2952000.00,-1237000.00,5839000.00,524000.00,10788000.00,13232000.00,0.00
minorityInterest,,,,,,,,2194000.00,2709000.00,-24237000.00,-22160000.00,767000.00,1365000.00,2101000.00,3312000.00,3536000.00,3565000.00,2933000.00,4055000.00,2440000.00,3806000.00,1125000.00,-166000.00,2594000.00,3351000.00,2008000.00,2861000.00,3486000.00,3342000.00,3008000.00,3027000.00,2961000.00,5432000.00,3536000.00,3309000.00,2907000.00,2578000.00,1544000.00,1986000.00,4935000.00,1903000.00,1354000.00,1495000.00,1426000.00,1234000.00,696000.00,883000.00,304000.00,-236000.00,236000.00,14294000.00,0.00,-5839000.00,5839000.00,524000.00,0.00,,0.00
sellingGeneralAdministrative,8880000.00,8609000.00,8999000.00,9013000.00,8376000.00,7612000.00,7142000.00,9305000.00,6827000.00,6924000.00,6823000.00,6644000.00,6438000.00,6679000.00,6820000.00,6376000.00,6479000.00,5943000.00,6073000.00,6645000.00,5176000.00,5396000.00,5567000.00,6211000.00,4958000.00,5131000.00,5082000.00,4441000.00,4513000.00,4394000.00,4549000.00,3913000.00,6357000.00,4788000.00,5016000.00,4603000.00,4682000.00,4635000.00,4612000.00,4537000.00,4031000.00,4426000.00,4201000.00,4063000.00,3959000.00,3992000.00,3765000.00,3130000.00,3733000.00,3825000.00,3610000.00,3889000.00,1515000.00,1821000.00,1587000.00,1969000.00,1333000.00,0.00
sellingAndMarketingExpenses,,,,,,,,,,,,,,,,,,,,,,,,,,,,,,,,,,,,,,,,,,,,,,,,,,,,,,,,,,
grossProfit,69887000.00,69924000.00,68616000.00,66196000.00,71108000.00,67015000.00,65896000.00,65499000.00,65176000.00,60993000.00,54386000.00,50482000.00,53675000.00,56167000.00,63130000.00,62841000.00,63431000.00,53012000.00,55477000.00,49796000.00,52337000.00,55513000.00,51766000.00,49921000.00,52627000.00,49361000.00,46397000.00,47711000.00,47989000.00,45812000.00,45645000.00,45044000.00,45628000.00,43578000.00,43367000.00,42795000.00,44070000.00,40556000.00,41307000.00,41105000.00,42120000.00,40752000.00,41094000.00,40886000.00,45812000.00,41857000.00,41795000.00,38330000.00,40106000.00,37707000.00,35940000.00,14815000.00,28986000.00,24417000.00,23938000.00,15808000.00,25504000.00,31678000.00
reconciledDepreciation,29868000.00,29823000.00,29901000.00,30110000.00,31729000.00,31087000.00,30412000.00,30479000.00,30680000.00,27646000.00,27501000.00,27423000.00,26914000.00,26493000.00,27462000.00,26472000.00,26568000.00,22582000.00,20583000.00,21060000.00,19886000.00,32868000.00,33279000.00,19918000.00,21192000.00,24182000.00,17986000.00,18160000.00,17992000.00,17714000.00,17453000.00,17238000.00,15761000.00,15286000.00,15107000.00,15666000.00,16352000.00,18209000.00,16341000.00,16161000.00,16648000.00,16953000.00,17013000.00,21018000.00,14193000.00,12817000.00,13825000.00,17362000.00,14241000.00,13404000.00,12632000.00,10062000.00,13026000.00,7614000.00,7310000.00,7665000.00,7476000.00,
ebit,31460000.00,31765000.00,29716000.00,27073000.00,31003000.00,28316000.00,28342000.00,25476000.00,27617000.00,26349000.00,20009000.00,17123000.00,19792000.00,23157000.00,28956000.00,30281000.00,30253000.00,24437000.00,28592000.00,22070000.00,27150000.00,17101000.00,13129000.00,23723000.00,26378000.00,20240000.00,23639000.00,25196000.00,24907000.00,23803000.00,23667000.00,24236000.00,23163000.00,23481000.00,23174000.00,22615000.00,22415000.00,18790000.00,20290000.00,20683000.00,21022000.00,19308000.00,19601000.00,19974000.00,19052000.00,17400000.00,17439000.00,14722000.00,16742000.00,14861000.00,15791000.00,11017000.00,11430000.00,12095000.00,12165000.00,12276000.00,14738000.00,0.00
ebitda,61328000.00,61588000.00,66296000.00,57081000.00,62552000.00,59222000.00,58592000.00,55955000.00,58297000.00,53995000.00,47510000.00,44546000.00,46706000.00,49650000.00,56418000.00,56753000.00,56821000.00,47019000.00,49175000.00,43130000.00,47036000.00,49969000.00,46408000.00,43641000.00,47570000.00,44422000.00,41625000.00,43356000.00,42899000.00,41517000.00,41120000.00,41474000.00,38924000.00,38767000.00,38281000.00,38281000.00,38767000.00,36999000.00,36631000.00,36844000.00,37670000.00,36261000.00,36614000.00,36550000.00,35484000.00,32071000.00,32692000.00,32084000.00,30983000.00,28265000.00,28423000.00,21079000.00,24456000.00,19709000.00,19475000.00,19941000.00,22214000.00,
depreciationAndAmortization,29868000.00,29823000.00,36580000.00,30008000.00,31549000.00,30906000.00,30250000.00,30479000.00,30680000.00,27646000.00,27501000.00,27423000.00,26914000.00,26493000.00,27462000.00,26472000.00,26568000.00,22582000.00,20583000.00,21060000.00,19886000.00,32868000.00,33279000.00,19918000.00,21192000.00,24182000.00,17986000.00,18160000.00,17992000.00,17714000.00,17453000.00,17238000.00,15761000.00,15286000.00,15107000.00,15666000.00,16352000.00,18209000.00,16341000.00,16161000.00,16648000.00,16953000.00,17013000.00,16576000.00,16432000.00,14671000.00,15253000.00,17362000.00,14241000.00,13404000.00,12632000.00,10062000.00,13026000.00,7614000.00,7310000.00,7665000.00,7476000.00,
nonOperatingIncomeNetOther,,,,,,,,179000.00,-52000.00,-74000.00,-4324000.00,708000.00,-531000.00,162000.00,108000.00,410000.00,-131000.00,583000.00,-229000.00,-21000.00,-125000.00,-148000.00,209000.00,-69000.00,-99000.00,192000.00,310000.00,86000.00,-577000.00,99000.00,24000.00,343000.00,6774000.00,-23000.00,-70000.00,48000.00,-621000.00,1078000.00,-64000.00,276000.00,-419000.00,-65000.00,-279000.00,-441000.00,68000.00,-150000.00,-106000.00,,-108000.00,530000.00,,,,,,,,
operatingIncome,31139000.00,31492000.00,29716000.00,27073000.00,31003000.00,28316000.00,28342000.00,25715000.00,27669000.00,26423000.00,20062000.00,16415000.00,20323000.00,22995000.00,28848000.00,29993000.00,30384000.00,24487000.00,28821000.00,22091000.00,27275000.00,17249000.00,12920000.00,23792000.00,26477000.00,20048000.00,23329000.00,25110000.00,25484000.00,23704000.00,23643000.00,23893000.00,23510000.00,23504000.00,23244000.00,22526000.00,23036000.00,17712000.00,20354000.00,20407000.00,21441000.00,19373000.00,19880000.00,20247000.00,19120000.00,17250000.00,17333000.00,14722000.00,15156000.00,13988000.00,15791000.00,10437000.00,11430000.00,12095000.00,12165000.00,11532000.00,13985000.00,31678000.00
otherOperatingExpenses,80059000.00,78229000.00,78038000.00,78927000.00,80020000.00,75839000.00,73128000.00,76032000.00,70617000.00,65386000.00,63924000.00,64932000.00,64051000.00,59114000.00,67895000.00,68954000.00,67978000.00,59626000.00,56498000.00,60514000.00,55232000.00,67774000.00,67812000.00,57954000.00,55862000.00,57058000.00,50463000.00,51452000.00,50492000.00,48115000.00,47088000.00,47637000.00,47779000.00,43265000.00,42791000.00,43952000.00,44307000.00,44473000.00,43599000.00,44238000.00,43877000.00,43541000.00,42300000.00,42873000.00,43716000.00,40559000.00,39705000.00,40825000.00,41137000.00,38291000.00,31981000.00,24224000.00,23533000.00,17192000.00,16767000.00,18095000.00,16488000.00,0.00
interestExpense,16325000.00,16368000.00,15729000.00,14565000.00,14454000.00,14547000.00,14666000.00,14998000.00,14722000.00,14862000.00,14005000.00,13335000.00,13302000.00,13331000.00,13472000.00,13796000.00,13734000.00,13129000.00,13349000.00,12861000.00,12879000.00,12688000.00,13820000.00,13992000.00,13873000.00,12652000.00,13331000.00,12788000.00,13049000.00,13153000.00,12946000.00,13010000.00,11258000.00,11197000.00,11795000.00,12569000.00,13325000.00,13439000.00,13632000.00,13776000.00,14764000.00,14744000.00,14736000.00,15152000.00,14690000.00,14476000.00,14356000.00,14696000.00,14738000.00,14063000.00,13079000.00,12756000.00,12416000.00,10624000.00,10654000.00,10895000.00,10906000.00,43737000.00
taxProvision,,187000.00,270000.00,,,202000.00,198000.00,287000.00,150000.00,174000.00,127000.00,-136000.00,12000.00,-91000.00,206000.00,110000.00,268000.00,206000.00,236000.00,,,,,,,,,,,,,,,,,,,,,,,,,,,,,,,,,,,,,,,
interestIncome,16325000.00,16368000.00,15729000.00,14565000.00,14454000.00,21000.00,36000.00,14998000.00,14722000.00,100000.00,74000.00,21000.00,13270000.00,71000.00,312000.00,397000.00,137000.00,156000.00,7000.00,,,,,,,,,,,,,,,,,,,,,,,,,,,,,,,,,,,,,,,
netInterestIncome,-16325000.00,-16368000.00,-15729000.00,-14565000.00,-14454000.00,-14547000.00,-14666000.00,-14998000.00,-14722000.00,-14862000.00,-14005000.00,-13335000.00,-13270000.00,-13260000.00,-13160000.00,-13399000.00,-13597000.00,-12973000.00,-13342000.00,,,,,,,,,,,,,,,,,,,,,,,,,,,,,,,,,,,,,,,
extraordinaryItems,,,,,,,,,,,,,,,,,,,,0.00,0.00,0.00,0.00,0.00,0.00,0.00,0.00,0.00,0.00,0.00,0.00,0.00,0.00,0.00,0.00,0.00,0.00,0.00,0.00,0.00,0.00,0.00,0.00,25758000.00,0.00,0.00,0.00,3455000.00,0.00,0.00,0.00,0.00,0.00,0.00,0.00,0.00,,0.00
nonRecurring,,,,,,,,,,,,,,,,,,,,0.00,0.00,0.00,0.00,0.00,0.00,0.00,0.00,0.00,0.00,0.00,0.00,0.00,0.00,0.00,0.00,0.00,0.00,0.00,0.00,0.00,0.00,0.00,0.00,0.00,0.00,0.00,0.00,0.00,0.00,0.00,0.00,0.00,0.00,0.00,0.00,0.00,,0.00
otherItems,,,,,,,,,,,,,,,,,,,,0.00,0.00,0.00,0.00,0.00,0.00,0.00,0.00,0.00,0.00,0.00,0.00,0.00,0.00,0.00,0.00,0.00,0.00,0.00,0.00,0.00,0.00,0.00,0.00,0.00,0.00,0.00,0.00,0.00,0.00,0.00,0.00,0.00,0.00,0.00,0.00,0.00,,0.00
incomeTaxExpense,16646000.00,16641000.00,9050000.00,14667000.00,14634000.00,202000.00,198000.00,287000.00,150000.00,174000.00,127000.00,-136000.00,12000.00,-91000.00,206000.00,110000.00,268000.00,206000.00,236000.00,50000.00,171000.00,171000.00,-65000.00,246000.00,210000.00,-79000.00,-163000.00,-77000.00,601000.00,-45000.00,87000.00,-180000.00,356000.00,35000.00,84000.00,-34000.00,665000.00,-283000.00,112000.00,-216000.00,473000.00,91000.00,14457000.00,-1148000.00,16303000.00,15561000.00,15477000.00,-12031000.00,13582000.00,15172000.00,27616000.00,-5126000.00,-1237000.00,5839000.00,524000.00,11182000.00,11503000.00,0.00
totalRevenue,111198000.00,109721000.00,107754000.00,106000000.00,111023000.00,104155000.00,101470000.00,101747000.00,98286000.00,91809000.00,83986000.00,81347000.00,84374000.00,82109000.00,96743000.00,98947000.00,98362000.00,84113000.00,85319000.00,82605000.00,82507000.00,85023000.00,80732000.00,81746000.00,82339000.00,77106000.00,73792000.00,76562000.00,75976000.00,71819000.00,70731000.00,71530000.00,71289000.00,66769000.00,66035000.00,66478000.00,67343000.00,62185000.00,63953000.00,64645000.00,65318000.00,62914000.00,62180000.00,63120000.00,62836000.00,57809000.00,57038000.00,55547000.00,56293000.00,52279000.00,47772000.00,34661000.00,34963000.00,29287000.00,28932000.00,29627000.00,30473000.00,104376000.00
totalOperatingExpenses,38748000.00,38432000.00,38900000.00,39123000.00,40105000.00,38699000.00,37554000.00,39784000.00,37507000.00,34570000.00,34324000.00,34067000.00,33352000.00,33172000.00,34282000.00,32848000.00,33047000.00,28525000.00,26656000.00,27705000.00,25062000.00,38264000.00,38846000.00,26129000.00,26150000.00,29313000.00,23068000.00,22601000.00,22505000.00,22108000.00,22002000.00,21151000.00,22118000.00,20074000.00,20123000.00,20269000.00,21034000.00,22844000.00,20953000.00,20698000.00,20679000.00,21379000.00,21214000.00,20639000.00,26692000.00,24607000.00,24462000.00,23608000.00,24950000.00,23719000.00,20149000.00,4378000.00,17556000.00,12322000.00,11773000.00,4276000.00,11519000.00,0.00
costOfRevenue,41311000.00,39797000.00,39138000.00,39804000.00,39915000.00,37140000.00,35574000.00,36248000.00,33110000.00,30816000.00,29600000.00,30865000.00,30699000.00,25942000.00,33613000.00,36106000.00,34931000.00,31101000.00,29842000.00,32809000.00,30170000.00,29510000.00,28966000.00,31825000.00,29712000.00,27745000.00,27395000.00,28851000.00,27987000.00,26007000.00,25086000.00,26486000.00,25661000.00,23191000.00,22668000.00,23683000.00,23273000.00,21629000.00,22646000.00,23540000.00,23198000.00,22162000.00,21086000.00,22234000.00,17024000.00,15952000.00,15243000.00,17217000.00,16187000.00,14572000.00,11832000.00,19846000.00,5977000.00,4870000.00,4994000.00,13819000.00,4969000.00,72698000.00
totalOtherIncomeExpenseNet,321000.00,273000.00,-9050000.00,-14667000.00,-14634000.00,-14728000.00,-14828000.00,-239000.00,-52000.00,-74000.00,-4324000.00,708000.00,-531000.00,162000.00,108000.00,288000.00,-131000.00,583000.00,-229000.00,-21000.00,-125000.00,-148000.00,209000.00,-69000.00,-99000.00,192000.00,310000.00,86000.00,-577000.00,99000.00,24000.00,343000.00,6774000.00,-23000.00,-70000.00,89000.00,-621000.00,1078000.00,-64000.00,276000.00,-419000.00,-65000.00,-279000.00,-273000.00,68000.00,-150000.00,-106000.00,649000.00,-108000.00,530000.00,10884000.00,-689000.00,-251000.00,4368000.00,-987000.00,-744000.00,-753000.00,0.00
discontinuedOperations,,,,,,,,,,,,,,,,,,,,0.00,0.00,0.00,0.00,0.00,0.00,0.00,0.00,0.00,0.00,0.00,0.00,0.00,0.00,0.00,0.00,0.00,0.00,0.00,0.00,0.00,0.00,0.00,0.00,37865000.00,-213000.00,0.00,0.00,0.00,4308000.00,0.00,0.00,0.00,0.00,0.00,0.00,0.00,,0.00
netIncomeFromContinuingOps,15135000.00,15397000.00,20666000.00,12406000.00,16369000.00,13588000.00,13514000.00,10478000.00,12895000.00,11487000.00,1733000.00,109701000.00,4935000.00,7793000.00,13543000.00,120904000.00,13155000.00,10121000.00,11845000.00,7977000.00,10399000.00,3142000.00,-1193000.00,6745000.00,9242000.00,5888000.00,7824000.00,870000.00,7840000.00,10468000.00,8835000.00,-15056000.00,13871000.00,19825000.00,20156000.00,-23984000.00,19115000.00,17485000.00,18529000.00,6907000.00,6258000.00,4564000.00,4865000.00,3956000.00,4498000.00,2624000.00,2871000.00,0.00,310000.00,455000.00,0.00,0.00,0.00,0.00,0.00,0.00,,0.00
netIncomeApplicableToCommonShares,11778000.00,11983000.00,16136000.00,9629000.00,12772000.00,10582000.00,10523000.00,8137000.00,10041000.00,8941000.00,1257000.00,2898000.00,5038000.00,7656000.00,12068000.00,12845000.00,12862000.00,8916000.00,11095000.00,6673000.00,10394000.00,3072000.00,-453000.00,7077000.00,9094000.00,5519000.00,7387000.00,8861000.00,8474000.00,7599000.00,7651000.00,8212000.00,13562000.00,8708000.00,8070000.00,7024000.00,6417000.00,3713000.00,4602000.00,4682000.00,4223000.00,3210000.00,3238000.00,28577000.00,2817000.00,1689000.00,1856000.00,371000.00,3052000.00,219000.00,0.00,4379000.00,0.00,0.00,0.00,6444000.00,,0.00
preferredStockAndOtherAdjustments,,,,,,,,,,,,,,,,,,,,,,,,,,,,,,,,,,,,,,,,,,,,,,,,,,,,,,,,,,
