,2023-09-30,2023-06-30,2023-03-31,2022-12-31,2022-09-30,2022-06-30,2022-03-31,2021-12-31,2021-09-30,2021-06-30,2021-03-31,2020-12-31,2020-09-30,2020-06-30,2020-03-31,2019-12-31,2019-09-30,2019-06-30,2019-03-31,2018-12-31,2018-09-30,2018-06-30,2018-03-31,2017-12-31,2017-09-30,2017-06-30,2017-03-31,2016-12-31,2016-09-30,2016-06-30,2016-03-31,2015-12-31,2015-09-30,2015-06-30,2015-03-31,2014-12-31,2014-09-30,2014-06-30,2014-03-31,2013-12-31,2013-09-30,2013-06-30,2013-03-31,2012-12-31,2012-09-30,2012-06-30,2012-03-31,2011-12-31,2011-09-30,2011-06-30,2011-03-31,2010-12-31,2010-09-30,2010-06-30,2010-03-31,2009-12-31,2009-09-30,2009-06-30,2009-03-31,2008-12-31,2008-09-30,2008-06-30,2008-03-31,2007-12-31,2007-09-30,2007-06-30,2007-03-31,2006-12-31,2006-09-30,2006-06-30,2006-03-31,2005-12-31,2005-09-30,2005-06-30,2005-03-31,2004-12-31,2004-09-30,2004-06-30,2004-03-31,2003-12-31,2003-09-30,2003-06-30,2003-03-31,2002-12-31,2002-09-30,2002-06-30,2002-03-31,2001-12-31,2001-09-30,2001-06-30,2001-03-31,2000-12-31,2000-09-30,2000-06-30,2000-03-31,1999-12-31,1999-09-30,1999-06-30,1999-03-31,1998-12-31,1998-09-30,1998-06-30,1998-03-31,1997-12-31,1997-09-30,1997-06-30,1997-03-31,1996-12-31,1996-09-30,1996-06-30,1996-03-31,1995-12-31,1995-09-30,1995-06-30,1995-03-31,1994-12-31,1994-09-30,1994-06-30,1994-03-31,1993-12-31,1993-09-30,1993-06-30,1993-03-31,1992-12-31,1992-09-30,1992-06-30,1992-03-31,1991-12-31,1991-09-30,1991-06-30,1991-03-31,1990-12-31,1990-09-30,1990-06-30,1990-03-31,1989-12-31,1989-09-30,1989-06-30,1989-03-31,1988-12-31,1988-09-30,1988-06-30,1988-03-31,1987-12-31,1987-09-30,1987-06-30,1987-03-31,1986-12-31,1986-09-30,1986-06-30,1986-03-31,1985-12-31,1985-09-30
date,2023-09-30,2023-06-30,2023-03-31,2022-12-31,2022-09-30,2022-06-30,2022-03-31,2021-12-31,2021-09-30,2021-06-30,2021-03-31,2020-12-31,2020-09-30,2020-06-30,2020-03-31,2019-12-31,2019-09-30,2019-06-30,2019-03-31,2018-12-31,2018-09-30,2018-06-30,2018-03-31,2017-12-31,2017-09-30,2017-06-30,2017-03-31,2016-12-31,2016-09-30,2016-06-30,2016-03-31,2015-12-31,2015-09-30,2015-06-30,2015-03-31,2014-12-31,2014-09-30,2014-06-30,2014-03-31,2013-12-31,2013-09-30,2013-06-30,2013-03-31,2012-12-31,2012-09-30,2012-06-30,2012-03-31,2011-12-31,2011-09-30,2011-06-30,2011-03-31,2010-12-31,2010-09-30,2010-06-30,2010-03-31,2009-12-31,2009-09-30,2009-06-30,2009-03-31,2008-12-31,2008-09-30,2008-06-30,2008-03-31,2007-12-31,2007-09-30,2007-06-30,2007-03-31,2006-12-31,2006-09-30,2006-06-30,2006-03-31,2005-12-31,2005-09-30,2005-06-30,2005-03-31,2004-12-31,2004-09-30,2004-06-30,2004-03-31,2003-12-31,2003-09-30,2003-06-30,2003-03-31,2002-12-31,2002-09-30,2002-06-30,2002-03-31,2001-12-31,2001-09-30,2001-06-30,2001-03-31,2000-12-31,2000-09-30,2000-06-30,2000-03-31,1999-12-31,1999-09-30,1999-06-30,1999-03-31,1998-12-31,1998-09-30,1998-06-30,1998-03-31,1997-12-31,1997-09-30,1997-06-30,1997-03-31,1996-12-31,1996-09-30,1996-06-30,1996-03-31,1995-12-31,1995-09-30,1995-06-30,1995-03-31,1994-12-31,1994-09-30,1994-06-30,1994-03-31,1993-12-31,1993-09-30,1993-06-30,1993-03-31,1992-12-31,1992-09-30,1992-06-30,1992-03-31,1991-12-31,1991-09-30,1991-06-30,1991-03-31,1990-12-31,1990-09-30,1990-06-30,1990-03-31,1989-12-31,1989-09-30,1989-06-30,1989-03-31,1988-12-31,1988-09-30,1988-06-30,1988-03-31,1987-12-31,1987-09-30,1987-06-30,1987-03-31,1986-12-31,1986-09-30,1986-06-30,1986-03-31,1985-12-31,1985-09-30
filing_date,2023-11-08,2023-08-08,2023-05-09,2023-03-10,2022-11-09,2022-08-08,2022-05-09,2022-03-30,2021-11-09,2021-08-06,2021-05-07,2021-03-31,2020-11-06,2020-08-07,2020-05-08,2020-03-13,2019-11-07,2019-08-07,2019-05-09,2019-03-15,2018-11-09,2018-08-09,2018-05-10,2018-03-15,2017-11-09,2017-08-04,2017-05-12,2017-03-10,2016-11-04,2016-08-15,2016-05-13,2016-03-11,2015-11-12,2015-08-14,2015-05-13,2015-03-06,2014-11-14,2014-08-14,2014-05-02,2014-03-06,2013-11-08,2013-08-13,2013-05-10,2013-03-08,2012-11-09,2012-08-14,2012-05-14,2012-03-07,2011-11-07,2011-08-05,2011-05-12,2011-03-11,2010-11-12,2010-08-12,2010-05-10,2010-03-09,2009-11-13,2009-08-14,2009-05-05,2009-03-10,2008-10-29,2008-08-05,2008-05-05,2008-03-12,2007-11-09,2007-08-07,2007-05-15,2007-03-15,2006-11-07,2006-08-03,2006-05-10,2006-03-16,2005-11-14,2005-07-28,2005-04-28,2005-03-18,2004-10-28,2004-07-28,2004-04-28,2004-03-05,2003-10-24,2003-07-21,2003-04-30,2003-03-14,2002-11-12,2002-08-14,2002-05-15,2002-03-26,2001-11-14,2001-08-14,2001-05-14,2001-03-28,2000-11-14,2000-08-14,2000-05-15,2000-03-30,1999-11-15,1999-08-16,1999-05-17,1999-03-31,1998-11-13,1998-08-12,1998-05-04,1998-03-27,1997-11-03,1997-08-12,1997-05-14,1997-03-28,1996-11-14,1996-08-13,1996-05-15,1996-03-29,1995-11-13,1995-08-11,1995-05-12,1994-12-31,1994-09-30,1994-06-30,1994-03-31,1993-12-31,1993-09-30,1993-06-30,1993-03-31,1992-12-31,1992-09-30,1992-06-30,1992-03-31,1991-12-31,1991-09-30,1991-06-30,1991-03-31,1990-12-31,1990-09-30,1990-06-30,1990-03-31,1989-12-31,1989-09-30,1989-06-30,1989-03-31,1988-12-31,1988-09-30,1988-06-30,1988-03-31,1987-12-31,1987-09-30,1987-06-30,1987-03-31,1986-12-31,1986-09-30,1986-06-30,1986-03-31,1985-12-31,1985-09-30
currency_symbol,USD,USD,USD,USD,USD,USD,USD,USD,USD,USD,USD,USD,USD,USD,USD,USD,USD,USD,USD,USD,USD,USD,USD,USD,USD,USD,USD,USD,USD,USD,USD,USD,USD,USD,USD,USD,USD,USD,USD,USD,USD,USD,USD,USD,USD,USD,USD,USD,USD,USD,USD,USD,USD,USD,USD,USD,USD,USD,USD,USD,USD,USD,USD,USD,USD,USD,USD,USD,USD,USD,USD,USD,USD,USD,USD,USD,USD,USD,USD,USD,USD,USD,USD,USD,USD,USD,USD,USD,USD,USD,USD,USD,USD,USD,USD,USD,USD,USD,USD,USD,USD,USD,USD,USD,USD,USD,USD,USD,USD,USD,USD,USD,USD,USD,USD,USD,USD,USD,USD,USD,USD,USD,USD,USD,USD,USD,USD,USD,USD,USD,USD,USD,USD,USD,USD,USD,USD,USD,USD,USD,USD,USD,USD,USD,USD,USD,USD,USD,USD,USD,USD,USD,USD
totalAssets,156269000.00,161846000.00,157468000.00,164377000.00,174484000.00,176545000.00,153077000.00,144439000.00,141430000.00,139138000.00,135314000.00,129867736.00,123017000.00,123251000.00,108122000.00,110749000.00,114224000.00,117030000.00,110615000.00,109478000.00,115183000.00,118578000.00,107246000.00,114730000.00,110938000.00,109362000.00,100204000.00,92067000.00,99372000.00,104727000.00,88290000.00,81421000.00,86576000.00,89421000.00,78800000.00,79308000.00,84942000.00,87987000.00,61781000.00,68079000.00,70737000.00,74736000.00,65494000.00,67828000.00,67660000.00,69154000.00,52885000.00,55221736.00,55344000.00,50270000.00,51367000.00,49581018.00,49769000.00,50269000.00,41909000.00,42309473.00,44071000.00,48632000.00,42672000.00,45424072.00,47099000.00,51540000.00,43016000.00,42222393.00,42850000.00,43001000.00,34440000.00,35020966.00,38724000.00,36382000.00,30442000.00,28193966.00,28321000.00,28198000.00,21906000.00,23008603.00,24435000.00,24609000.00,19605000.00,20022897.00,21799000.00,20924000.00,17760000.00,17613996.00,19925000.00,22773000.00,20644000.00,20173370.00,22813000.00,24916000.00,21763000.00,21118215.00,23206000.00,23803000.00,21611000.00,20767450.00,23400000.00,26200000.00,25500000.00,28900000.00,33600000.00,32800000.00,30700000.00,29900000.00,31500000.00,32300000.00,29600000.00,27300000.00,29800000.00,32700000.00,36100000.00,37000000.00,44800000.00,47400000.00,45800000.00,42900000.00,44100000.00,44700000.00,42400000.00,42000000.00,44500000.00,44600000.00,43800000.00,43700000.00,48600000.00,52000000.00,48500000.00,41100000.00,39500000.00,38100000.00,38000000.00,37800000.00,37200000.00,35500000.00,33400000.00,27800000.00,,,,32800000.00,,,,30900000.00,,,,29600000.00,,,,30200000.00,
intangibleAssets,19546000.00,27969.00,20274000.00,20790000.00,21295000.00,21624624.00,16888000.00,17231000.00,17615000.00,18019000.00,18361000.00,18721423.00,16072000.00,15164000.00,15478000.00,15793000.00,16107000.00,16422000.00,16736000.00,16664000.00,16959000.00,17268000.00,17576000.00,17896000.00,18929000.00,19227000.00,19525000.00,13988000.00,16768000.00,13596000.00,17224000.00,11950991.00,8613000.00,12174000.00,12374000.00,12554611.00,12761000.00,14251000.00,4035000.00,4071897.00,4105000.00,4156000.00,4200000.00,4240401.00,4275000.00,4288000.00,3264000.00,3284663.00,3326000.00,1850000.00,3354000.00,1866231.00,,,1863648.00,1863648.00,,,1845391.00,1845391.00,89000.00,89000.00,89000.00,1658880.00,89000.00,89000.00,89000.00,877796.00,89000.00,89000.00,89000.00,857612.00,89000.00,89000.00,89000.00,745010.00,89000.00,89000.00,89000.00,447100.00,89000.00,89000.00,89000.00,364667.00,89000.00,89000.00,156000.00,157017.00,161000.00,162000.00,168000.00,172096.00,174000.00,180000.00,188000.00,,400000.00,400000.00,400000.00,500000.00,500000.00,500000.00,500000.00,500000.00,500000.00,500000.00,500000.00,800000.00,1700000.00,1800000.00,1900000.00,800000.00,800000.00,800000.00,900000.00,900000.00,900000.00,900000.00,900000.00,900000.00,2900000.00,3000000.00,3100000.00,900000.00,3100000.00,3000000.00,500000.00,500000.00,500000.00,500000.00,500000.00,500000.00,600000.00,300000.00,300000.00,300000.00,,,,1300000.00,,,,1400000.00,,,,1600000.00,,,,1700000.00,
earningAssets,,,,,,,,,,,,,,,,,,,,,,,,,,,,,,,,,,,,,,,,,,,,,,,,,,,,,,,,,,,,,,,,,,,,,,,,,,,,,,,,,,,,,,,,,,,,,,,,,,,,,,,,,,,,,,,,,,,,,,,,,,,,,,,,,,,,,,,,,,,,,,,,,,,,,,,,,
otherCurrentAssets,3779000.00,4330000.00,4210000.00,3572000.00,3990000.00,3647000.00,3810000.00,2635000.00,2458000.00,2234000.00,2477000.00,1640904.00,2142000.00,2438000.00,1926000.00,1578248.00,1787000.00,2085000.00,2281000.00,2149295.00,2270000.00,2525000.00,2766000.00,1000.00,-1000.00,2417000.00,2879000.00,2293579.00,1995000.00,2424000.00,2733000.00,2134917.00,2171000.00,2425000.00,2476000.00,2077420.00,1839000.00,1000.00,1755000.00,1.00,1884000.00,2115000.00,1000.00,1925212.00,1911000.00,1859000.00,1926000.00,1269861.00,1075000.00,1298000.00,-1000.00,1402345.00,1174000.00,1213000.00,1229000.00,1133187.00,1207000.00,961000.00,1245000.00,1088394.00,951000.00,1121000.00,1228000.00,1210544.00,1302000.00,1287000.00,1755000.00,1119559.00,1105000.00,1222000.00,1307000.00,866910.00,1007000.00,818000.00,843000.00,763733.00,647000.00,771000.00,873000.00,546185.00,491000.00,772000.00,1030000.00,1249819.00,988000.00,1593000.00,1205000.00,1047586.00,816000.00,780000.00,1128000.00,432537.00,685000.00,801000.00,1000.00,508011.00,200000.00,400000.00,1200000.00,100000.00,900000.00,-100000.00,100000.00,200000.00,100000.00,1500000.00,-100000.00,400000.00,100000.00,400000.00,800000.00,700000.00,1600000.00,900000.00,-100000.00,1000000.00,1200000.00,1100000.00,1300000.00,1200000.00,1100000.00,1200000.00,1300000.00,600000.00,1900000.00,1800000.00,1800000.00,1300000.00,1300000.00,1200000.00,1400000.00,1400000.00,1500000.00,1400000.00,1500000.00,1500000.00,,,,1300000.00,,,,1100000.00,,,,1200000.00,,,,600000.00,
totalLiab,70363000.00,78195000.00,77352000.00,85347000.00,95503000.00,96723000.00,75304000.00,67357000.00,64881000.00,64686000.00,70687000.00,67151293.00,62421000.00,64244000.00,52297000.00,55044000.00,59200000.00,62228000.00,57747000.00,57145000.00,62692000.00,66354000.00,56755000.00,64792000.00,60218000.00,60014000.00,53601000.00,45946000.00,53625000.00,59201000.00,45145000.00,38237000.00,42878000.00,46886000.00,39334000.00,39880000.00,45803000.00,50149000.00,26741000.00,33074000.00,36285000.00,41526000.00,34592000.00,36962000.00,37282000.00,39715000.00,25105000.00,27446809.00,27783000.00,25346000.00,25653000.00,24229207.00,24556000.00,25348000.00,17310000.00,17768223.00,19299000.00,24524000.00,20415000.00,22536409.00,21697000.00,26796000.00,20062000.00,19175650.00,20525000.00,22332000.00,15879000.00,16889607.00,21012000.00,19823000.00,15679000.00,14128972.00,14341000.00,13892000.00,7744000.00,9026139.00,11420000.00,12776000.00,8820000.00,9844273.00,12235000.00,11482000.00,8983000.00,9134191.00,10562000.00,13531000.00,11855000.00,11501471.00,14266000.00,16257000.00,13898000.00,13225595.00,15474000.00,16317000.00,14473000.00,13849459.00,16700000.00,19700000.00,19100000.00,24200000.00,27200000.00,26500000.00,24500000.00,23600000.00,24700000.00,25700000.00,23200000.00,20800000.00,22900000.00,25300000.00,27400000.00,27500000.00,26500000.00,28900000.00,27600000.00,24800000.00,25900000.00,26700000.00,24600000.00,24000000.00,25800000.00,25900000.00,25100000.00,24700000.00,28000000.00,31200000.00,28100000.00,20500000.00,19100000.00,18300000.00,18300000.00,18000000.00,17400000.00,15900000.00,14400000.00,9600000.00,,,,13100000.00,,,,11000000.00,,,,10300000.00,,,,9100000.00,
totalStockholderEquity,85906000.00,83651000.00,80116000.00,79030000.00,78981000.00,79822000.00,77773000.00,77082000.00,76549000.00,74452000.00,64627000.00,62716443.00,60596000.00,59007000.00,55825000.00,55705000.00,55024000.00,54802000.00,52868000.00,52333000.00,52491000.00,52224000.00,50491000.00,49938000.00,50720000.00,49348000.00,46603000.00,46121000.00,45747000.00,45526000.00,43145000.00,43184000.00,43698000.00,42535000.00,39466000.00,39428000.00,39139000.00,37838000.00,35040000.00,35005000.00,34452000.00,33210000.00,30902000.00,30866000.00,30378000.00,29439000.00,27780000.00,27774927.00,27561000.00,24924000.00,25714000.00,25351811.00,25213000.00,24921000.00,24599000.00,24541250.00,24772000.00,24108000.00,22257000.00,22887663.00,25402000.00,24744000.00,22954000.00,23046743.00,22325000.00,20669000.00,18561000.00,18131359.00,17712000.00,16559000.00,14763000.00,14064994.00,13980000.00,14306000.00,14162000.00,13982464.00,13015000.00,11833000.00,10785000.00,10178624.00,9564000.00,9442000.00,8777000.00,8479805.00,9363000.00,9242000.00,8789000.00,8671899.00,8547000.00,8659000.00,7865000.00,7892620.00,7732000.00,7486000.00,7138000.00,6917991.00,6700000.00,6500000.00,6400000.00,4700000.00,6400000.00,6300000.00,6200000.00,6300000.00,6800000.00,6600000.00,6400000.00,6500000.00,6900000.00,7400000.00,8700000.00,9500000.00,18300000.00,18500000.00,18200000.00,18100000.00,18200000.00,18000000.00,17800000.00,18000000.00,18700000.00,18700000.00,18700000.00,19000000.00,20600000.00,20800000.00,20400000.00,20600000.00,20400000.00,19800000.00,19700000.00,19800000.00,19800000.00,19600000.00,19000000.00,18200000.00,,,,19700000.00,,,,19900000.00,,,,19300000.00,,,,21100000.00,
deferredLongTermLiab,,,305000.00,305285.00,,,,,,,,110221.00,,,,49284.00,,,,,0.00,0.00,0.00,0.00,0.00,0.00,0.00,0.00,0.00,0.00,0.00,0.00,0.00,0.00,0.00,0.00,0.00,0.00,0.00,0.00,0.00,0.00,0.00,0.00,0.00,0.00,0.00,0.00,0.00,0.00,,,,,,,,,,,,,,,,,,,,,,,,,,,,,,,,,,,,,,,,,,,,,,,,,,,,,,,,,,,,,,,,,,,,,,,,,,,,,,,,,,,,,,,,,,,,,,,,,,,,,,,
otherCurrentLiab,13873000.00,13424.00,11815000.00,-295207000.00,11113000.00,10333000.00,11554000.00,9280720.00,11215000.00,10278000.00,10288000.00,11349803.00,13376000.00,10680000.00,6955000.00,8576716.00,8202000.00,6865000.00,4641000.00,-108237667.00,4684000.00,4640000.00,3669000.00,-504280667.00,5520000.00,5215000.00,3204000.00,5481000.00,6597000.00,6453000.00,2854000.00,5273000.00,6759000.00,7039000.00,5553000.00,7590000.00,8078000.00,7466000.00,4867000.00,5087000.00,5267000.00,5401000.00,4336000.00,5250000.00,5295000.00,5612000.00,3437000.00,3768525.00,3869000.00,4298000.00,2406000.00,3538649.00,2925000.00,4298000.00,2557000.00,3257062.00,4680000.00,6131000.00,3767000.00,5157990.00,4472000.00,4630000.00,2900000.00,3907194.00,3830000.00,4309000.00,2164000.00,3668769.00,4137000.00,4768000.00,4265000.00,5356250.00,5285000.00,4559000.00,2995000.00,4682360.00,5365000.00,4358000.00,1870000.00,2494492.00,2506000.00,2060000.00,1587000.00,2027282.00,1945000.00,2320000.00,2556000.00,2821333.00,3121000.00,3708000.00,3050000.00,3138821.00,4127000.00,-1000.00,3193000.00,3153674.00,3600000.00,4100000.00,5000000.00,3600000.00,4700000.00,500000.00,500000.00,600000.00,5000000.00,5200000.00,5000000.00,4500000.00,4500000.00,4100000.00,4400000.00,4400000.00,2900000.00,3300000.00,-100000.00,2900000.00,3600000.00,3100000.00,2500000.00,2600000.00,2400000.00,3300000.00,3100000.00,2500000.00,3700000.00,4000000.00,3500000.00,3600000.00,3800000.00,2700000.00,2800000.00,2800000.00,3600000.00,3100000.00,2700000.00,3300000.00,,,,3400000.00,,,,3100000.00,,,,2900000.00,,,,2200000.00,
commonStock,,12773000.00,12717000.00,12698624.00,12690000.00,12657000.00,12655000.00,12654787.00,12653000.00,12576000.00,12145000.00,12100663.00,12101000.00,12094000.00,12094000.00,12094413.00,12094000.00,12094000.00,12094000.00,12094413.00,12094000.00,12094000.00,12094000.00,12094413.00,12094000.00,12089000.00,12003000.00,11971657.00,11967000.00,11967000.00,11960000.00,11876895.00,11851000.00,11752000.00,11688000.00,11632805.00,11592000.00,11439000.00,11407000.00,11407180.00,11395000.00,11353000.00,11268000.00,11218055.00,11146000.00,11147000.00,11147000.00,11134303.00,11040000.00,11041000.00,11009000.00,10935676.00,10903000.00,10842000.00,10823000.00,10782555.00,10781000.00,10770000.00,10758000.00,10732555.00,10731000.00,10733000.00,10704000.00,10668185.00,10617000.00,10602000.00,10552000.00,10482060.00,10438000.00,10434000.00,10408000.00,10404560.00,10376000.00,10355000.00,10147000.00,9623780.00,9600000.00,9572000.00,9360000.00,9132030.00,9131000.00,9132000.00,9131000.00,9130780.00,9033000.00,9033000.00,9033000.00,9033280.00,9033000.00,9033000.00,9033000.00,9033280.00,9030000.00,9030000.00,9030000.00,9030155.00,8700000.00,8700000.00,8700000.00,8700000.00,8700000.00,8700000.00,8700000.00,8700000.00,8700000.00,8600000.00,8600000.00,8600000.00,8500000.00,8500000.00,8500000.00,8500000.00,8500000.00,8500000.00,8500000.00,,,,,,,,,,,,,,,,,,,,,,,,,,,,,,,,,,,,,,
capitalStock,,12773000.00,12717000.00,12698624.00,12690000.00,12657000.00,12655000.00,12654787.00,12653000.00,12576000.00,,,,,,,,,,,,,,,,,,,,,,,,,,,,,,,,,,,,,,,,,,,,,,,,,,,,,,,,,,,,,,,,,,,,,,,,,,,,,,,,,,,,,,,,,,,,,,,,,,,,,,,,,,,,,,,,,,,,,,,,,,,,,,,,,,,,,,,,,,,,,,,
retainedEarnings,76055000.00,74406000.00,71460000.00,70967232.00,72060000.00,72491000.00,70245000.00,69873377.00,67998000.00,66415000.00,59643000.00,58033252.00,56425000.00,55247000.00,52448000.00,51571420.00,50996000.00,50341000.00,48074000.00,47549650.00,47360000.00,46924000.00,44860000.00,44467077.00,45492000.00,44662000.00,42189000.00,41861675.00,41648000.00,40504000.00,37573000.00,37340395.00,37236000.00,36374000.00,33925000.00,33784270.00,33390000.00,32498000.00,30211000.00,30099449.00,29831000.00,29128000.00,27172000.00,27082118.00,26864000.00,26288000.00,24444000.00,24403020.00,24349000.00,23884000.00,22326000.00,22398714.00,22454000.00,22023000.00,20613000.00,20507878.00,20098000.00,19371000.00,18195000.00,18319191.00,18025000.00,16675000.00,15085000.00,14472662.00,14068000.00,12904000.00,11524000.00,11015450.00,10726000.00,9605000.00,8201000.00,7546559.00,6890000.00,6811000.00,5610000.00,5033879.00,4355000.00,3406000.00,2402000.00,2010274.00,1783000.00,1481000.00,866000.00,788443.00,748000.00,478000.00,251000.00,128949.00,-52000.00,-457000.00,-922000.00,-1151455.00,-1289000.00,-1578000.00,-2005000.00,-2212080.00,-2400000.00,-2500000.00,-2600000.00,-4400000.00,-2600000.00,-2700000.00,-2800000.00,-2700000.00,-2200000.00,-2400000.00,-2600000.00,-2900000.00,-2300000.00,-1800000.00,-600000.00,300000.00,9000000.00,9100000.00,8900000.00,9000000.00,8900000.00,8900000.00,8700000.00,8900000.00,9500000.00,9500000.00,9300000.00,9600000.00,10800000.00,10700000.00,10600000.00,10800000.00,10900000.00,10600000.00,10300000.00,10000000.00,10200000.00,10100000.00,9700000.00,9300000.00,,,,10700000.00,,,,11200000.00,,,,11000000.00,,,,12500000.00,
otherLiab,,,,,1205000.00,396000.00,600000.00,629000.00,141000.00,14000.00,140000.00,110221.00,69000.00,49000.00,158000.00,81586.00,15000.00,38000.00,36000.00,53128.00,815000.00,846000.00,857000.00,848000.00,265000.00,345000.00,284000.00,190000.00,574000.00,355000.00,316000.00,388000.00,362000.00,336000.00,314000.00,370000.00,807000.00,439000.00,277000.00,286000.00,972000.00,1021000.00,962000.00,912000.00,1153000.00,1130000.00,1207000.00,1174000.00,1373000.00,1583000.00,1523000.00,1489000.00,1721000.00,1748000.00,1815000.00,1811000.00,1990000.00,1995000.00,1944000.00,1960000.00,542000.00,551000.00,536000.00,507000.00,696000.00,687000.00,663000.00,645000.00,979000.00,953000.00,906000.00,871000.00,420000.00,410000.00,419000.00,421000.00,545000.00,653000.00,603000.00,523000.00,953000.00,910000.00,732000.00,686000.00,241000.00,232000.00,382000.00,405000.00,428000.00,368000.00,378000.00,313000.00,199000.00,216000.00,192000.00,,,,,,,,,,,,,,,,,,,,,,,,,,,,,,,,,,,,,,,,,,,,,,,,,,,,,,,,,,
goodWill,8189000.00,27941031.00,8189000.00,8189000.00,8189000.00,8189000.00,4800000.00,4800000.00,4800000.00,4800000.00,4800000.00,4799829.00,4696000.00,5909000.00,5886000.00,4696000.00,4696000.00,4696000.00,4696000.00,4696000.00,4696000.00,4696000.00,4696000.00,4682000.00,3948000.00,3948000.00,3948000.00,3948000.00,1406000.00,4816000.00,1406000.00,1406000.00,4785000.00,1375000.00,1375000.00,1375000.00,1340000.00,0.00,0.00,0.00,0.00,0.00,0.00,0.00,0.00,0.00,0.00,0.00,0.00,0.00,,,,,,,,,88828.00,88828.00,89000.00,89000.00,89000.00,88828.00,89000.00,89000.00,89000.00,88828.00,89000.00,89000.00,89000.00,88828.00,89000.00,89000.00,89000.00,89000.00,89000.00,89000.00,89000.00,89000.00,89000.00,89000.00,89000.00,89000.00,89000.00,89000.00,156000.00,,,162000.00,168000.00,,,,,192510.00,,,,,,,,,,,,,,,,,,,,,,,,,,,,,,,,,,,,,,,,,,,,,,,,,,,,,,,,,
otherAssets,0.00,750000.00,-1000.00,750000.00,1500000.00,376.00,,,,1000.00,,,16571000.00,41000.00,89000.00,88828.00,202000.00,202000.00,209000.00,202255.00,606000.00,598000.00,22871000.00,23184000.00,23642000.00,23940000.00,24235000.00,18630000.00,19186000.00,19451000.00,19669000.00,14386000.00,14365000.00,14519000.00,14721000.00,14866000.00,15174000.00,1000.00,5116000.00,5157000.00,5217000.00,6940000.00,7004000.00,7066000.00,7207000.00,7239000.00,6158000.00,6194000.00,6153000.00,6173000.00,6211000.00,4738000.00,4322000.00,4426000.00,4435000.00,4465000.00,4409000.00,4428000.00,4446000.00,4509000.00,1976000.00,1927000.00,1879000.00,1883000.00,1662000.00,1016000.00,984000.00,994000.00,1633000.00,1591000.00,1572000.00,1543000.00,847000.00,809000.00,769000.00,746000.00,711000.00,681000.00,456000.00,447000.00,447000.00,432000.00,401000.00,401000.00,1384000.00,1347000.00,1419000.00,1453000.00,1585000.00,1555000.00,1550000.00,1547000.00,1535000.00,1434000.00,1178000.00,,,,,,,,,,,,,,,,,,,,,,,,,,,,,,,,,,,,,,,,,,,,,,,,,,,,,,,,,,
cash,5567000.00,3401000.00,2764000.00,6100000.00,4218000.00,1760000.00,5307000.00,4843000.00,5306000.00,3240000.00,3857000.00,4167376.00,3031000.00,5239000.00,4272000.00,6822000.00,5698000.00,1924000.00,3798000.00,4409000.00,4021000.00,1894000.00,1065000.00,9338000.00,7021000.00,5674000.00,6175000.00,5911000.00,6272000.00,2087000.00,1474000.00,2426000.00,4621000.00,1941000.00,1797000.00,2286000.00,5814000.00,2426000.00,3367000.00,11644000.00,11809000.00,8458000.00,8941000.00,9750000.00,10105000.00,7141000.00,4078000.00,7853343.00,6270000.00,4250000.00,5102000.00,6601416.00,7232000.00,4250000.00,5468000.00,6519065.00,6599000.00,3228000.00,3283000.00,5224564.00,5485000.00,3703000.00,4815000.00,4987991.00,3651000.00,3057000.00,3386000.00,3838172.00,2854000.00,1053000.00,990000.00,1076489.00,518000.00,602000.00,1006000.00,1930394.00,1599000.00,804000.00,892000.00,1390641.00,825000.00,252000.00,789000.00,597670.00,594000.00,245000.00,127000.00,171536.00,639000.00,48000.00,49000.00,21510.00,47000.00,9000.00,,88468.00,,,500000.00,,300000.00,100000.00,,,100000.00,300000.00,300000.00,400000.00,400000.00,100000.00,400000.00,500000.00,200000.00,400000.00,700000.00,500000.00,200000.00,100000.00,300000.00,300000.00,100000.00,,300000.00,900000.00,400000.00,800000.00,1000000.00,1400000.00,1200000.00,,400000.00,1600000.00,1200000.00,500000.00,300000.00,500000.00,,,,300000.00,,,,200000.00,,,,800000.00,,,,400000.00,
cashAndEquivalents,5567000.00,3401000.00,2764000.00,6100000.00,4218000.00,1760000.00,5307000.00,4843350.00,5306000.00,3240000.00,,,,,,,,,,,,,,,,,,,,,,,,,,,,,,,,,,,,,,,,,,,,,,,,,,,,,,,,,,,,,,,,,,,,,,,,,,,,,,,,,,,,,,,,,,,,,,,,,,,,,,,,,,,,,,,,,,,,,,,,,,,,,,,,,,,,,,,,,,,,,,,
totalCurrentLiabilities,25429000.00,25341000.00,24033000.00,22127000.00,24415000.00,33223000.00,21275000.00,20246000.00,19091000.00,19581000.00,20673000.00,20200722.00,23741000.00,20328000.00,13411000.00,16633000.00,16606000.00,18050000.00,11343000.00,13365000.00,11338000.00,17612000.00,11152000.00,16783000.00,13983000.00,12713000.00,8935000.00,12820000.00,13345000.00,18026000.00,9133000.00,11937000.00,13965000.00,16371000.00,11458000.00,15363000.00,14652000.00,18385000.00,9179000.00,9876000.00,10283000.00,14493000.00,9178000.00,11730000.00,11808000.00,15580000.00,6978000.00,8704020.00,8304000.00,10475000.00,5785000.00,9217559.00,7415000.00,10475000.00,6587000.00,6803201.00,17309000.00,22529000.00,6591000.00,8826679.00,8206000.00,11253000.00,6815000.00,8482312.00,7527000.00,8958000.00,4763000.00,6026484.00,7778000.00,8483000.00,6857000.00,7540301.00,7203000.00,13297000.00,7136000.00,8419353.00,8411000.00,9434000.00,5519000.00,6413609.00,9220000.00,8507000.00,6190000.00,6416443.00,6428000.00,8942000.00,10650000.00,7700564.00,8927000.00,10980000.00,8690000.00,7987594.00,10211000.00,10976000.00,9103000.00,8639777.00,16400000.00,19300000.00,12200000.00,17800000.00,23900000.00,23400000.00,11700000.00,11700000.00,12400000.00,14100000.00,13500000.00,12300000.00,9700000.00,11000000.00,10700000.00,11300000.00,10600000.00,11600000.00,11500000.00,9400000.00,8100000.00,8500000.00,8200000.00,8200000.00,8300000.00,18900000.00,17800000.00,17700000.00,9200000.00,10000000.00,9500000.00,7700000.00,7300000.00,6600000.00,6800000.00,7700000.00,5900000.00,5600000.00,5000000.00,3300000.00,,,,3400000.00,,,,3100000.00,,,,3100000.00,,,,2400000.00,
currentDeferredRevenue,,12999576.00,,305285000.00,,,,599280.00,-31000.00,96000.00,1035000.00,110221.00,,-285000.00,,49284.00,,,,113353000.00,,,,509646000.00,,,,501708000.00,,,,389961000.00,,,,256676000.00,,,,330640000.00,,,,402467000.00,,,,281573000.00,,,,,,,,,,,,,,,,,,,,,,,,,,,,,,,,,,,,,,,,,,,,,,2804000.00,,,,,,,,4000000.00,3200000.00,3900000.00,,,,,,,,,,,3300000.00,,,,,,,,,,,,,,,,,,,,,,,,,,,,,,,,,,,,,,
netDebt,40619000.00,50023000.00,51217000.00,57728000.00,67196000.00,62813000.00,49520000.00,43657000.00,41555000.00,43037000.00,47246000.00,43812549.00,36694000.00,39827000.00,35727000.00,32871000.00,38068000.00,43470000.00,43600000.00,39318000.00,46518000.00,46002000.00,43679000.00,37823000.00,38948000.00,41282000.00,38207000.00,27025000.00,33434000.00,38734000.00,34222000.00,23487000.00,23930000.00,28238000.00,25764000.00,21861000.00,24530000.00,28899000.00,13919000.00,11268000.00,13222000.00,17554000.00,15511000.00,14570000.00,14216000.00,15864000.00,12842000.00,9715141.00,11836000.00,8875000.00,13243000.00,6920584.00,8188000.00,8875000.00,3440000.00,2634935.00,2725000.00,8894000.00,8597000.00,6524627.00,7464000.00,11289000.00,7899000.00,5198730.00,8661000.00,9640000.00,7077000.00,6379759.00,9270000.00,9203000.00,6805000.00,4510893.00,6069000.00,4420000.00,1043000.00,-454574.00,1827000.00,4602000.00,3578000.00,3537781.00,5556000.00,5814000.00,4669000.00,4528003.00,6067000.00,7929000.00,6744000.00,5544046.00,7674000.00,9208000.00,8178000.00,7492378.00,8552000.00,9824000.00,8424000.00,7646997.00,10300000.00,11000000.00,10100000.00,16200000.00,18300000.00,18000000.00,16300000.00,15600000.00,16300000.00,16000000.00,13800000.00,13300000.00,16100000.00,18200000.00,18800000.00,18100000.00,20600000.00,21800000.00,19300000.00,17900000.00,19300000.00,20200000.00,17500000.00,16800000.00,19700000.00,20500000.00,18500000.00,18100000.00,17700000.00,19900000.00,18800000.00,12800000.00,11600000.00,12800000.00,12000000.00,10500000.00,10400000.00,10100000.00,9400000.00,5800000.00,,,,8400000.00,,,,6700000.00,,,,5900000.00,,,,5700000.00,
shortTermDebt,1580000.00,1604000.00,1621000.00,1535000.00,1531000.00,1469000.00,1398000.00,1389000.00,1212000.00,1186000.00,1199000.00,1139575.00,1114000.00,1200000.00,1270000.00,1314000.00,1187000.00,1254000.00,1030000.00,266667.00,50539000.00,47896000.00,266667.00,266667.00,45969000.00,46956000.00,44382000.00,-501708000.00,,,,-389961000.00,,,,-256676000.00,,,,-330640000.00,,,,-402467000.00,,,,-281573000.00,,,,,,,,,9324000.00,12122000.00,,,,,3000.00,,10000.00,10000.00,10000.00,,,,10000.00,10000.00,,4968000.00,1991000.00,1420513.00,1118000.00,2873000.00,1928000.00,2176462.00,4319000.00,4001000.00,3397000.00,3093187.00,3026000.00,4367000.00,6588000.00,2840707.00,3402000.00,4347000.00,3397000.00,2589054.00,3535000.00,4708000.00,3246000.00,2722831.00,9900000.00,10500000.00,3600000.00,9800000.00,15300000.00,15000000.00,3600000.00,3700000.00,4100000.00,4700000.00,4400000.00,5300000.00,3500000.00,4200000.00,3800000.00,3700000.00,5600000.00,5700000.00,4900000.00,4000000.00,2600000.00,3000000.00,2400000.00,2400000.00,3600000.00,14700000.00,12700000.00,12800000.00,3000000.00,3300000.00,2600000.00,2400000.00,1400000.00,1500000.00,1500000.00,2300000.00,200000.00,400000.00,400000.00,,,,,,,,,,,,,200000.00,,,,200000.00,
shortLongTermDebt,,,,,,,,,,,,,,,,266667.00,267000.00,267000.00,267000.00,266667.00,50539000.00,47896000.00,44744000.00,266667.00,45969000.00,46956000.00,44382000.00,32935858.00,,,,25912652.00,,,,24146841.00,,,,,,,,,,,,,,,,,,,,,,,,,,,,,,,,,,,,,,,,,,,,,,,,,,,,,,,,,,,,,,,,,,,,,,,,,,,,,,,,,,,,,,,,,,,,,,,,,,,,,,,,,,,,,,,,,,,,,
shortLongTermDebtTotal,46186000.00,53424000.00,53981000.00,63828000.00,71414000.00,64573000.00,54827000.00,48500000.00,46861000.00,46277000.00,51103000.00,47979925.00,39725000.00,45066000.00,39999000.00,39693000.00,43766000.00,45394000.00,47398000.00,43727000.00,50539000.00,47896000.00,44744000.00,47161000.00,45969000.00,46956000.00,44382000.00,32936000.00,39706000.00,40821000.00,35696000.00,25913000.00,28551000.00,30179000.00,27561000.00,24147000.00,30344000.00,31325000.00,17286000.00,22912000.00,25031000.00,26012000.00,24452000.00,24320000.00,24321000.00,23005000.00,16920000.00,17568484.00,18106000.00,13125000.00,18345000.00,13522000.00,15420000.00,13125000.00,8908000.00,9154000.00,9324000.00,12122000.00,11880000.00,11749191.00,12949000.00,14992000.00,12714000.00,10186721.00,12312000.00,12697000.00,10463000.00,10217931.00,12124000.00,10256000.00,7795000.00,5587382.00,6587000.00,5022000.00,2049000.00,1475820.00,3426000.00,5406000.00,4470000.00,4928422.00,6381000.00,6066000.00,5458000.00,5125673.00,6661000.00,8174000.00,6871000.00,5715582.00,8313000.00,9256000.00,8227000.00,7513888.00,8599000.00,9833000.00,8424000.00,7735465.00,10300000.00,11000000.00,10600000.00,16200000.00,18600000.00,18100000.00,16300000.00,15600000.00,16400000.00,16300000.00,14100000.00,13700000.00,16500000.00,18300000.00,19200000.00,18600000.00,20800000.00,22200000.00,20000000.00,18400000.00,19500000.00,20300000.00,17800000.00,17100000.00,19800000.00,20500000.00,18800000.00,19000000.00,18100000.00,20700000.00,19800000.00,14200000.00,12800000.00,12800000.00,12400000.00,12100000.00,11600000.00,10600000.00,9700000.00,6300000.00,,,,8700000.00,,,,6900000.00,,,,6700000.00,,,,6100000.00,
otherStockholderEquity,9851000.00,-1663000.00,-2082000.00,-2547957.00,-2938000.00,-3399000.00,-3774000.00,-4065516.00,-2947000.00,-3693000.00,-6147000.00,-6591505.00,-6084000.00,-6218000.00,-6401000.00,-5972982.00,-5762000.00,-5534000.00,-5121000.00,-5253667.00,-5102000.00,-4925000.00,-4846000.00,-4989498.00,-5058000.00,-5361000.00,-5338000.00,-5376785.00,-5505000.00,-4608000.00,-4109000.00,-3502939.00,-3141000.00,-3482000.00,-3947000.00,-4341921.00,-4661000.00,-5376000.00,-5691000.00,-5816863.00,-5928000.00,-6187000.00,-6491000.00,-6646977.00,-6758000.00,-6859000.00,-6998000.00,-6724077.00,-6846000.00,-6955000.00,-7090000.00,-7107422.00,-7222000.00,-6475000.00,-5870000.00,-5936213.00,-5161000.00,-4558000.00,-4667000.00,-4500722.00,-3092000.00,-2933000.00,-3057000.00,-2379946.00,-2486000.00,-2429000.00,-2638000.00,-2425109.00,-2572000.00,-2621000.00,-2747000.00,-2814889.00,-2483000.00,-1790000.00,-551000.00,356392.00,366000.00,357000.00,451000.00,406761.00,408000.00,579000.00,845000.00,877396.00,5592000.00,5735000.00,5067000.00,5102245.00,4984000.00,5689000.00,5355000.00,5621045.00,5865000.00,6555000.00,6894000.00,6968504.00,8300000.00,10600000.00,10400000.00,13000000.00,12300000.00,13200000.00,13300000.00,13200000.00,13000000.00,13000000.00,12800000.00,13300000.00,14000000.00,13700000.00,14100000.00,13800000.00,14800000.00,14700000.00,14300000.00,22000000.00,21800000.00,21200000.00,20700000.00,20600000.00,22100000.00,21700000.00,21700000.00,21400000.00,23200000.00,23300000.00,22400000.00,22300000.00,22300000.00,21600000.00,21600000.00,21900000.00,21400000.00,20700000.00,20100000.00,19600000.00,,,,19000000.00,,,,17400000.00,,,,15800000.00,,,,15000000.00,
propertyPlantEquipment,30008000.00,29656000.00,26397000.00,29048000.00,28933000.00,29064000.00,26951000.00,27157000.00,26368000.00,25884000.00,21138000.00,22660576.00,14341000.00,14277000.00,14097000.00,14035544.00,14006000.00,14200000.00,14423000.00,14542624.00,14488000.00,14576000.00,14158000.00,13728139.00,9449000.00,9077000.00,8380000.00,7972900.00,7893000.00,7704000.00,7745000.00,7401478.00,7343000.00,7197000.00,7160000.00,6930541.00,6649000.00,6577000.00,6455000.00,5936261.00,5060000.00,2353000.00,2278000.00,2353236.00,2388000.00,2377000.00,2400000.00,2506124.00,2381000.00,2303000.00,2376000.00,2216000.00,2126000.00,1994000.00,2049000.00,2088000.00,2160000.00,2249000.00,2339000.00,2269000.00,2402000.00,2479000.00,2536000.00,2479000.00,2491000.00,2506000.00,2436000.00,2540000.00,2591000.00,2566000.00,2632000.00,2786000.00,2759000.00,2203000.00,2068000.00,2295000.00,2212000.00,2225000.00,2361000.00,2385000.00,2222000.00,2241000.00,2269000.00,2281000.00,2440000.00,2448000.00,2267000.00,2259000.00,2256000.00,2797000.00,2970000.00,3122000.00,3296000.00,3518000.00,3777000.00,,,,,,,,,,,,,,,,,,,,,,,,,,,,,,,,,,,,,,,,,,,,,,,,,,,,,,,,,,
totalCurrentAssets,98526000.00,103471000.00,99184000.00,105600000.00,114567000.00,117453000.00,104438000.00,95251000.00,92647000.00,90434000.00,87315000.00,83685908.00,85678000.00,85423000.00,69861000.00,73146000.00,77090000.00,79086000.00,71877000.00,73372000.00,78434000.00,81439000.00,70217000.00,78102000.00,77847000.00,76345000.00,67589000.00,65464000.00,72293000.00,77574000.00,60876000.00,59634000.00,64868000.00,67706000.00,56920000.00,57511000.00,63121000.00,66075000.00,50210000.00,56986000.00,60461000.00,65443000.00,56212000.00,58409000.00,58066000.00,59538000.00,44327000.00,46522364.00,46810000.00,43849000.00,42780000.00,42627335.00,43321000.00,43849000.00,35424000.00,35755955.00,37502000.00,41955000.00,35887000.00,38646359.00,42721000.00,47134000.00,38601000.00,37860159.00,38697000.00,39479000.00,31020000.00,31487062.00,34500000.00,32225000.00,26238000.00,23865399.00,24715000.00,25186000.00,19069000.00,19968162.00,21512000.00,21703000.00,16788000.00,17191006.00,19130000.00,18251000.00,15090000.00,14932353.00,16101000.00,18978000.00,16958000.00,16460704.00,18972000.00,20564000.00,17243000.00,16449661.00,18375000.00,18851000.00,16657000.00,15596258.00,17400000.00,19600000.00,18600000.00,21500000.00,25500000.00,24300000.00,22300000.00,21700000.00,23500000.00,24400000.00,21700000.00,18200000.00,20900000.00,23900000.00,26700000.00,27300000.00,33000000.00,35000000.00,33100000.00,30400000.00,31500000.00,32300000.00,30000000.00,29500000.00,31600000.00,31900000.00,30700000.00,30400000.00,35400000.00,37800000.00,34500000.00,31300000.00,30300000.00,29300000.00,28800000.00,28100000.00,28100000.00,27200000.00,25100000.00,22800000.00,,,,25700000.00,,,,23000000.00,,,,21400000.00,,,,21200000.00,
longTermInvestments,,,,,,,,,,,,,,,,,,,,,,,,,,,,,,,,,,,,,,,,,,1669000.00,1685000.00,1701987.00,1718000.00,1734000.00,1750000.00,1765831.00,1794000.00,1810000.00,,,,,,,,,,,,,,,,,,,,,,,,,,,,,,,,,,,,,,,,,,,,,,,,,,,,,,,,,,,,,,,,,,,,,,,,,,,,,,,,,,,,,,,,,,,,,,,,,,,,,,,
netTangibleAssets,,,51654000.00,50050768.00,49497000.00,49794000.00,56085000.00,55051000.00,54134000.00,51633000.00,41466000.00,39195191.00,39828000.00,37935000.00,34460000.00,35215873.00,34221000.00,33684000.00,31436000.00,30591641.00,30836000.00,30260000.00,28220000.00,27359618.00,27843000.00,26173000.00,23130000.00,28183925.00,27573000.00,27114000.00,24515000.00,29826570.00,30309000.00,28987000.00,25717000.00,25498445.00,25050000.00,23587000.00,31004000.00,30933348.00,30347000.00,29054000.00,26702000.00,26625902.00,26102000.00,25152000.00,24516000.00,24490264.00,24235000.00,24194000.00,,,,,,,,,,,,,,,,,,,,,,,,,,,,,,,,,,,,,,,,,,,,,,,,,,,,,,,,,,,,,,,,,,,,,,,,,,,,,,,,,,,,,,,,,,,,,,,,,,,,,,,
shortTermInvestments,,,,,,,,,,,,,,,,,,,,,0.00,0.00,0.00,0.00,0.00,0.00,0.00,0.00,0.00,0.00,0.00,0.00,0.00,0.00,0.00,0.00,0.00,0.00,0.00,0.00,0.00,0.00,0.00,0.00,0.00,0.00,0.00,0.00,0.00,0.00,,,,,,,,,,,,,,,,,,,,,,,,,,,,,,,,,,,,,,,,274000.00,,,,,,,,,,,,,,,,,,,,,,,,,,,,,,,,,,,,,,,,,,,,,,,,,,,,,,,,,,,,,,,
netReceivables,33855000.00,39796000.00,32972000.00,32603000.00,40149000.00,46991000.00,34605000.00,34221000.00,36088000.00,36270000.00,31592000.00,27173431.00,32154000.00,33720000.00,27413000.00,25485000.00,30635000.00,35462000.00,25228000.00,25102000.00,30869000.00,34511000.00,24451000.00,26012000.00,31579000.00,32616000.00,21251000.00,20021000.00,25909000.00,34646000.00,19118000.00,19565000.00,23587000.00,27123000.00,16722000.00,19477000.00,24007000.00,30794000.00,16111000.00,15629000.00,17488000.00,25420000.00,14902000.00,16442000.00,16058000.00,23857000.00,14689000.00,12904168.00,16661000.00,20416000.00,12711000.00,12330665.00,14943000.00,20416000.00,10230000.00,10703433.00,11846000.00,18467000.00,9625000.00,10564097.00,16045000.00,20852000.00,12482000.00,12726647.00,16223000.00,18056000.00,9656000.00,10852037.00,14896000.00,14960000.00,9567000.00,9391546.00,11491000.00,12625000.00,8013000.00,8884807.00,11213000.00,11869000.00,6687000.00,7075099.00,9600000.00,9447000.00,6059000.00,6410210.00,7927000.00,9981000.00,7278000.00,6438951.00,8820000.00,10049000.00,6923000.00,5973324.00,7540000.00,8740000.00,7020000.00,6702148.00,9100000.00,9500000.00,8200000.00,7700000.00,12000000.00,10400000.00,7400000.00,7400000.00,10100000.00,9600000.00,8200000.00,7000000.00,9600000.00,9900000.00,7900000.00,8100000.00,9900000.00,10900000.00,8200000.00,7900000.00,9600000.00,10300000.00,7600000.00,8100000.00,10800000.00,9700000.00,7900000.00,7100000.00,11000000.00,11500000.00,8400000.00,7100000.00,10300000.00,9800000.00,7900000.00,7200000.00,9300000.00,9600000.00,7100000.00,5600000.00,,,,5600000.00,,,,5200000.00,,,,3900000.00,,,,4100000.00,
longTermDebt,43327000.00,50464000.00,40135000.00,60610000.00,67934000.00,61160000.00,51140000.00,44747000.00,43165000.00,42502000.00,40626000.00,45186000.00,30703000.00,35742000.00,33853000.00,33240407.00,41369000.00,42699000.00,44718000.00,43727560.00,50539000.00,47896000.00,44744000.00,47161459.00,45969000.00,46956000.00,44382000.00,32935858.00,39706000.00,40822000.00,35696000.00,25912652.00,28551000.00,30179000.00,27551000.00,24146841.00,30344000.00,31325000.00,17286000.00,22911829.00,25031000.00,26012000.00,24452000.00,24319829.00,24321000.00,23005000.00,16920000.00,17568484.00,18106000.00,18601000.00,18345000.00,13522000.00,15421000.00,13125000.00,8908000.00,9154000.00,,,11880000.00,11750000.00,12949000.00,14992000.00,12711000.00,10187000.00,12302000.00,12687000.00,10453000.00,10218000.00,12124000.00,10256000.00,7785000.00,5577000.00,6587000.00,54000.00,58000.00,55000.00,2308000.00,2533000.00,2542000.00,2752000.00,2062000.00,2065000.00,2061000.00,2032000.00,3635000.00,3807000.00,283000.00,2875000.00,4911000.00,4909000.00,4830000.00,4924000.00,5064000.00,5125000.00,5178000.00,,,,,,,,,,,,,,,,,,,,,,,,,,,,,,,,,,,,,,,,,,,,,,,,,,,,,,,,,,
inventory,54575000.00,55944000.00,58488000.00,63325000.00,66210000.00,65039000.00,60716000.00,53552000.00,48795000.00,48691000.00,49389000.00,50704197.00,48351000.00,44311000.00,36250000.00,39261000.00,38970000.00,39615000.00,40570000.00,41332000.00,41274000.00,42510000.00,41900000.00,40087000.00,36799000.00,35638000.00,37285000.00,37238000.00,38117000.00,38417000.00,37551000.00,35508000.00,34497000.00,36217000.00,35925000.00,33671000.00,31461000.00,30885000.00,28977000.00,28219000.00,29280000.00,29450000.00,30450000.00,30292000.00,29992000.00,26681000.00,23634000.00,24494992.00,22804000.00,17970000.00,23354000.00,22292909.00,19972000.00,17970000.00,18497000.00,17400270.00,17850000.00,19299000.00,21734000.00,21769304.00,20240000.00,21458000.00,20076000.00,18934977.00,17521000.00,17079000.00,16223000.00,15677294.00,15645000.00,14990000.00,14374000.00,12530454.00,11699000.00,11141000.00,9207000.00,8389228.00,8053000.00,8259000.00,8336000.00,8179081.00,8214000.00,7780000.00,7212000.00,6674654.00,6592000.00,7159000.00,8348000.00,8802631.00,8697000.00,9413000.00,9143000.00,10022290.00,10103000.00,9301000.00,8841000.00,8297631.00,8100000.00,9700000.00,8700000.00,13300000.00,12300000.00,12800000.00,13800000.00,14100000.00,12500000.00,13000000.00,12600000.00,10400000.00,10300000.00,13500000.00,17600000.00,18000000.00,21300000.00,22800000.00,23100000.00,21000000.00,20500000.00,20800000.00,20800000.00,19900000.00,19600000.00,21000000.00,21200000.00,21800000.00,22100000.00,23700000.00,23300000.00,21500000.00,17500000.00,18300000.00,19100000.00,17900000.00,16100000.00,15700000.00,16200000.00,15200000.00,,,,18500000.00,,,,16500000.00,,,,15500000.00,,,,16100000.00,
accountsPayable,9976000.00,10724000.00,10597000.00,10514000.00,11771000.00,21421000.00,8323000.00,8977000.00,6695000.00,8021000.00,8151000.00,7601123.00,9251000.00,8733000.00,5186000.00,6693000.00,7217000.00,9931000.00,5672000.00,7983000.00,6654000.00,12972000.00,7483000.00,11151000.00,8463000.00,7498000.00,5731000.00,7339000.00,6748000.00,11573000.00,6279000.00,6664000.00,7206000.00,9332000.00,5905000.00,7773000.00,6574000.00,10919000.00,4312000.00,4789000.00,5016000.00,9092000.00,4842000.00,6480000.00,6513000.00,9968000.00,3541000.00,4935495.00,4435000.00,6177000.00,3379000.00,5678910.00,4490000.00,6177000.00,4030000.00,3546139.00,3305000.00,4276000.00,2824000.00,3668689.00,3734000.00,6623000.00,3912000.00,4575118.00,3687000.00,4639000.00,2589000.00,2357715.00,3641000.00,3715000.00,2582000.00,2174051.00,1918000.00,3770000.00,2150000.00,2316480.00,1928000.00,2203000.00,1721000.00,1742655.00,2395000.00,2446000.00,1206000.00,1295974.00,1457000.00,2255000.00,1506000.00,2038524.00,2404000.00,2925000.00,2243000.00,2259719.00,2549000.00,3465000.00,2664000.00,2763272.00,2900000.00,4700000.00,3600000.00,4400000.00,3900000.00,3900000.00,4400000.00,3500000.00,3300000.00,4200000.00,4100000.00,2500000.00,1700000.00,2700000.00,2500000.00,3200000.00,2100000.00,2600000.00,3400000.00,2500000.00,1900000.00,2400000.00,3300000.00,3200000.00,2300000.00,900000.00,2000000.00,2400000.00,2500000.00,2700000.00,3400000.00,1700000.00,2100000.00,2400000.00,2500000.00,2600000.00,2100000.00,2100000.00,1900000.00,,,,,,,,,,,,,,,,,,
totalPermanentEquity,,,,,,,,,,,,,,,,,,,,,0.00,0.00,0.00,0.00,0.00,0.00,0.00,0.00,0.00,0.00,0.00,0.00,0.00,0.00,0.00,0.00,0.00,0.00,0.00,0.00,0.00,0.00,0.00,0.00,0.00,0.00,0.00,0.00,0.00,0.00,,,,,,,,,,,,,,,,,,,,,,,,,,,,,,,,,,,,,,,,,,,,,,,,,,,,,,,,,,,,,,,,,,,,,,,,,,,,,,,,,,,,,,,,,,,,,,,,,,,,,,,
noncontrollingInterestInConsolidatedEntity,,,,,,,,,,,,,,,,,,,,,0.00,0.00,0.00,0.00,0.00,0.00,0.00,0.00,0.00,0.00,0.00,0.00,0.00,0.00,0.00,0.00,0.00,0.00,0.00,0.00,0.00,0.00,0.00,0.00,0.00,0.00,0.00,0.00,0.00,0.00,,,,,,,,,,,,,,,,,,,,,,,,,,,,,,,,,,,,,,,,,,,,,,,,,,,,,,,,,,,,,,,,,,,,,,,,,,,,,,,,,,,,,,,,,,,,,,,,,,,,,,,
temporaryEquityRedeemableNoncontrollingInterests,,,,,,,,,,,,,,,,,,,,,0.00,0.00,0.00,0.00,0.00,0.00,0.00,0.00,0.00,0.00,0.00,0.00,0.00,0.00,0.00,0.00,0.00,0.00,0.00,0.00,0.00,0.00,0.00,0.00,0.00,0.00,0.00,0.00,0.00,0.00,,,,,,,,,,,,,,,,,,,,,,,,,,,,,,,,,,,,,,,,,,,,,,,,,,,,,,,,,,,,,,,,,,,,,,,,,,,,,,,,,,,,,,,,,,,,,,,,,,,,,,,
accumulatedOtherComprehensiveIncome,,-1865000.00,-1979000.00,-2087899.00,-2831000.00,-1927000.00,-1353000.00,-1380648.00,-1156000.00,-846000.00,-1014000.00,-825967.00,-1846000.00,-2116000.00,-2317000.00,-1987870.00,-2304000.00,-2099000.00,-2179000.00,-2057985.00,-1861000.00,-1869000.00,-1616000.00,-1633999.00,-1808000.00,-2042000.00,-2251000.00,-2336201.00,-2363000.00,-2337000.00,-2279000.00,-2530790.00,-2238000.00,-2109000.00,-2200000.00,-1647098.00,-1170000.00,-723000.00,-888000.00,-684521.00,-846000.00,-1084000.00,-1046000.00,-786893.00,-874000.00,-1136000.00,-813000.00,-1038319.00,-982000.00,-445000.00,-531000.00,-875157.00,-922000.00,-1469000.00,-991000.00,-812970.00,-946000.00,-1475000.00,-2029000.00,-1663361.00,-262000.00,269000.00,222000.00,285842.00,126000.00,-408000.00,-877000.00,-941042.00,-880000.00,-859000.00,-1099000.00,-1071236.00,-803000.00,-1070000.00,-1044000.00,-1031587.00,-1306000.00,-1502000.00,-1428000.00,-1370441.00,-1758000.00,-1750000.00,-2065000.00,-2316814.00,-1471000.00,-1370000.00,-1596000.00,-1591157.00,-1663000.00,-1307000.00,-1637000.00,-1379028.00,-1399000.00,-1356000.00,-1278000.00,-1290438.00,-1300000.00,-1300000.00,-1300000.00,-1200000.00,-1200000.00,-1300000.00,-1200000.00,-1200000.00,-1200000.00,-1100000.00,-1100000.00,-1000000.00,-1000000.00,-1100000.00,-1000000.00,-1000000.00,-900000.00,-1000000.00,-1000000.00,-12900000.00,-12500000.00,-12100000.00,-11600000.00,-11500000.00,-12900000.00,-12500000.00,-12300000.00,-12000000.00,-13400000.00,-13200000.00,-12600000.00,-12500000.00,-12800000.00,-12400000.00,-12200000.00,-12100000.00,-11800000.00,-11200000.00,-10800000.00,-10700000.00,,,,-10000000.00,,,,-8700000.00,,,,-7500000.00,,,,-6400000.00,
additionalPaidInCapital,,,,,,,,,,,,,,,,,,,,,0.00,0.00,0.00,0.00,0.00,0.00,0.00,0.00,0.00,0.00,0.00,0.00,0.00,0.00,0.00,0.00,0.00,0.00,0.00,0.00,0.00,0.00,0.00,0.00,0.00,0.00,0.00,0.00,0.00,0.00,,,,,,,,,,,,,,,,,,,,,,,,,,,,,,,,,,,,,,,,,,,,,,,,,,,,,,,,,,,,,,,,,,,,,,,,,,,,,,,,,,,,,,,,,,,,,,,,,,,,,,,
commonStockTotalEquity,,,12717000.00,12698624.00,12690000.00,12657000.00,12655000.00,,12653000.00,12576000.00,12145000.00,12100663.00,12101000.00,12094000.00,12094000.00,12094413.00,12094000.00,12094000.00,12094000.00,12094413.00,12094000.00,12094000.00,12094000.00,12094413.00,12094000.00,12089000.00,12003000.00,11971657.00,11967000.00,11967000.00,11960000.00,11876895.00,11851000.00,11752000.00,11688000.00,11632805.00,11592000.00,11439000.00,11407000.00,11407180.00,11395000.00,11353000.00,11268000.00,11218055.00,11146000.00,11147000.00,11147000.00,11134303.00,11040000.00,11041000.00,11009000.00,10935676.00,10903000.00,10842000.00,10823000.00,10782555.00,10781000.00,10770000.00,10758000.00,10732555.00,10731000.00,10733000.00,10704000.00,10668185.00,10617000.00,10602000.00,10552000.00,10482060.00,10438000.00,10434000.00,10408000.00,10404560.00,10376000.00,10355000.00,10147000.00,9623780.00,9600000.00,9572000.00,9360000.00,9132030.00,9131000.00,9132000.00,9131000.00,9130780.00,9033000.00,9033000.00,9033000.00,9033280.00,9033000.00,9033000.00,9033000.00,9033280.00,9030000.00,9030000.00,9030000.00,9030155.00,8700000.00,8700000.00,8700000.00,8700000.00,8700000.00,8700000.00,8700000.00,8700000.00,8700000.00,8600000.00,8600000.00,8600000.00,8500000.00,8500000.00,8500000.00,8500000.00,8500000.00,8500000.00,8500000.00,,,,,,,,,,,,,,,,,,,,,,,,,,,,,,,,,,,,,,
preferredStockTotalEquity,,,,,,,,,,,,,,,,,,,,,0.00,0.00,0.00,0.00,0.00,0.00,0.00,0.00,0.00,0.00,0.00,0.00,0.00,0.00,0.00,0.00,0.00,0.00,0.00,0.00,0.00,0.00,0.00,0.00,0.00,0.00,0.00,0.00,0.00,0.00,,,,,,,,,,,,,,,,,,,,,,,,,,,,,,,,,,,,,,,,,,,,,,,,,,,,,,,,,,,,,,,,,,,,,,,,,,,,,,,,,,,,,,,,,,,,,,,,,,,,,,,
retainedEarningsTotalEquity,,,71460000.00,70967232.00,72060000.00,72491000.00,70245000.00,,67998000.00,66415000.00,59643000.00,58033252.00,56425000.00,55247000.00,52448000.00,51571420.00,50996000.00,50341000.00,48074000.00,47549650.00,47360000.00,46924000.00,44860000.00,44467077.00,45492000.00,44662000.00,42189000.00,41861675.00,41648000.00,40504000.00,37573000.00,37340395.00,37236000.00,36374000.00,33925000.00,33784270.00,33390000.00,32498000.00,30211000.00,30099449.00,29831000.00,29128000.00,27172000.00,27082118.00,26864000.00,26288000.00,24444000.00,24403020.00,24349000.00,23884000.00,,,,,,,,,,,,,,,,,,,,,,,,,,,,,,,,,,,,,,,,,,,,,,,,,,,,,,,,,,,,,,,,,,,,,,,,,,,,,,,,,,,,,,,,,,,,,,,,,,,,,,,
treasuryStock,,,-15996000.00,-15995622.00,-15996000.00,-15996000.00,-15996000.00,-15995620.00,-14522000.00,-14522000.00,-14522000.00,-14522180.00,-14522000.00,-14522000.00,-14449000.00,-14235190.00,-14235000.00,-14235000.00,-14235000.00,-14235190.00,-13870000.00,-13870000.00,-13870000.00,-13870041.00,-13870000.00,-13870000.00,-13870000.00,-13870041.00,-13870000.00,-13870000.00,-13809000.00,-12962947.00,-12445000.00,-12283000.00,-12283000.00,-12283251.00,-12283000.00,-12283000.00,-12283000.00,-12283251.00,-12283000.00,-12283000.00,-12283000.00,-12283251.00,-12214000.00,-12214000.00,-12214000.00,-11844354.00,-11808000.00,-11808000.00,-11808000.00,-11711000.00,-11711000.00,-10862000.00,-10144000.00,-10144000.00,-9275000.00,-8621000.00,-8621000.00,-8407000.00,-6930000.00,-6717000.00,-6717000.00,-5930000.00,-5924000.00,-5786000.00,-5786000.00,-5439000.00,-5439000.00,-5439000.00,-5439000.00,-5439000.00,-5076000.00,-4078000.00,-2829000.00,-1875000.00,-1857000.00,-1857000.00,-1672000.00,-1622000.00,-1621000.00,-1450000.00,-1184000.00,-1152000.00,-985000.00,-937000.00,-937000.00,-937000.00,-809000.00,-648000.00,-648000.00,-648000.00,-648000.00,-648000.00,-648000.00,,,,,,,,,,,,,,,,,,,,,,,,,,,,,,,,,,,,,,,,,,,,,,,,,,,,,,,,,,
accumulatedAmortization,,,,,,,,,,,,,,,,,,,,,,,,,,,,,,,,,,,,,,,,,,,,,,,,,,,,,,,,,,,,,,,,,,,,,,,,,,,,,,,,,,,,,,,,,,,,,,,,,,,,,,,,,,,,,,,,,,,,,,,,,,,,,,,,,,,,,,,,,,,,,,,,,,,,,,,,,
nonCurrrentAssetsOther,-305000.00,-305000.00,445000.00,750000.00,1500000.00,1500000.00,3064000.00,-599280.00,3187000.00,1000.00,3700000.00,2421669.00,40000.00,39000.00,89000.00,89000.00,202000.00,202000.00,203000.00,203000.00,606000.00,599000.00,599000.00,322000.00,765000.00,765000.00,761000.00,694000.00,1012000.00,1039000.00,1039000.00,14386000.00,967000.00,971000.00,973000.00,14866000.00,1072000.00,1084000.00,1081000.00,5157000.00,1111000.00,2784000.00,2804000.00,5364000.00,2931000.00,2951000.00,2894000.00,88828.00,2827000.00,2577000.00,2857000.00,88828.00,4322000.00,4426000.00,4435000.00,88828.00,4409000.00,4428000.00,4446000.00,2000000.00,1887000.00,1838000.00,1790000.00,,1573000.00,927000.00,894000.00,,1544000.00,1502000.00,1483000.00,596087.00,758000.00,720000.00,680000.00,,622000.00,592000.00,367000.00,,332000.00,317000.00,286000.00,,1295000.00,1258000.00,1263000.00,1296665.00,1424000.00,1393000.00,1382000.00,1374855.00,1361000.00,1254000.00,989000.00,992530.00,1000000.00,800000.00,900000.00,900000.00,900000.00,800000.00,800000.00,900000.00,800000.00,700000.00,800000.00,1600000.00,600000.00,400000.00,500000.00,1600000.00,2400000.00,2800000.00,2900000.00,3100000.00,3200000.00,3100000.00,3300000.00,3500000.00,1600000.00,1500000.00,1500000.00,3700000.00,600000.00,600000.00,3300000.00,100000.00,200000.00,200000.00,300000.00,200000.00,100000.00,100000.00,300000.00,300000.00,,,,100000.00,,,,100000.00,,,,100000.00,,,,,
deferredLongTermAssetCharges,,,,,,,,,,,,,,,,,,,,113353.00,,,,509646.00,,,,668641.00,,,,880917.00,,,,812649.00,,,,945709.00,,,,967892.00,,,,1053926.00,,,,,,,,,,,,,,,,,,,,,,,,,,,,,,,,,,,,,,,,,,,,,,,,,,,,,,,,,,,,,,,,,,,,,,,,,,,,,,,,,,,,,,,,,,,,,,,,,,,,,,,,,
nonCurrentAssetsTotal,57743000.00,57625000.00,58285000.00,58777000.00,59917000.00,59092000.00,48639000.00,49188000.00,48783000.00,48704000.00,47999000.00,46181828.00,37339000.00,37828000.00,38261000.00,37603000.00,37134000.00,37944000.00,38738000.00,36106000.00,36749000.00,37139000.00,37029000.00,36628000.00,33091000.00,33017000.00,32615000.00,26603000.00,27079000.00,27153000.00,27414000.00,21787000.00,21708000.00,21715000.00,21880000.00,21797000.00,21821000.00,21911000.00,11571000.00,11093000.00,10276000.00,9293000.00,9282000.00,9419000.00,9594000.00,9616000.00,8558000.00,8699372.00,8534000.00,6421000.00,8587000.00,6953683.00,6448000.00,6420000.00,6485000.00,6553518.00,6569000.00,6677000.00,6785000.00,6777713.00,4378000.00,4406000.00,4415000.00,4362234.00,4153000.00,3522000.00,3420000.00,3533904.00,4224000.00,4157000.00,4204000.00,4328567.00,3606000.00,3012000.00,2837000.00,3040441.00,2923000.00,2906000.00,2817000.00,2831891.00,2669000.00,2673000.00,2670000.00,2681643.00,3824000.00,3795000.00,3686000.00,3712666.00,3841000.00,4352000.00,4520000.00,4668554.00,4831000.00,4952000.00,4954000.00,5171192.00,6000000.00,6600000.00,6900000.00,7400000.00,8100000.00,8500000.00,8400000.00,8200000.00,8000000.00,7900000.00,7900000.00,9100000.00,8900000.00,8800000.00,9400000.00,9700000.00,11800000.00,12400000.00,12700000.00,12500000.00,12600000.00,12400000.00,12400000.00,12500000.00,12900000.00,12700000.00,13100000.00,13300000.00,13200000.00,14200000.00,14000000.00,9800000.00,9200000.00,8800000.00,9200000.00,9700000.00,9100000.00,8300000.00,8300000.00,5000000.00,,,,7100000.00,,,,7900000.00,,,,8200000.00,,,,9000000.00,
capitalLeaseObligations,2444000.00,2549000.00,2844000.00,2813000.00,3091000.00,3024000.00,3298000.00,3364000.00,3429000.00,3508000.00,3858000.00,2526933.00,2269000.00,2506000.00,2768000.00,3008494.00,2130000.00,2428000.00,2680000.00,,,,,,,,,,,,,,,,,,,,,,,,,,,,,,,,,,,,,,,,,,,,,,,,,,,,,,,,,,,,,,,,,,,,,,,,,,,,,,,,,,,,,,,,,,,,,,,,,,,,,,,,,,,,,,,,,,,,,,,,,,,,,,,,,,,,,,
longTermDebtTotal,43327000.00,50464000.00,40135000.00,61537000.00,67934000.00,50263000.00,40151000.00,44747000.00,40454000.00,39550000.00,40626000.00,45186000.00,30703000.00,35742000.00,33853000.00,33240407.00,41369000.00,42699000.00,44718000.00,43727560.00,50539000.00,47896000.00,44744000.00,47161459.00,45969000.00,46956000.00,44382000.00,32935858.00,39706000.00,40822000.00,35696000.00,25912652.00,28551000.00,30179000.00,27551000.00,24146841.00,30344000.00,31325000.00,17286000.00,22911829.00,25031000.00,26012000.00,24452000.00,24319829.00,24321000.00,23005000.00,16920000.00,17568484.00,18106000.00,18601000.00,,,,,,,,,,,,,,,,,,,,,,,,,,,,,,,,,,,,,,,,,,,,,,,,,,,,,,,,,,,,,,,,,,,,,,,,,,,,,,,,,,,,,,,,,,,,,,,,,,,,,,,
nonCurrentLiabilitiesOther,328000.00,1034000.00,12879000.00,927000.00,1205000.00,396000.00,600000.00,,141000.00,14000.00,5880000.00,4565136.00,4469000.00,4666000.00,5034000.00,5171076.00,1225000.00,1479000.00,1686000.00,53128.00,815000.00,846000.00,857000.00,847383.00,266000.00,345000.00,284000.00,190140.00,574000.00,355000.00,316000.00,388400.00,362000.00,336000.00,314000.00,370009.00,807000.00,439000.00,277000.00,285955.00,972000.00,1021000.00,962000.00,911467.00,1153000.00,1130000.00,1207000.00,1174305.00,1373000.00,1583000.00,,,,,,,,,,,,,,,,,,,,,,,,,,,,,,,,,,,,,,,,,,,,,,,,,,,,,,,,,,,,,,,,,,,,,,,,,,,,,,,,,,,,,,,,,,,,,,,,,,,,,,,
nonCurrentLiabilitiesTotal,44934000.00,52854000.00,53319000.00,63220000.00,71088000.00,63500000.00,54029000.00,47111000.00,45790000.00,45105000.00,50014000.00,46950571.00,38680000.00,43916000.00,38886000.00,38411000.00,42594000.00,44178000.00,46404000.00,43780000.00,51354000.00,48742000.00,45603000.00,48009000.00,46235000.00,47301000.00,44666000.00,33126000.00,40280000.00,41175000.00,36012000.00,26300000.00,28913000.00,30515000.00,27876000.00,24517000.00,31151000.00,31764000.00,17562000.00,23198000.00,26002000.00,27033000.00,25414000.00,25232000.00,25474000.00,24135000.00,18127000.00,18742789.00,19479000.00,14871000.00,19868000.00,15011648.00,17141000.00,14873000.00,10723000.00,10965022.00,1990000.00,1995000.00,13824000.00,13709730.00,13491000.00,15543000.00,13247000.00,10693338.00,12998000.00,13374000.00,11116000.00,10863123.00,13234000.00,11340000.00,8822000.00,6588671.00,7138000.00,595000.00,608000.00,606786.00,3009000.00,3342000.00,3301000.00,3430664.00,3015000.00,2975000.00,2793000.00,2717748.00,4134000.00,4589000.00,1205000.00,3800907.00,5339000.00,5277000.00,5208000.00,5238001.00,5263000.00,5341000.00,5370000.00,5209682.00,300000.00,400000.00,6900000.00,6400000.00,3300000.00,3100000.00,12800000.00,11900000.00,12300000.00,11600000.00,9700000.00,8500000.00,13200000.00,14300000.00,16700000.00,16200000.00,15900000.00,17300000.00,16100000.00,15400000.00,17800000.00,18200000.00,16400000.00,15800000.00,17500000.00,7000000.00,7300000.00,7000000.00,18800000.00,21200000.00,18600000.00,12800000.00,11800000.00,11700000.00,11500000.00,10300000.00,11500000.00,10300000.00,9400000.00,6300000.00,,,,9700000.00,,,,7900000.00,,,,7200000.00,,,,6700000.00,
negativeGoodwill,,,,,,,,,,,,,,,,,,,,,,,,,,,,,,,,,,,,,,,,,,,,,,,,,,,,,,,,,,,,,,,,,,,,,,,,,,,,,,,,,,,,,,,,,,,,,,,,,,,,,,,,,,,,,,,,,,,,,,,,,,,,,,,,,,,,,,,,,,,,,,,,,,,,,,,,,
warrants,,,,,,,,,,,,,,,,,,,,,,,,,,,,,,,,,,,,,,,,,,,,,,,,,,,,,,,,,,,,,,,,,,,,,,,,,,,,,,,,,,,,,,,,,,,,,,,,,,,,,,,,,,,,,,,,,,,,,,,,,,,,,,,,,,,,,,,,,,,,,,,,,,,,,,,,,
preferredStockRedeemable,,,,,,,,,,,,,,,,,,,,,,,,,,,,,,,,,,,,,,,,,,,,,,,,,,,,,,,,,,,,,,,,,,,,,,,,,,,,,,,,,,,,,,,,,,,,,,,,,,,,,,,,,,,,,,,,,,,,,,,,,,,,,,,,,,,,,,,,,,,,,,,,,,,,,,,,,
capitalSurpluse,,14333000.00,13914000.00,13447797.00,13058000.00,12598000.00,12222000.00,11930070.00,11575000.00,10829000.00,8375000.00,7930670.00,8438000.00,8304000.00,8048000.00,8262208.00,8473000.00,8701000.00,9114000.00,8981523.00,8768000.00,8945000.00,9024000.00,8880543.00,8812000.00,8509000.00,8532000.00,8493256.00,8365000.00,9262000.00,9700000.00,9460008.00,9304000.00,8801000.00,8336000.00,7941330.00,7622000.00,6907000.00,6592000.00,6466388.00,6355000.00,6096000.00,5792000.00,5636274.00,5455000.00,5355000.00,5216000.00,5120277.00,4962000.00,4853000.00,,,,,,,,,,,,,,,,,,,,,,,,,,,,,,,,,,,,,,,,,,,,,,,,,,,,,,,,,,,,,,,,,,,,,,,,,,,,,,,,,,,,,,,,,,,,,,,,,,,,,,,
liabilitiesAndStockholdersEquity,156269000.00,161846000.00,157468000.00,164377000.00,174484000.00,176545000.00,153077000.00,144439000.00,141430000.00,139138000.00,135314000.00,129867736.00,123017000.00,123251000.00,108122000.00,110749000.00,114224000.00,117030000.00,110615000.00,109478000.00,115183000.00,118578000.00,107246000.00,114730000.00,110938000.00,109362000.00,100204000.00,92067000.00,99372000.00,104727000.00,88290000.00,81421000.00,86576000.00,89421000.00,78800000.00,79308000.00,84942000.00,87987000.00,61781000.00,68079000.00,70737000.00,74736000.00,65494000.00,67828000.00,67660000.00,69154000.00,52885000.00,55221736.00,55344000.00,50270000.00,51367000.00,49581018.00,49769000.00,50269000.00,41909000.00,42309473.00,44071000.00,48632000.00,42672000.00,45424072.00,47099000.00,51540000.00,43016000.00,42222393.00,42850000.00,43001000.00,34440000.00,35020966.00,38724000.00,36382000.00,30442000.00,28193966.00,28321000.00,28198000.00,21906000.00,23008603.00,24435000.00,24609000.00,19605000.00,20022897.00,21799000.00,20924000.00,17760000.00,17613996.00,19925000.00,22773000.00,20644000.00,20173370.00,22813000.00,24916000.00,21763000.00,21118215.00,23206000.00,23803000.00,21611000.00,20767450.00,23400000.00,26200000.00,25500000.00,28900000.00,33600000.00,32800000.00,30700000.00,29900000.00,31500000.00,32300000.00,29600000.00,27300000.00,29800000.00,32700000.00,36100000.00,37000000.00,44800000.00,47400000.00,45800000.00,42900000.00,44100000.00,44700000.00,42400000.00,42000000.00,44500000.00,44600000.00,43800000.00,43700000.00,48600000.00,52000000.00,48500000.00,41100000.00,39500000.00,38100000.00,38000000.00,37800000.00,37200000.00,35500000.00,33400000.00,27800000.00,,,,32800000.00,,,,30900000.00,,,,29600000.00,,,,30200000.00,
cashAndShortTermInvestments,5567000.00,3401000.00,2764000.00,6100000.00,4218000.00,1760000.00,5307000.00,4843000.00,5306000.00,3240000.00,3857000.00,4167376.00,3031000.00,5239000.00,4272000.00,6822000.00,5698000.00,1924000.00,3798000.00,4409000.00,4021000.00,1894000.00,1065000.00,9338000.00,7021000.00,5674000.00,6175000.00,5911000.00,6272000.00,2087000.00,1474000.00,2426000.00,4621000.00,1941000.00,1797000.00,2286000.00,5814000.00,2426000.00,3367000.00,11644000.00,11809000.00,8458000.00,8941000.00,9750000.00,10105000.00,7141000.00,4078000.00,7853343.00,6270000.00,4250000.00,5102000.00,6601416.00,7232000.00,4250000.00,5468000.00,6519065.00,6599000.00,3228000.00,3283000.00,5224564.00,5485000.00,3703000.00,4815000.00,4987991.00,3651000.00,3057000.00,3386000.00,3838172.00,2854000.00,1053000.00,990000.00,1076489.00,518000.00,602000.00,1006000.00,1930394.00,1599000.00,804000.00,892000.00,1390641.00,825000.00,252000.00,789000.00,597670.00,594000.00,245000.00,127000.00,171536.00,639000.00,322000.00,49000.00,21510.00,47000.00,9000.00,795000.00,88468.00,,,500000.00,400000.00,300000.00,100000.00,1000000.00,,100000.00,300000.00,300000.00,400000.00,400000.00,100000.00,400000.00,500000.00,200000.00,400000.00,700000.00,500000.00,200000.00,100000.00,300000.00,300000.00,100000.00,,300000.00,900000.00,400000.00,800000.00,1000000.00,1400000.00,1200000.00,,400000.00,1600000.00,1200000.00,500000.00,300000.00,500000.00,,,,300000.00,,,,200000.00,,,,800000.00,,,,400000.00,
propertyPlantAndEquipmentGross,,,50826000.00,50085260.00,48765000.00,48558000.00,45496000.00,,44096000.00,25884000.00,24838000.00,39193259.00,16531000.00,16715000.00,16808000.00,17024816.00,16129000.00,16624000.00,17097000.00,14542624.00,14488000.00,14576000.00,14158000.00,13728139.00,9449000.00,9077000.00,8380000.00,7972900.00,7893000.00,7704000.00,7745000.00,7401478.00,7343000.00,7197000.00,7160000.00,6930541.00,6649000.00,6577000.00,6455000.00,5936261.00,5060000.00,2353000.00,2278000.00,2353236.00,2388000.00,2377000.00,2400000.00,2506124.00,2381000.00,2303000.00,2376000.00,2215756.00,2126000.00,1994000.00,2049000.00,2088168.00,2160000.00,2249000.00,2339000.00,2269443.00,2402000.00,2479000.00,2536000.00,2479358.00,2491000.00,2506000.00,2437000.00,2540045.00,2591000.00,2566000.00,2632000.00,2786040.00,2759000.00,2203000.00,2068000.00,2295431.00,2212000.00,2225000.00,2361000.00,2384791.00,2222000.00,2241000.00,2269000.00,2281448.00,2440000.00,2448000.00,2267000.00,2258984.00,2256000.00,2797000.00,2970000.00,3121603.00,3296000.00,3518000.00,3777000.00,3986152.00,4600000.00,5400000.00,5600000.00,6000000.00,6700000.00,7200000.00,7100000.00,6800000.00,6700000.00,6700000.00,6600000.00,6700000.00,6600000.00,6600000.00,7000000.00,7300000.00,8600000.00,8800000.00,8900000.00,8500000.00,8500000.00,8400000.00,8200000.00,8100000.00,8400000.00,8200000.00,8500000.00,8700000.00,9500000.00,10600000.00,10200000.00,9200000.00,8500000.00,8100000.00,8400000.00,9000000.00,8400000.00,7900000.00,7700000.00,4400000.00,,,,5700000.00,,,,6400000.00,,,,6500000.00,,,,7300000.00,
propertyPlantAndEquipmentNet,30008000.00,29656000.00,29072000.00,29048000.00,28933000.00,29064000.00,26951000.00,27157000.00,26368000.00,25884000.00,24838000.00,22660576.00,16531000.00,16716000.00,16808000.00,17025000.00,16129000.00,16624000.00,17103000.00,14543000.00,14488000.00,14576000.00,14158000.00,13728000.00,9449000.00,9077000.00,8381000.00,7973000.00,7893000.00,7702000.00,7745000.00,7401000.00,7343000.00,7195000.00,7158000.00,6931000.00,6648000.00,6576000.00,6455000.00,5936000.00,5060000.00,2353000.00,2278000.00,2353000.00,2388000.00,2377000.00,2400000.00,2506124.00,2381000.00,1994000.00,2376000.00,2215756.00,2126000.00,1994000.00,2050000.00,2088168.00,2160000.00,2249000.00,2339000.00,2269443.00,2402000.00,2479000.00,2536000.00,2479358.00,2491000.00,2506000.00,2437000.00,2540045.00,2591000.00,2566000.00,2632000.00,2786040.00,2759000.00,2203000.00,2068000.00,2295431.00,2212000.00,2225000.00,2361000.00,2384791.00,2222000.00,2241000.00,2269000.00,2281448.00,2440000.00,2448000.00,2267000.00,2258984.00,2256000.00,2797000.00,2970000.00,3121603.00,3296000.00,3518000.00,3777000.00,3986152.00,4600000.00,5400000.00,5600000.00,6000000.00,6700000.00,7200000.00,7100000.00,6800000.00,6700000.00,6700000.00,6600000.00,6700000.00,6600000.00,6600000.00,7000000.00,7300000.00,8600000.00,8800000.00,8900000.00,8500000.00,8500000.00,8400000.00,8200000.00,8100000.00,8400000.00,8200000.00,8500000.00,8700000.00,9500000.00,10600000.00,10200000.00,9200000.00,8500000.00,8100000.00,8400000.00,9000000.00,8400000.00,7900000.00,7700000.00,4400000.00,,,,5700000.00,,,,6400000.00,,,,6500000.00,,,,7300000.00,
accumulatedDepreciation,,,-24429000.00,-23669724.00,-22723000.00,-22281000.00,-21609000.00,,-20914000.00,-20332000.00,-19693000.00,-18954352.00,-18344000.00,-17681000.00,-17078000.00,-16591890.00,-16843000.00,-16384000.00,-15814000.00,-15267877.00,-14879000.00,-14371000.00,-14008000.00,-13504914.00,-13018000.00,-12495000.00,-11971000.00,-11537242.00,-11302000.00,-10916000.00,-10589000.00,-8687902.00,-9432000.00,-9164000.00,-8785000.00,-8698235.00,-8479000.00,-8370000.00,-9647000.00,-9419761.00,-7607000.00,-8900000.00,-8672000.00,-8515327.00,-8284000.00,-8014000.00,-7986000.00,-7716224.00,-9925000.00,-9950000.00,,,,,,,,,,,,,,,,,,,,,,,,,,,,,,,,,,,,,,,,,,,,,,,,,,,,,,,,,,,,,,,,,,,,,,,,,,,,,,,,,,,,,,,,,,,,,,,,,,,,,,,
netWorkingCapital,73097000.00,78130000.00,75151000.00,83473000.00,90152000.00,84230000.00,83163000.00,75005000.00,73556000.00,70853000.00,66642000.00,63485186.00,61937000.00,65095000.00,56450000.00,,,,,,,,,,,,,,,,,,,,,,,,,,,,,,,,,,,,,,,,,,,,,,,,,,,,,,,,,,,,,,,,,,,,,,,,,,,,,,,,,,,,,,,,,,,,,,,,,,,,,,,,,,,,,,,,,,,,,,,,,,,,,,,,,,,,,,,,,,
netInvestedCapital,43327000.00,50464000.00,130848000.00,60610000.00,67934000.00,61160000.00,51140000.00,44747000.00,43165000.00,42502000.00,111605000.00,107902768.00,97785000.00,101301000.00,92788000.00,,,,,,,,,,,,,,,,,,,,,,,,,,,,,,,,,,,,,,,,,,,,,,,,,,,,,,,,,,,,,,,,,,,,,,,,,,,,,,,,,,,,,,,,,,,,,,,,,,,,,,,,,,,,,,,,,,,,,,,,,,,,,,,,,,,,,,,,,,
commonStockSharesOutstanding,3721000.00,3591000.00,3541000.00,3537000.00,3692000.00,3841000.00,3848000.00,3915000.00,4058000.00,3964000.00,3911000.00,3911000.00,3462000.00,3481000.00,3519000.00,3453000.00,3486000.00,3485000.00,3392000.00,3421000.00,3551000.00,3625000.00,3662000.00,3676000.00,3794000.00,3780000.00,3730000.00,3668000.00,3641000.00,3583000.00,3572000.00,3696000.00,3699000.00,3682000.00,3702000.00,3625000.00,3546000.00,3539000.00,3443000.00,3395000.00,3325000.00,3265000.00,3213000.00,3175000.00,3133000.00,3144000.00,3131000.00,3131000.00,3120000.00,3118000.00,3105000.00,3105000.00,3192000.00,3289000.00,3274000.00,3274000.00,3353000.00,3388000.00,3402000.00,3402000.00,3650000.00,3665000.00,3666000.00,3666000.00,3728571.00,3698000.00,3725000.00,3725000.00,3712121.00,3731000.00,3735000.00,3735000.00,3840000.00,3848000.00,3857000.00,3857000.00,3842000.00,3722000.00,3592000.00,3592000.00,3586000.00,3520000.00,3480000.00,3480000.00,3563000.00,3599000.00,3612000.00,3612000.00,3604000.00,3615000.00,3573000.00,3573000.00,3798000.00,3590000.00,3690000.00,3690000.00,3377000.00,3377000.00,3378846.00,3377000.00,3708000.00,2500000.00,3333333.00,3368000.00,3353000.00,3330000.00,3369000.00,3369000.00,3338000.00,3338000.00,3338000.00,3338000.00,3337620.00,3355122.00,3353899.00,3353899.00,2500000.00,3333333.00,2500000.00,2500000.00,2500000.00,4000000.00,2500000.00,2500000.00,2857143.00,3333333.00,3333333.00,3333333.00,3076923.00,3076923.00,3636364.00,3636364.00,3333333.00,3333333.00,3076923.00,3076923.00,3173000.00,3173000.00,3173000.00,3173000.00,3173000.00,3173000.00,3173000.00,3173000.00,3173000.00,3173000.00,3220000.00,3220000.00,3220000.00,3220000.00,3220000.00,3220000.00,3200000.00
investments,,-2320000.00,-701000.00,-1018655.00,-838000.00,-11852000.00,-518000.00,-1580615.00,-1441000.00,-1871000.00,-1480000.00,-9796902.00,-758000.00,-726000.00,-2671000.00,-557479.00,-364000.00,-321000.00,-438000.00,,,,,,,,,,,,,,,,,,,,,,,,,,,,,,,,,,,,,,,,,,,,,,,,,,,,,,,,,,,,,,,,,,,,,,,,,,,,,,,,,,,,,,,,,,,,,,,,,,,,,,,,,,,,,,,,,,,,,,,,,,,,,,,,,,,,,,
changeToLiabilities,,,,,-9603000.00,10766000.00,1885000.00,2456258.00,-1305000.00,-428000.00,774000.00,-1579821.00,79000.00,3467000.00,-1506000.00,-351060.00,-2807000.00,4177000.00,-2544000.00,1337894.00,-6272000.00,5513000.00,-3645000.00,3513000.00,1049000.00,1732000.00,-3862000.00,712000.00,1244000.00,5849000.00,,-1065428.00,,1159000.00,,3981000.00,3881000.00,7238000.00,,,,2706000.00,,2958000.00,2981000.00,6692000.00,,,,3755000.00,,2273000.00,664000.00,3865000.00,,,,1249000.00,,,58000.00,2685000.00,,2080000.00,1249000.00,2820000.00,,,297000.00,936000.00,,661000.00,307000.00,1437000.00,,2802000.00,2906000.00,1844000.00,,780000.00,1063000.00,1092000.00,,,,,,,31000.00,1234000.00,,,759000.00,352000.00,,,,,,,,,,,,,,,,,,,,,,,,,,,,,,,,,,,,,,,,,,,,,,,,,,,,,,,,,,,
totalCashflowsFromInvestingActivities,,-3021000.00,-701000.00,-1018655.00,-838000.00,-11852000.00,-518000.00,-6372620.00,-1441000.00,-1871000.00,-1480000.00,-9796902.00,-758000.00,-726000.00,-2671000.00,-557479.00,-364000.00,-321000.00,-438000.00,-978914.00,-433000.00,-922000.00,-897000.00,-4745308.00,-801000.00,-1096000.00,-7737000.00,-490104.00,-568000.00,-322000.00,-7430000.00,-514629.00,-529000.00,-296000.00,-574000.00,-622423.00,-453000.00,-13328000.00,-790000.00,-1233181.00,-1221000.00,-332000.00,-181000.00,-195364.00,-334000.00,-1655000.00,-104000.00,0.00,0.00,0.00,,,,,,,,,,,,,,,,,,,,,,,,,,,,,,,,,,,,,,306000.00,413000.00,,,,,10000.00,,,,,,,,,,,,,,,,,,,,,,,,,,,,,,,,,,,,,,,,,,,,,,,,,,,,,,,,,,,
netBorrowings,,,-9787000.00,-7245674.00,6869000.00,10017000.00,7114000.00,1074686.00,905000.00,-1143000.00,1859000.00,7997140.00,-5039000.00,5398000.00,612000.00,-4684708.00,-1330000.00,-2018000.00,990000.00,-6811900.00,2643000.00,3152000.00,-2417000.00,1459195.00,-977000.00,2574000.00,11436000.00,-6769795.00,-1115000.00,5125000.00,9783000.00,-2638189.00,-1629000.00,2629000.00,3404000.00,-6197988.00,-980000.00,14039000.00,-5626000.00,-2119000.00,-981000.00,1560000.00,132000.00,-655.00,1316000.00,6085000.00,-649000.00,,,,,,,,,,,,,,,,,,,,,,,,,,,,,,,,,,,,,,,,,,,,,,,,,,,,,,,,,,,,,,,,,,,,,,,,,,,,,,,,,,,,,,,,,,,,,,,,,,,,,,,,,,
totalCashFromFinancingActivities,,-695000.00,-10324000.00,-7878333.00,6135000.00,9570000.00,6450000.00,-970354.00,748000.00,727000.00,1538000.00,6754082.00,-5693000.00,4756000.00,-526000.00,-5781113.00,-2209000.00,-3121000.00,505000.00,-7561953.00,1760000.00,2583000.00,-2833000.00,1024468.00,-1355000.00,2181000.00,11059000.00,-7105173.00,-2466000.00,4219000.00,8823000.00,-3349951.00,-1627000.00,2684000.00,3429000.00,-6245327.00,-519000.00,13956000.00,-5882000.00,-2353214.00,-1048000.00,1562000.00,232000.00,-354307.00,1099000.00,5867000.00,-1217000.00,-649567.00,-680000.00,112000.00,4646000.00,-2041647.00,1364000.00,3361000.00,-375000.00,-1202375.00,-3606000.00,119000.00,-232000.00,-2840716.00,-2445000.00,2250000.00,1666000.00,-2202796.00,-643000.00,2221000.00,-64000.00,-1957568.00,1778000.00,2398000.00,2096000.00,-1447918.00,476000.00,1874000.00,159000.00,-2052221.00,-1984000.00,1201000.00,-334000.00,-1473636.00,146000.00,372000.00,289000.00,-1536471.00,-1604000.00,1239000.00,1219000.00,-2753519.00,-1069000.00,1067000.00,641000.00,-1058412.00,-1307000.00,1309000.00,717000.00,-3272282.00,100000.00,200000.00,-5500000.00,-2200000.00,400000.00,1700000.00,800000.00,-400000.00,200000.00,2300000.00,400000.00,-1800000.00,-1800000.00,-700000.00,800000.00,-2200000.00,-1300000.00,2200000.00,1000000.00,-1000000.00,-900000.00,1900000.00,700000.00,-2800000.00,-600000.00,1800000.00,-400000.00,-2300000.00,-2700000.00,3000000.00,3100000.00,1300000.00,-100000.00,200000.00,300000.00,-800000.00,1400000.00,700000.00,2300000.00,,,,,,,,,,,,,,,,,,
changeToOperatingActivities,,,,,370000.00,1289000.00,-2098000.00,-1565255.00,804000.00,-774000.00,-1034000.00,-1989819.00,3335000.00,3150000.00,-1719000.00,681208.00,1829000.00,2928000.00,-903000.00,103700.00,188000.00,1299000.00,-2370000.00,-138260.00,259000.00,2401000.00,-566000.00,416751.00,,,,-2396968.00,,,,1832983.00,,,,,,,,,,,,,,,,,,,,,,,,,,,,,,,,,,,,,,,,,,,,,,,,,,,,,,,,,,,,,,,,,,,,,,,,,,,,,,,,,,,,,,,,,,,,,,,,,,,,,,,,,,,,,,,,,,,,,
changeInCash,,-113000.00,-3336000.00,1882409.00,2458000.00,-2047000.00,464000.00,-462651.00,2066000.00,-617000.00,-310000.00,1136376.00,-2208000.00,967000.00,-2550000.00,1123883.00,3774000.00,-1874000.00,-611000.00,388042.00,2127000.00,829000.00,-8273000.00,2317269.00,1347000.00,-501000.00,264000.00,-361230.00,4185000.00,613000.00,-952000.00,-2195109.00,2680000.00,144000.00,-489000.00,-3528340.00,3388000.00,-941000.00,-8277000.00,-165236.00,3351000.00,-483000.00,-809000.00,-355136.00,2964000.00,3063000.00,-3775000.00,1583343.00,2036000.00,-868000.00,-1499000.00,-630584.00,2982000.00,-1218000.00,-1051000.00,-79935.00,3371000.00,-55000.00,-1942000.00,-260436.00,1782000.00,-1112000.00,-173000.00,1336991.00,594000.00,-329000.00,-452000.00,984172.00,1801000.00,63000.00,-86000.00,558489.00,-84000.00,-404000.00,-882000.00,331394.00,795000.00,-88000.00,-499000.00,565641.00,573000.00,-537000.00,192000.00,3670.00,349000.00,118000.00,-45000.00,-467464.00,591000.00,-1000.00,27000.00,-25490.00,38000.00,9000.00,-88000.00,-3272282.00,100000.00,200000.00,-5500000.00,-2200000.00,200000.00,1700000.00,800000.00,-400000.00,-100000.00,,-200000.00,,300000.00,-200000.00,-200000.00,400000.00,-200000.00,-300000.00,200000.00,-1000000.00,-900000.00,1900000.00,700000.00,-2800000.00,-600000.00,1800000.00,-400000.00,400000.00,-300000.00,3000000.00,3100000.00,200000.00,1100000.00,-400000.00,-1100000.00,-800000.00,1400000.00,700000.00,2300000.00,,,,,,,,,,,,,,,,,,
beginPeriodCashFlow,4151000.00,4264000.00,7600000.00,5718000.00,3260000.00,5307000.00,4843000.00,5306000.00,3240000.00,3857000.00,4167000.00,3031000.00,5239000.00,4272000.00,6822000.00,5698000.00,1924000.00,3798000.00,4409000.00,4021000.00,1894000.00,1065000.00,9338000.00,7021000.00,5674000.00,6175000.00,5911000.00,6272000.00,2087000.00,1474000.00,2426000.00,4621000.00,1941000.00,1797000.00,2286000.00,5814000.00,2426000.00,3367000.00,11644000.00,11809000.00,8458000.00,8941000.00,9750000.00,10105000.00,7141000.00,4078000.00,7853000.00,6270000.00,4234000.00,5102000.00,6601000.00,7232000.00,4250000.00,5468000.00,6519000.00,6599000.00,3228000.00,3283000.00,5225000.00,5485000.00,3703000.00,4815000.00,4988000.00,3651000.00,3057000.00,3386000.00,3838000.00,2854000.00,1053000.00,990000.00,1076000.00,518000.00,602000.00,1006000.00,1888000.00,1599000.00,804000.00,892000.00,1391000.00,825000.00,252000.00,789000.00,597000.00,594000.00,245000.00,127000.00,172000.00,639000.00,48000.00,49000.00,22000.00,47000.00,9000.00,,88000.00,3360750.00,700000.00,500000.00,6000000.00,300000.00,100000.00,,100000.00,100000.00,200000.00,200000.00,400000.00,400000.00,100000.00,300000.00,500000.00,200000.00,400000.00,700000.00,500000.00,,1900000.00,300000.00,300000.00,,1800000.00,500000.00,900000.00,,3000000.00,4500000.00,1400000.00,1100000.00,,500000.00,1600000.00,1400000.00,700000.00,2800000.00,500000.00,,,,,,,,,,,,,,,,,,
endPeriodCashFlow,,4151000.00,4264000.00,7600409.00,5718000.00,3260000.00,5307000.00,4843349.00,5306000.00,3240000.00,3857000.00,4167376.00,3031000.00,5239000.00,4272000.00,6821883.00,5698000.00,1924000.00,3798000.00,4409042.00,4021000.00,1894000.00,1065000.00,9338269.00,7021000.00,5674000.00,6175000.00,5910770.00,6272000.00,2087000.00,1474000.00,2425891.00,4621000.00,1941000.00,1797000.00,2285660.00,5814000.00,2426000.00,3367000.00,11643764.00,11809000.00,8458000.00,8941000.00,9749864.00,10105000.00,7141000.00,4078000.00,7853343.00,6270000.00,4234000.00,5102000.00,6601416.00,7232000.00,4250000.00,5468000.00,6519065.00,6599000.00,3228000.00,3283000.00,5224564.00,5485000.00,3703000.00,4815000.00,4987991.00,3651000.00,3057000.00,3386000.00,3838172.00,2854000.00,1053000.00,990000.00,1076489.00,518000.00,602000.00,1006000.00,1930394.00,1599000.00,804000.00,892000.00,1390641.00,825000.00,252000.00,789000.00,597670.00,594000.00,245000.00,127000.00,171536.00,639000.00,48000.00,49000.00,21510.00,47000.00,9000.00,,88468.00,3360750.00,700000.00,500000.00,-1900000.00,300000.00,100000.00,,-300000.00,100000.00,200000.00,200000.00,400000.00,400000.00,100000.00,300000.00,600000.00,200000.00,400000.00,700000.00,-1000000.00,,1900000.00,300000.00,-2800000.00,,1800000.00,500000.00,400000.00,-300000.00,3000000.00,4500000.00,200000.00,1100000.00,-400000.00,500000.00,-800000.00,1400000.00,700000.00,2800000.00,,,,,,,,,,,,,,,,,,
totalCashFromOperatingActivities,,2867000.00,7676000.00,10498739.00,-2436000.00,308000.00,-5479000.00,2161578.00,2836000.00,479000.00,-336000.00,3980036.00,4094000.00,-3146000.00,793000.00,7434231.00,6384000.00,1567000.00,-683000.00,8971269.00,751000.00,-672000.00,-4575000.00,6006876.00,3463000.00,-1607000.00,-3052000.00,7272211.00,7207000.00,-3267000.00,-2355000.00,1768738.00,4894000.00,-2302000.00,-3281000.00,3313020.00,4525000.00,-1584000.00,-1605000.00,3414466.00,5637000.00,-1707000.00,-869000.00,201388.00,2083000.00,-1066000.00,-2491000.00,2602068.00,3165000.00,-857000.00,-2847000.00,1858916.00,1806000.00,-4346000.00,-454000.00,1202443.00,6814000.00,-144000.00,-1291000.00,3151632.00,4638000.00,-3033000.00,-1491000.00,3649858.00,1769000.00,-2394000.00,-319000.00,3177607.00,290000.00,-2183000.00,-2108000.00,2417389.00,77000.00,-1905000.00,-1028000.00,2397841.00,3287000.00,-1307000.00,-67000.00,2211627.00,469000.00,-932000.00,4000.00,1691242.00,2156000.00,-1031000.00,-1174000.00,2407390.00,1255000.00,-1111000.00,-502000.00,1277689.00,1409000.00,-1384000.00,-796000.00,3295443.00,-200000.00,-1700000.00,-900000.00,2200000.00,-100000.00,-1300000.00,-200000.00,-1300000.00,,-2000000.00,-100000.00,5100000.00,2400000.00,-400000.00,-900000.00,2300000.00,1300000.00,-2200000.00,-500000.00,1600000.00,1200000.00,-1900000.00,-200000.00,3600000.00,1100000.00,-1900000.00,-100000.00,2800000.00,4100000.00,-2800000.00,-3100000.00,1300000.00,1700000.00,-400000.00,-1300000.00,1300000.00,300000.00,-200000.00,-500000.00,,,,,,,,,,,,,,,,,,
issuanceOfCapitalStock,,228000.00,61000.00,6715.00,68000.00,10000.00,0.00,23045.00,368000.00,2516000.00,,,,,,,,,,,,,,,,,,,,,,,,,,,,,,,,,,,,,,,,,,,,,,,,,,,,,,,,,,,,,,,,,,,,,,,,,,,,,,,,,,,,,,,,,,,,,,,,,,,,,,,,,,,,,,,,,,,,,,,,,,,,,,,,,,,,,,,,,,,,,,,
depreciation,,1214000.00,1237000.00,1273784.00,1221000.00,1057000.00,1026000.00,1128574.00,1002000.00,959000.00,959000.00,930980.00,1037000.00,887000.00,897000.00,855722.00,855000.00,615000.00,1107000.00,826200.00,843000.00,779000.00,781000.00,767860.00,741000.00,712000.00,674000.00,631746.00,618000.00,597000.00,575000.00,498853.00,530000.00,523000.00,501000.00,453058.00,532000.00,394000.00,321000.00,329882.00,285000.00,303000.00,287000.00,304697.00,266000.00,261000.00,258000.00,260837.00,237000.00,248000.00,233000.00,212156.00,207000.00,216000.00,235000.00,238889.00,230000.00,238000.00,211000.00,260970.00,243000.00,259000.00,245000.00,233248.00,209000.00,218000.00,211000.00,212128.00,203000.00,213000.00,207000.00,220772.00,152000.00,144000.00,136000.00,149347.00,134000.00,129000.00,110000.00,130051.00,111000.00,107000.00,110000.00,121487.00,150000.00,132000.00,159000.00,118006.00,251000.00,207000.00,148000.00,160936.00,156000.00,219000.00,213000.00,479710.00,200000.00,100000.00,200000.00,400000.00,300000.00,200000.00,300000.00,200000.00,300000.00,300000.00,300000.00,100000.00,400000.00,400000.00,400000.00,500000.00,400000.00,500000.00,500000.00,500000.00,500000.00,500000.00,400000.00,500000.00,400000.00,500000.00,400000.00,500000.00,400000.00,500000.00,400000.00,400000.00,200000.00,400000.00,300000.00,500000.00,300000.00,300000.00,300000.00,,,,,,,,,,,,,,,,,,
otherCashflowsFromInvestingActivities,,-750000.00,,-13391.00,-300000.00,-9609000.00,,0.00,0.00,0.00,,-11382730.00,-2074000.00,-2074000.00,-2074000.00,,,,,-379921.00,0.00,0.00,269000.00,-4000114.00,0.00,0.00,-7233000.00,-281.00,420000.00,-19000.00,-6981000.00,-109897.00,-44000.00,-3000.00,0.00,750.00,-56000.00,-13068000.00,-28000.00,-35252.00,1710000.00,-24000.00,-26000.00,-1710229.00,1629000.00,-1497000.00,-29000.00,0.00,0.00,0.00,,,,,,,,,,,,,,,,,,,,,,,,,,,,,,,,,,,,,,,,,,,,,,,,,,,,,,,,,,,,,,,,,,,,,,,,,,,,,,,,,,,,,,,,,,,,,,,,,,,,,,,
dividendsPaid,,-496000.00,-497000.00,-495346.00,-493000.00,457000.00,458000.00,463356.00,458000.00,435000.00,436000.00,403706.00,401000.00,400000.00,400000.00,395956.00,404000.00,404000.00,405000.00,370829.00,371000.00,372000.00,371000.00,371428.00,371000.00,334000.00,332000.00,332757.00,332000.00,333000.00,335000.00,303848.00,300000.00,299000.00,296000.00,296050.00,256000.00,256000.00,256000.00,255392.00,254000.00,219000.00,435627.00,435627.00,217000.00,218000.00,219000.00,216582.00,185000.00,186000.00,184000.00,183832.00,155000.00,159000.00,158000.00,162547.00,167000.00,166000.00,167000.00,172631.00,141000.00,140000.00,141000.00,141329.00,142000.00,141000.00,105000.00,104934.00,102000.00,105000.00,117000.00,117978.00,117000.00,72000.00,74000.00,72007.00,71000.00,,,,,,,,,,,,,,,,,,,,,,,,,,,,,,,,,,,,,,,,,,,,,,200000.00,200000.00,,,200000.00,200000.00,100000.00,200000.00,100000.00,200000.00,200000.00,,,,,,,,,,,,,,,,,,,,
changeToInventory,,2658000.00,4987000.00,3200165.00,-1786000.00,-3882000.00,-7139000.00,-4887330.00,-329000.00,832000.00,1175000.00,-1505513.00,-3869000.00,-7702000.00,3027000.00,-163139.00,478000.00,1005000.00,770000.00,-223151.00,1246000.00,-829000.00,-1774000.00,-3228765.00,-965000.00,1845000.00,502000.00,650215.00,298000.00,-813000.00,-1619000.00,-1207728.00,1618000.00,-161000.00,-2849000.00,-2496815.00,-895000.00,-129000.00,-871000.00,1017469.00,372000.00,955000.00,-288000.00,-242860.00,-3154000.00,-2912000.00,998000.00,-1820005.00,445000.00,-145000.00,393000.00,-2337837.00,-1704000.00,234000.00,-1208000.00,393500.00,1695000.00,2780000.00,-200000.00,-1922436.00,779000.00,-1365000.00,-965000.00,-1309310.00,-135000.00,-701000.00,-500000.00,-32755.00,-581000.00,-506000.00,-1821000.00,-800853.00,-560000.00,-2029000.00,-859000.00,-157949.00,297000.00,-49000.00,-155000.00,271925.00,-496000.00,-383000.00,-410000.00,98118.00,569000.00,981000.00,455000.00,-105341.00,716000.00,-270000.00,879000.00,98261.00,-802000.00,-460000.00,-543000.00,-51606.00,1400000.00,-1400000.00,1700000.00,-900000.00,500000.00,900000.00,300000.00,-1600000.00,400000.00,-500000.00,-2300000.00,-1300000.00,3200000.00,3200000.00,300000.00,,1400000.00,400000.00,-1600000.00,-700000.00,500000.00,300000.00,-900000.00,-300000.00,1400000.00,200000.00,500000.00,400000.00,1600000.00,-400000.00,-1300000.00,-1700000.00,900000.00,700000.00,-1200000.00,-1700000.00,,,-500000.00,,,,,,,,,,,,,,,,,,
changeToAccountReceivables,,-6792000.00,-666000.00,7675243.00,6632000.00,-12079000.00,-389000.00,1831632.00,12000.00,-4438000.00,-4634000.00,5264659.00,1305000.00,-6882000.00,-1716000.00,4755438.00,4718000.00,-10126000.00,-132000.00,5710988.00,3605000.00,-10009000.00,1501000.00,5635841.00,974000.00,-11266000.00,-574000.00,5644940.00,8753000.00,-15646000.00,1748000.00,4188052.00,3493000.00,-10531000.00,2833000.00,4349020.00,6717000.00,-12145000.00,-651000.00,2001952.00,7965000.00,-10592000.00,1411000.00,-416267.00,7794000.00,-9231000.00,-1703000.00,3740979.00,6596000.00,-10729000.00,316000.00,2666815.00,5723000.00,-10473000.00,448000.00,1032438.00,6470000.00,-8308000.00,855000.00,1842000.00,,,140000.00,,,,1186000.00,,,,,,,,832000.00,,,,376000.00,,,,391000.00,134000.00,,,,,,,,743000.00,,,,,,,,,,,,,,,,,,,,,,,,,,,,,,,,,,,,,,,,,,,,,,,,,,,,,,,,,,,,,
salePurchaseOfStock,,289000.00,10385000.00,6715.00,68000.00,10000.00,-108000.00,-1473444.00,368000.00,2487000.00,287000.00,12.00,59000.00,-73000.00,-214000.00,-1687780.00,-1254000.00,-779000.00,-80000.00,-365149.00,649000.00,628000.00,186000.00,231.00,21000.00,442000.00,-94.00,-94.00,1139000.00,-61000.00,-846000.00,-517696.00,302000.00,354000.00,321000.00,5626000.00,717000.00,173000.00,0.00,21179.00,186000.00,222000.00,-68897.00,-68897.00,0.00,0.00,-370000.00,-36738.00,0.00,0.00,-97000.00,-290.00,-848000.00,-718000.00,-869603.00,-869603.00,-653000.00,,-215000.00,-1476723.00,-213000.00,,-787000.00,-5223.00,-139000.00,,-347000.00,,,,,-363165.00,-998000.00,-1249000.00,-954000.00,-17798.00,,-185000.00,-50000.00,-1247.00,-171000.00,-266000.00,-32000.00,-166713.00,,,-127996.00,-127996.00,,,,,,,,,,,,,,,,,,,-300000.00,,,,,,,,,,,,,,,,,,,,,,,,,,,,,,,,,,,,,,,,,,,,,,
otherCashflowsFromFinancingActivities,,-143000.00,-10385000.00,-7278292.00,6658000.00,10111000.00,7006000.00,9651174.00,905000.00,-1288000.00,1859000.00,9628355.00,-2688000.00,5295000.00,155000.00,-433782.00,-475000.00,-1756000.00,977000.00,-3957224.00,2198000.00,5239000.00,-45000.00,1395665.00,-1005000.00,2073000.00,11205000.00,2267309.00,-2134000.00,9699000.00,19436000.00,-2638189.00,-1791000.00,2629000.00,3404000.00,-6197988.00,-980000.00,14039000.00,-790000.00,-2119001.00,-980000.00,1559000.00,132000.00,-655.00,1316000.00,6085000.00,-649000.00,-537516.00,-495000.00,257000.00,9645000.00,-1651000.00,2294000.00,4218000.00,-1000.00,-175183.00,-2798000.00,274000.00,129000.00,-1191175.00,-2091000.00,2331000.00,2520000.00,-2120070.00,-386000.00,2234000.00,471000.00,-1904389.00,1874000.00,2459000.00,2206000.00,-1000726.00,1566000.00,2977000.00,617000.00,-1993595.00,-2022000.00,1083000.00,-606000.00,-1472389.00,317000.00,638000.00,321000.00,-1369758.00,-1604000.00,1239000.00,1219000.00,-2625523.00,-1069000.00,1067000.00,641000.00,-1058412.00,-1307000.00,1309000.00,717000.00,-3272282.00,100000.00,200000.00,-5500000.00,-2200000.00,400000.00,1700000.00,800000.00,-500000.00,200000.00,2300000.00,700000.00,-1800000.00,-1800000.00,-700000.00,800000.00,-2200000.00,-1300000.00,2200000.00,1000000.00,-1000000.00,-900000.00,1900000.00,700000.00,-2800000.00,-600000.00,1800000.00,-200000.00,-2100000.00,-2700000.00,3000000.00,3300000.00,1500000.00,-400000.00,400000.00,400000.00,-600000.00,1600000.00,700000.00,2300000.00,,,,,,,,,,,,,,,,,,
changeToNetincome,,,6686000.00,11095973.00,-2500000.00,417000.00,-6309000.00,864020.00,791000.00,-2903000.00,-2382000.00,815784.00,2515000.00,-6345000.00,-484000.00,6457623.00,5325000.00,-1104000.00,-1490000.00,8379919.00,-56000.00,-3108000.00,-5339000.00,6661397.00,2262000.00,-4454000.00,-3711000.00,6726214.00,5734000.00,-6534000.00,-2920000.00,1328214.00,3687000.00,-5012000.00,-3717000.00,2623015.00,3337000.00,-4127000.00,-1973000.00,2890561.00,4678000.00,-3918000.00,-1178000.00,-229843.00,1285000.00,-3126000.00,-2751000.00,,,,,,,,,,,,,,,,,,,,,,,,,,,,,,,,,,,,,,,,,,,,,,,,,,,,,,,,,,,,,,,,,,,,,,,,,,,,,,,,,,,,,,,,,,,,,,,,,,,,,,,,,,
capitalExpenditures,0,1570000,701000,1005264,838000,2243000,518000,1580615,1441000,1871000,1480000,488174,758000,726000,597000,557479,364000,321000,438000,978914,433000,922000,897000,4745194,801000,1096000,504000,490194,568000,322000,459000,514609,534000,296000,574000,622643,453000,295000,790000,1233069,2948000,332000,181000,195571,334000,181000,104000,362566,334000,144000,202000,331488,333000,190000,200000,175183,107000,109000,308000,253768,274000,249000,261000,325675,806000,294000,88000,234510,280000,119000,74000,265530,712000,320000,133000,113330,140000,83000,107000,331152,24000,71000,114000,133304,109000,302000,54000,106062,76000,110000,16000,72823,161000,153000,70000,59707,100000,100000,200000,100000,200000,700000,600000,400000,500000,500000,400000,600000,200000,200000,100000,300000,200000,300000,200000,400000,400000,300000,300000,500000,300000,200000,200000,300000,300000,300000,300000,300000,400000,300000,400000,300000,300000,400000,300000,,,,,,,,,,,,,,,,,,
changeReceivables,,,,,,,,,,,,,,,,,,,,,,,,,,,,,,,,,,,,,,,,,,,,,,,,,,,,,,,,,,,,,,,,,,,,,,,,,,,,,,,,,,,,,,,,,,,,,,,,,,,,,,,,,,,,,,,,,,,,,,,,,,,,,,,,,,,,,,,,,,,,,,,,,,,,,,,,,
cashFlowsOtherOperating,,,,,,,,,,,,,,,,,,,,,,,,,,,,,,,,,,,,,,,,,,,,,,,,,,,,,,,,,,,,,,,,,,,,,,,,,,,,,,,,,,,,,,,,,,,,,,,,,,,,,,,,,,,,,,,,,,,,,,,,,,,,,,,,,,,,,,,,,,,,,,,,,,,,,,,,,
exchangeRateChanges,,,,,,,11000.00,,-77000.00,48000.00,-32000.00,199277.00,149000.00,83000.00,-146000.00,28201.00,-37000.00,1000.00,5000.00,-42629.00,49000.00,-160000.00,32000.00,31463.00,40000.00,21000.00,-6000.00,-38056.00,12000.00,-17000.00,10000.00,-98929.00,-58000.00,58000.00,-63000.00,26625.00,-167000.00,17000.00,,6828.00,-17000.00,-6000.00,9000.00,-7196.00,116000.00,-83000.00,37000.00,,,,,,,,,,,,,,,,,,,,,,,,,,,,,,,,,,,,,,,,,,,,,,,,,,,,,,,,,,,,,,,,,,,,,,,,,,,,,,,,,,,,,,,,,,,,,,,,,,,,,,,,,,
cashAndCashEquivalentsChanges,,,-3349000.00,1601751.00,2861000.00,-1985000.00,464000.00,,2066000.00,-617000.00,-310000.00,1136493.00,-2208000.00,967000.00,-2550000.00,1123840.00,3774000.00,-1874000.00,-611000.00,387773.00,2127000.00,829000.00,-8273000.00,2317499.00,1347000.00,-501000.00,264000.00,-361120.00,4185000.00,613000.00,-952000.00,-2194769.00,2680000.00,143000.00,-488000.00,-3528104.00,3388000.00,-941000.00,-8277000.00,-165100.00,3351000.00,-483000.00,-809000.00,-355479.00,2964000.00,3063000.00,-3775000.00,,,,,,,,,,,,,,,,,,,,,,,,,,,,,,,,,,,,,,,,,,,,,,,,,,,,,,,,,,,,,,,,,,,,,,,,,,,,,,,,,,,,,,,,,,,,,,,,,,,,,,,,,,
changeInWorkingCapital,,-2228000.00,5002000.00,9426431.00,-4387000.00,-3906000.00,-7741000.00,-2164695.00,-818000.00,-4808000.00,-3719000.00,189506.00,850000.00,-7967000.00,-1914000.00,4922447.00,4218000.00,-2016000.00,-2809000.00,6929431.00,-1233000.00,-4026000.00,-6288000.00,5100483.00,1206000.00,-5288000.00,-4500000.00,5859404.00,4994000.00,-7212000.00,-3598000.00,959928.00,3018000.00,-5710000.00,-4347000.00,1852077.00,2654000.00,-4495000.00,-2420000.00,2364610.00,4277000.00,-4388000.00,-1570000.00,-601557.00,926000.00,-3532000.00,-3097000.00,2149761.00,2137000.00,-2973000.00,-3284000.00,1807776.00,897000.00,-6240000.00,-980000.00,415697.00,6250000.00,-1819000.00,-1596000.00,2663422.00,2989000.00,-5114000.00,-2561000.00,2668809.00,183000.00,-4267000.00,-1231000.00,1986875.00,-1187000.00,-4009000.00,-3140000.00,1722961.00,-460000.00,-3367000.00,-1853000.00,1545891.00,2145000.00,-2573000.00,-570000.00,2055673.00,55000.00,-1946000.00,-458000.00,1746112.00,2050000.00,-1691000.00,-1455000.00,1758660.00,676000.00,-1719000.00,-880000.00,752360.00,814000.00,-2039000.00,-1205000.00,2307456.00,-400000.00,-1900000.00,-800000.00,3600000.00,-300000.00,-1900000.00,-300000.00,-100000.00,-600000.00,-2500000.00,-600000.00,5600000.00,2400000.00,500000.00,-400000.00,4400000.00,1200000.00,-2800000.00,-900000.00,1100000.00,700000.00,-2500000.00,-600000.00,4000000.00,700000.00,-2500000.00,-900000.00,3100000.00,3400000.00,-3700000.00,-3400000.00,400000.00,1100000.00,-1300000.00,-2000000.00,500000.00,-200000.00,-1100000.00,-1200000.00,,,,,,,,,,,,,,,,,,
stockBasedCompensation,,389000.00,424000.00,398302.00,637000.00,368000.00,400000.00,465758.00,455000.00,580000.00,306000.00,330079.00,327000.00,359000.00,243000.00,223467.00,247000.00,286000.00,212000.00,228055.00,334000.00,139000.00,168000.00,132351.00,315000.00,122000.00,115000.00,134536.00,122000.00,82000.00,102000.00,71986.00,138000.00,175000.00,129000.00,110856.00,151000.00,174000.00,126000.00,102060.00,116000.00,167000.00,105000.00,101877.00,93000.00,145000.00,88000.00,110439.00,109000.00,125000.00,84000.00,105732.00,91000.00,112000.00,77000.00,94337.00,68000.00,94000.00,52000.00,,,,,,,,,,,,,,,,,,,,,,,,,,,,,,,,,,,,,,,,,,,,,,,,,,,,,,,,,,,,,,,,,,,,,,,,,,,,,,,,,,,,,,,,,,,,,,
otherNonCashItems,,25000.00,23000.00,293992456.00,29000.00,51000.00,6000.00,-90797.00,127000.00,-3482000.00,43000.00,-60451295.00,10000.00,9000.00,38000.00,293350.00,5000.00,11000.00,,-395836767.00,,,132351.00,-660042297.00,315000.00,122000.00,115000.00,-100428473.00,122000.00,82000.00,1000.00,201350446.00,138000.00,175000.00,129000.00,-206816976.00,-1000.00,174000.00,126000.00,-93915991.00,116000.00,167000.00,105000.00,34825140.00,93000.00,-1000.00,88000.00,184976838.00,109000.00,125000.00,84000.00,348264288.00,-1000.00,112000.00,77000.00,279910433.00,-462000.00,2000.00,52000.00,-406831.00,55000.00,93000.00,72000.00,201543.00,73000.00,133000.00,51000.00,582942.00,49000.00,107000.00,66000.00,29967.00,185000.00,4000.00,39000.00,25156.00,-8000.00,61000.00,-19000.00,-56528.00,-69000.00,-49000.00,,55616.00,-314000.00,301000.00,,350320.00,-77000.00,-64000.00,,226768.00,137000.00,22000.00,-11000.00,339873.00,-100000.00,,-2100000.00,,-200000.00,300000.00,-100000.00,-900000.00,100000.00,,-100000.00,100000.00,100000.00,-100000.00,-100000.00,-2300000.00,,-100000.00,200000.00,,,-100000.00,100000.00,-600000.00,-100000.00,-100000.00,100000.00,100000.00,100000.00,100000.00,,400000.00,-100000.00,100000.00,,200000.00,,,100000.00,,,,,,,,,,,,,,,,,,
freeCashFlow,,1297000.00,6975000.00,9493475.00,-3274000.00,-1935000.00,-5997000.00,580963.00,1395000.00,-1392000.00,-1816000.00,3491862.00,3336000.00,-3872000.00,196000.00,6876752.00,6020000.00,1246000.00,-1121000.00,7992355.00,318000.00,-1594000.00,-5472000.00,1261682.00,2662000.00,-2703000.00,-3556000.00,6782017.00,6639000.00,-3589000.00,-2814000.00,1254129.00,4360000.00,-2598000.00,-3855000.00,2690377.00,4072000.00,-1879000.00,-2395000.00,2181397.00,2689000.00,-2039000.00,-1050000.00,5817.00,1749000.00,-1247000.00,-2595000.00,2239502.00,2831000.00,-1001000.00,-3049000.00,1527428.00,1473000.00,-4536000.00,-654000.00,1027260.00,6707000.00,-253000.00,-1599000.00,2897864.00,4364000.00,-3282000.00,-1752000.00,3324183.00,963000.00,-2688000.00,-407000.00,2943097.00,10000.00,-2302000.00,-2182000.00,2151859.00,-635000.00,-2225000.00,-1161000.00,2284511.00,3147000.00,-1390000.00,-174000.00,1880475.00,445000.00,-1003000.00,-110000.00,1557938.00,2047000.00,-1333000.00,-1228000.00,2301328.00,1179000.00,-1221000.00,-518000.00,1204866.00,1248000.00,-1537000.00,-866000.00,3235736.00,-300000.00,-1800000.00,-1100000.00,2100000.00,-300000.00,-2000000.00,-800000.00,-1700000.00,-500000.00,-2500000.00,-500000.00,4500000.00,2200000.00,-600000.00,-1000000.00,2000000.00,1100000.00,-2500000.00,-700000.00,1200000.00,800000.00,-2200000.00,-500000.00,3100000.00,800000.00,-2100000.00,-300000.00,2500000.00,3800000.00,-3100000.00,-3400000.00,1000000.00,1300000.00,-700000.00,-1700000.00,1000000.00,,-600000.00,-800000.00,,,,,,,,,,,,,,,,,,
researchDevelopment,,,,,,,,,,,,,,,,596000.00,596000.00,596000.00,596000.00,734000.00,0.00,0.00,0.00,752000.00,0.00,0.00,0.00,750000.00,0.00,0.00,0.00,690000.00,0.00,0.00,0.00,665000.00,0.00,0.00,0.00,603000.00,0.00,0.00,0.00,573000.00,0.00,0.00,0.00,536000.00,0.00,0.00,0.00,487000.00,0.00,0.00,0.00,440000.00,0.00,0.00,0.00,255000.00,0.00,0.00,0.00,236000.00,0.00,0.00,0.00,306000.00,0.00,0.00,0.00,245000.00,0.00,0.00,0.00,457000.00,0.00,0.00,0.00,347000.00,0.00,0.00,0.00,385000.00,0.00,0.00,0.00,147000.00,0.00,0.00,0.00,46000.00,0.00,0.00,0.00,,,,,,,,,,,,,,,,,,,,,,,,,,,,,,,,,,,,,,,,,,,,,,,,,,,,,,,,,,
effectOfAccountingCharges,,,,,,,,,,,,,,,,,,,,0.00,0.00,0.00,0.00,0.00,0.00,0.00,0.00,0.00,0.00,0.00,0.00,0.00,0.00,0.00,0.00,0.00,0.00,0.00,0.00,0.00,0.00,0.00,0.00,0.00,0.00,0.00,0.00,0.00,0.00,0.00,0.00,0.00,0.00,0.00,0.00,0.00,0.00,0.00,0.00,0.00,0.00,0.00,0.00,0.00,0.00,0.00,0.00,0.00,0.00,0.00,0.00,0.00,0.00,0.00,0.00,0.00,0.00,0.00,0.00,0.00,0.00,0.00,0.00,0.00,0.00,0.00,0.00,0.00,0.00,0.00,0.00,0.00,0.00,0.00,0.00,,,,,,,,,,,,,,,,,,,,,,,,,,,,,,,,,,,,,,,,,,,,,,,,,,,,,,,,,,
incomeBeforeTax,2818000.00,4441000.00,1309000.00,-839000.00,30000.00,3405000.00,1068000.00,2838000.00,2665000.00,7007000.00,2670000.00,2034728.00,1991000.00,4150000.00,1652000.00,1029000.00,1217000.00,3263000.00,1035000.00,598000.00,854000.00,3106000.00,974000.00,368000.00,1567000.00,3619000.00,938000.00,442000.00,1828000.00,4418000.00,809000.00,490000.00,1750000.00,3752000.00,621000.00,934000.00,1709000.00,3636000.00,523000.00,635000.00,1323000.00,3093000.00,441000.00,396000.00,1269000.00,2973000.00,360000.00,452020.00,1030000.00,2383000.00,161000.00,148847.00,613000.00,1883000.00,267000.00,265954.00,1088000.00,2036000.00,63000.00,875101.00,1961000.00,2683000.00,1158000.00,872675.00,2035000.00,2347000.00,1049000.00,818077.00,1946000.00,2341000.00,1245000.00,1334066.00,338000.00,2014000.00,1080000.00,1194316.00,1616000.00,1820000.00,710000.00,468271.00,565000.00,658000.00,352000.00,-235724.00,-104000.00,299000.00,137000.00,575226.00,418000.00,478000.00,242000.00,137836.00,327000.00,424000.00,207000.00,117010.00,100000.00,200000.00,-600000.00,-2500000.00,100000.00,100000.00,-100000.00,-400000.00,200000.00,300000.00,300000.00,-700000.00,-500000.00,-1200000.00,-700000.00,-18700000.00,-100000.00,300000.00,-200000.00,,500000.00,600000.00,-200000.00,,,300000.00,-200000.00,-1600000.00,300000.00,400000.00,400000.00,200000.00,800000.00,800000.00,800000.00,100000.00,400000.00,900000.00,600000.00,,,,,,,,,,,,,,,,,,
minorityInterest,,,,,,,,,,,,,,,,,,,,0.00,0.00,0.00,0.00,0.00,0.00,0.00,0.00,0.00,0.00,0.00,0.00,0.00,0.00,0.00,0.00,0.00,0.00,0.00,0.00,0.00,0.00,0.00,0.00,0.00,0.00,0.00,0.00,0.00,0.00,0.00,0.00,0.00,0.00,0.00,0.00,0.00,0.00,0.00,0.00,0.00,0.00,0.00,0.00,0.00,0.00,0.00,0.00,0.00,0.00,0.00,0.00,0.00,0.00,0.00,0.00,0.00,0.00,0.00,0.00,0.00,0.00,0.00,0.00,0.00,0.00,0.00,0.00,0.00,0.00,0.00,0.00,0.00,0.00,0.00,0.00,,,,,,,,,,,,,,,,,,,,,,,,,,,,,,,,,,,,,,,,,,,,,,,,,,,,,,,,,,
sellingGeneralAdministrative,15846000.00,14772000.00,14093000.00,14110000.00,14972000.00,14572000.00,13597000.00,12999000.00,14044000.00,12364000.00,12159050.00,12159050.00,12832000.00,11670000.00,11521000.00,10892510.00,11408000.00,11003000.00,10268000.00,10269076.00,11077000.00,11087000.00,10759000.00,9860220.00,10277000.00,10594000.00,9372000.00,9105000.00,9723000.00,10054000.00,8230000.00,7611212.00,8334000.00,8660000.00,7608000.00,7871150.00,8685000.00,7983000.00,6252000.00,6610948.00,6531000.00,6889000.00,5914000.00,6089922.00,6067000.00,6743000.00,5486000.00,5171956.00,5520000.00,6223000.00,5125000.00,4967268.00,5000000.00,5605000.00,4812000.00,4880864.00,4864000.00,5086000.00,4216000.00,4088093.00,5651000.00,6121000.00,4918000.00,4919166.00,5229000.00,5435000.00,4158000.00,4109753.00,4506000.00,4995000.00,4259000.00,3057488.00,4159000.00,4577000.00,3719000.00,3874082.00,3739000.00,3579000.00,2969000.00,2793395.00,2648000.00,2906000.00,2301000.00,2505080.00,2688000.00,2381000.00,1943000.00,2657751.00,2834000.00,3464000.00,2412000.00,2140187.00,2452000.00,2737000.00,2424000.00,1709361.00,2000000.00,2100000.00,1900000.00,400000.00,2700000.00,2800000.00,2600000.00,2600000.00,2900000.00,2800000.00,3000000.00,2300000.00,3700000.00,3400000.00,3300000.00,4200000.00,3400000.00,3400000.00,3300000.00,,3500000.00,3400000.00,3200000.00,,3200000.00,3300000.00,3100000.00,,3300000.00,3500000.00,3000000.00,,2600000.00,2600000.00,2500000.00,,2500000.00,2400000.00,2200000.00,,,,,,,,,,,,,,,,,,
sellingAndMarketingExpenses,,,,,,,,,,,,,,,,490.00,,,,76.00,1000.00,,15000.00,220.00,,,,,,,,212.00,,,1000.00,850.00,,,1000.00,1052.00,,,,78.00,,,,,,,,,,,,,,,,,,,,,,,,,,,,,,,,,,,,,,,,,,,,,,,,,,,,,,,,,,,,,,,,,,,,,,,,,,,,,,,,,,,,,,,,,,,,,,,,,,,,,,,,,,,,,
grossProfit,19503000.00,20022000.00,16281000.00,14083000.00,15925000.00,18548000.00,14968000.00,16056000.00,17005000.00,16153000.00,15587000.00,15055714.00,14956000.00,16053000.00,13531000.00,12294000.00,13134000.00,14771000.00,11802000.00,11362000.00,12450000.00,14712000.00,12124000.00,10626000.00,12226000.00,14483000.00,10564000.00,9812000.00,11863000.00,14694000.00,9185000.00,8266000.00,10326000.00,12535000.00,8435000.00,8976000.00,10615000.00,11521000.00,6878000.00,7375000.00,7940000.00,10081000.00,6427000.00,6555000.00,7426000.00,9821000.00,5944000.00,5693920.00,6640000.00,8683000.00,5308000.00,5044424.00,5657000.00,7551000.00,5113000.00,5173487.00,5498000.00,7105000.00,4297000.00,4882887.00,7870000.00,8918000.00,5986000.00,5798930.00,7381000.00,7979000.00,5334000.00,4978773.00,6624000.00,7428000.00,5552000.00,4596689.00,6166000.00,6731000.00,4861000.00,4961530.00,5453000.00,5519000.00,3719000.00,3160759.00,3171000.00,3921000.00,2882000.00,2462298.00,2663000.00,3165000.00,2142000.00,3464340.00,3471000.00,4067000.00,2836000.00,2793183.00,3148000.00,3416000.00,2819000.00,2390610.00,2200000.00,2400000.00,1500000.00,-1400000.00,3100000.00,3200000.00,2800000.00,2200000.00,3400000.00,3400000.00,3200000.00,3500000.00,3500000.00,2600000.00,2900000.00,1800000.00,3800000.00,4200000.00,3600000.00,4400000.00,4400000.00,4400000.00,3700000.00,3500000.00,3800000.00,4400000.00,3700000.00,3100000.00,4500000.00,4700000.00,3700000.00,3600000.00,3900000.00,4100000.00,3700000.00,3000000.00,3300000.00,3800000.00,3300000.00,8400000.00,9700000.00,10200000.00,9400000.00,8600000.00,9100000.00,10600000.00,8900000.00,8800000.00,9600000.00,10200000.00,7900000.00,8000000.00,9000000.00,9600000.00,8500000.00,7900000.00,9900000.00
reconciledDepreciation,,1214000.00,1237000.00,1273784.00,1221000.00,1057000.00,1026000.00,1128574.00,1002000.00,959000.00,959000.00,930980.00,1037000.00,887000.00,897000.00,855722.00,855000.00,615000.00,1107000.00,826200.00,843000.00,779000.00,781000.00,767860.00,741000.00,712000.00,674000.00,631746.00,618000.00,597000.00,575000.00,498853.00,530000.00,523000.00,501000.00,453058.00,532000.00,394000.00,321000.00,329882.00,285000.00,303000.00,287000.00,304697.00,266000.00,261000.00,258000.00,260837.00,237000.00,248000.00,233000.00,212156.00,207000.00,216000.00,235000.00,238889.00,230000.00,238000.00,211000.00,260970.00,243000.00,259000.00,245000.00,233248.00,209000.00,218000.00,211000.00,212128.00,203000.00,213000.00,207000.00,220772.00,152000.00,144000.00,136000.00,149347.00,134000.00,129000.00,110000.00,130051.00,111000.00,107000.00,110000.00,121487.00,150000.00,132000.00,159000.00,118006.00,251000.00,207000.00,148000.00,160936.00,156000.00,219000.00,213000.00,479710.00,200000.00,100000.00,200000.00,400000.00,300000.00,200000.00,300000.00,200000.00,300000.00,300000.00,300000.00,100000.00,400000.00,400000.00,400000.00,500000.00,400000.00,500000.00,500000.00,500000.00,500000.00,500000.00,400000.00,500000.00,400000.00,500000.00,400000.00,500000.00,400000.00,500000.00,400000.00,400000.00,200000.00,400000.00,300000.00,500000.00,300000.00,300000.00,300000.00,,,,,,,,,,,,,,,,,,
ebit,3657000.00,5250000.00,2188000.00,-1175784.00,-469000.00,2776000.00,351000.00,1949426.00,1893000.00,2766000.00,2896000.00,2237091.00,1127000.00,3508000.00,1077000.00,511278.00,831000.00,3765000.00,430000.00,294800.00,506000.00,2772000.00,598000.00,-13860.00,1191000.00,3228000.00,527000.00,43254.00,1457000.00,4032000.00,418000.00,145147.00,1370000.00,3371000.00,250000.00,616942.00,1334000.00,3350000.00,285000.00,427118.00,1171000.00,2904000.00,223000.00,216303.00,1157000.00,2846000.00,505000.00,539725.00,1162000.00,2252000.00,233000.00,124711.00,696000.00,1986000.00,52000.00,324957.00,665000.00,2050000.00,136000.00,817794.00,2357000.00,2821000.00,882000.00,750407.00,2061000.00,2585000.00,1149000.00,766463.00,2083000.00,2395000.00,1217000.00,1648468.00,5093000.00,2251000.00,1191000.00,954245.00,1766000.00,2020000.00,745000.00,221192.00,432000.00,1000000.00,731000.00,31816.00,-126000.00,1106000.00,115000.00,868042.00,645000.00,522000.00,403000.00,1772207.00,423000.00,700000.00,377000.00,705462.00,200000.00,200000.00,-600000.00,-1400000.00,300000.00,300000.00,100000.00,-700000.00,400000.00,500000.00,-200000.00,2800000.00,-200000.00,-800000.00,-500000.00,-2400000.00,400000.00,800000.00,300000.00,700000.00,400000.00,400000.00,100000.00,,200000.00,600000.00,200000.00,-1400000.00,800000.00,600000.00,200000.00,-200000.00,1000000.00,1200000.00,700000.00,-400000.00,400000.00,1000000.00,700000.00,,,,,,,,,,,,,,,,,,
ebitda,3634000.00,5301000.00,3465000.00,98000.00,752000.00,3833000.00,1377000.00,3078000.00,2895000.00,3725000.00,3855000.00,3168071.00,2164000.00,4395000.00,1974000.00,1367000.00,1686000.00,4380000.00,1537000.00,1121000.00,1349000.00,3551000.00,1379000.00,754000.00,1932000.00,3940000.00,1201000.00,675000.00,2075000.00,4629000.00,993000.00,644000.00,1900000.00,3894000.00,751000.00,1070000.00,1866000.00,3744000.00,606000.00,757000.00,1456000.00,3207000.00,510000.00,521000.00,1423000.00,3107000.00,763000.00,800562.00,1399000.00,2500000.00,466000.00,336867.00,903000.00,2202000.00,287000.00,563846.00,895000.00,2288000.00,347000.00,1078764.00,2600000.00,3080000.00,1127000.00,983655.00,2270000.00,2803000.00,1360000.00,978591.00,2286000.00,2608000.00,1424000.00,1869240.00,5245000.00,2395000.00,1327000.00,1103592.00,1900000.00,2149000.00,855000.00,351243.00,543000.00,1107000.00,841000.00,153303.00,24000.00,1238000.00,274000.00,986048.00,896000.00,729000.00,551000.00,1933143.00,579000.00,919000.00,590000.00,1185172.00,400000.00,300000.00,-400000.00,-1000000.00,600000.00,500000.00,400000.00,-500000.00,700000.00,800000.00,100000.00,2900000.00,200000.00,-400000.00,-100000.00,-1900000.00,800000.00,1300000.00,800000.00,1200000.00,900000.00,900000.00,500000.00,,600000.00,1100000.00,600000.00,-900000.00,1200000.00,1100000.00,600000.00,200000.00,1200000.00,1600000.00,1000000.00,100000.00,700000.00,1300000.00,1000000.00,-30400000.00,9700000.00,10200000.00,9400000.00,-27900000.00,9100000.00,10600000.00,8900000.00,-26200000.00,9600000.00,10200000.00,7900000.00,-26800000.00,9000000.00,9600000.00,8500000.00,-26000000.00,9900000.00
depreciationAndAmortization,-23000.00,51000.00,1277000.00,1273784.00,1221000.00,1057000.00,1026000.00,1128574.00,1002000.00,959000.00,959000.00,930980.00,1037000.00,887000.00,897000.00,855722.00,855000.00,615000.00,1107000.00,826200.00,843000.00,779000.00,781000.00,767860.00,741000.00,712000.00,674000.00,631746.00,618000.00,597000.00,575000.00,498853.00,530000.00,523000.00,501000.00,453058.00,532000.00,394000.00,321000.00,329882.00,285000.00,303000.00,287000.00,304697.00,266000.00,261000.00,258000.00,260837.00,237000.00,248000.00,233000.00,212156.00,207000.00,216000.00,235000.00,238889.00,230000.00,238000.00,211000.00,260970.00,243000.00,259000.00,245000.00,233248.00,209000.00,218000.00,211000.00,212128.00,203000.00,213000.00,207000.00,220772.00,152000.00,144000.00,136000.00,149347.00,134000.00,129000.00,110000.00,130051.00,111000.00,107000.00,110000.00,121487.00,150000.00,132000.00,159000.00,118006.00,251000.00,207000.00,148000.00,160936.00,156000.00,219000.00,213000.00,479710.00,200000.00,100000.00,200000.00,400000.00,300000.00,200000.00,300000.00,200000.00,300000.00,300000.00,300000.00,100000.00,400000.00,400000.00,400000.00,500000.00,400000.00,500000.00,500000.00,500000.00,500000.00,500000.00,400000.00,500000.00,400000.00,500000.00,400000.00,500000.00,400000.00,500000.00,400000.00,400000.00,200000.00,400000.00,300000.00,500000.00,300000.00,300000.00,300000.00,,,,,,,,,,,,,,,,,,
nonOperatingIncomeNetOther,,,23000.00,108604.00,-209000.00,-148000.00,2000.00,,-68000.00,3440000.00,-77000.00,-659227.00,35000.00,1000.00,-43000.00,-45672.00,-40000.00,-14000.00,2000.00,16542.00,-23000.00,-74000.00,13000.00,-19596.00,-16000.00,51000.00,9000.00,-38846.00,-65000.00,-11000.00,38000.00,-19397.00,-92000.00,20000.00,-76000.00,-35250.00,-67000.00,3000.00,-19000.00,-19871.00,13000.00,-25000.00,-3000.00,-7076.00,-7000.00,-43000.00,-42000.00,,-20000.00,-3000.00,,,,,,,,,,,,,,,,,,,,,,,,,,,,,,,,,,,,,,,,,,,,,,,,,,,,,,,,,,,,,,,,,,,,,,,,,,,,,,,,,,,,,,,,,,,,,,,,,,,,,,,
operatingIncome,3657000.00,5250000.00,2188000.00,-1175784.00,-469000.00,2776000.00,351000.00,3057000.00,2961000.00,3789000.00,2968000.00,2896664.00,2124000.00,4383000.00,2010000.00,1401000.00,1726000.00,3768000.00,1534000.00,1093000.00,1372000.00,3625000.00,1350000.00,766000.00,1949000.00,3889000.00,1192000.00,707000.00,2140000.00,4640000.00,955000.00,655000.00,1992000.00,3875000.00,826000.00,1104000.00,1930000.00,3538000.00,625000.00,763000.00,1409000.00,3192000.00,513000.00,465000.00,1359000.00,3078000.00,458000.00,521964.00,1120000.00,2460000.00,183000.00,77156.00,657000.00,1946000.00,301000.00,292623.00,634000.00,2019000.00,82000.00,794794.00,2219000.00,2797000.00,1068000.00,879764.00,2152000.00,2544000.00,1176000.00,869020.00,2118000.00,2433000.00,1293000.00,1539201.00,507000.00,2154000.00,1142000.00,1087448.00,1714000.00,1940000.00,750000.00,367364.00,523000.00,1015000.00,581000.00,-42994.00,-25000.00,425000.00,199000.00,806589.00,637000.00,603000.00,424000.00,1470996.00,327000.00,679000.00,395000.00,681249.00,200000.00,300000.00,-400000.00,-1800000.00,400000.00,400000.00,200000.00,-300000.00,500000.00,600000.00,-300000.00,-600000.00,-200000.00,-800000.00,-400000.00,-8900000.00,400000.00,800000.00,300000.00,700000.00,400000.00,500000.00,100000.00,-500000.00,200000.00,600000.00,200000.00,-1300000.00,800000.00,700000.00,300000.00,100000.00,1000000.00,1200000.00,900000.00,-100000.00,500000.00,1100000.00,800000.00,-30400000.00,9700000.00,10200000.00,9400000.00,-27900000.00,9100000.00,10600000.00,8900000.00,-26200000.00,9600000.00,10200000.00,7900000.00,-26800000.00,9000000.00,9600000.00,8500000.00,-26000000.00,9900000.00
otherOperatingExpenses,46727000.00,48086000.00,43650000.00,44131000.00,48791000.00,52797000.00,41962000.00,42736000.00,44962000.00,41058000.00,40557000.00,37973376.00,41192000.00,39659000.00,33765000.00,32472000.00,35269000.00,36452000.00,29836000.00,30037000.00,33359000.00,36126000.00,30359000.00,29404000.00,31836000.00,34960000.00,26553000.00,25669000.00,29773000.00,36357000.00,24333000.00,22463000.00,27911000.00,30079000.00,22011000.00,23563000.00,28078000.00,29858000.00,18527000.00,20616000.00,20726000.00,25220000.00,17138000.00,19069000.00,19004000.00,24516000.00,16420000.00,15313900.00,17916000.00,21569000.00,14218000.00,13282777.00,15426000.00,18639000.00,12820000.00,13128924.00,14635000.00,17142000.00,11216000.00,11789218.00,16939000.00,19911000.00,13201000.00,13972241.00,14929000.00,16455000.00,11065000.00,11219972.00,13414000.00,14551000.00,10964000.00,9520173.00,11393000.00,12750000.00,9441000.00,9833200.00,9881000.00,10358000.00,7817000.00,7738296.00,9015000.00,9127000.00,6608000.00,6906352.00,7892000.00,8614000.00,6555000.00,7752014.00,8377000.00,10039000.00,7526000.00,5938599.00,8433000.00,9522000.00,7646000.00,7204029.00,9100000.00,9500000.00,8000000.00,1200000.00,13000000.00,12300000.00,10800000.00,10300000.00,12200000.00,12300000.00,10700000.00,8200000.00,13500000.00,13600000.00,12400000.00,13400000.00,13400000.00,13700000.00,12600000.00,12000000.00,13000000.00,13700000.00,12200000.00,12200000.00,14100000.00,13300000.00,12200000.00,13400000.00,13700000.00,13600000.00,11800000.00,11600000.00,11100000.00,11400000.00,10600000.00,10000000.00,10700000.00,11100000.00,10100000.00,38800000.00,,,,36500000.00,,,,35000000.00,,,,34800000.00,,,,33900000.00,
interestExpense,816000.00,860000.00,919000.00,937000.00,722000.00,428000.00,309000.00,240000.00,230000.00,226000.00,226000.00,202363.00,173000.00,245000.00,322000.00,338000.00,469000.00,502000.00,502000.00,523000.00,495000.00,445000.00,405000.00,386000.00,365000.00,321000.00,263000.00,233000.00,247000.00,211000.00,184000.00,154000.00,150000.00,142000.00,130000.00,136000.00,157000.00,108000.00,83000.00,122000.00,133000.00,114000.00,69000.00,125000.00,147000.00,91000.00,103000.00,81326.00,112000.00,114000.00,97000.00,84304.00,86000.00,79000.00,52000.00,31008.00,38000.00,44000.00,42000.00,89548.00,120000.00,90000.00,96000.00,136446.00,208000.00,156000.00,154000.00,153500.00,207000.00,130000.00,125000.00,95868.00,83000.00,43000.00,13000.00,26335.00,46000.00,40000.00,45000.00,45265.00,49000.00,62000.00,79000.00,118344.00,180000.00,163000.00,146000.00,169910.00,211000.00,206000.00,203000.00,213949.00,273000.00,234000.00,206000.00,,200000.00,,400000.00,400000.00,400000.00,,,,,300000.00,300000.00,300000.00,400000.00,400000.00,400000.00,500000.00,500000.00,500000.00,500000.00,500000.00,400000.00,400000.00,400000.00,400000.00,400000.00,400000.00,400000.00,400000.00,500000.00,400000.00,,300000.00,300000.00,300000.00,300000.00,400000.00,300000.00,300000.00,200000.00,,,,,,,,,,,,,,,,,,
taxProvision,666000.00,998000.00,319000.00,-242000.00,-34000.00,666000.00,238000.00,500000.00,619000.00,-224000.00,623000.00,-9000.00,412000.00,951000.00,375000.00,52556.00,158000.00,592000.00,228000.00,6870.00,,,,,,,,,,,,,,,,,,,,,,,,,,,,,,,,,,,,,,,,,,,,,,,,,,,,,,,,,,,,,,,,,,,,,,,,,,,,,,,,,,,,,,,,,,,,,,,,,,,,,,,,,,,,,,,,,,,,,,,,,,,,,,,,,,,,,
interestIncome,32000.00,832000.00,902000.00,16000.00,8000.00,5000.00,4000.00,237000.00,2000.00,222000.00,221000.00,195000.00,168000.00,11000.00,7000.00,11896.00,9000.00,11000.00,9000.00,,,,,,,,,,,,,,,,,,,,,,,,,,,,,,,,,,,,,,,,,,,,,,,,,,,,,,,,,,,,,,,,,,,,,,,,,,,,,,,,,,,,,,,,,,,,,,,,,,,,,,,,,,,,,,,,,,,,,,,,,,,,,,,,,,,,,,
netInterestIncome,-784000.00,-832000.00,-902000.00,-921000.00,-714000.00,-423000.00,-305000.00,-237000.00,-228000.00,-222000.00,-221000.00,-197709.00,-168000.00,-234000.00,-315000.00,-325512.00,-469000.00,-491000.00,-501000.00,,,,,,,,,,,,,,,,,,,,,,,,,,,,,,,,,,,,,,,,,,,,,,,,,,,,,,,,,,,,,,,,,,,,,,,,,,,,,,,,,,,,,,,,,,,,,,,,,,,,,,,,,,,,,,,,,,,,,,,,,,,,,,,,,,,,,,
extraordinaryItems,,,,,,,,,,,,,,,,,,,,0.00,0.00,0.00,0.00,0.00,0.00,0.00,0.00,0.00,0.00,0.00,0.00,0.00,0.00,0.00,0.00,0.00,0.00,0.00,0.00,0.00,0.00,0.00,0.00,0.00,0.00,0.00,0.00,0.00,0.00,0.00,0.00,0.00,0.00,0.00,0.00,0.00,0.00,0.00,0.00,0.00,0.00,0.00,0.00,0.00,0.00,0.00,0.00,0.00,0.00,0.00,0.00,0.00,0.00,0.00,0.00,0.00,0.00,0.00,0.00,0.00,0.00,0.00,0.00,0.00,0.00,0.00,0.00,0.00,0.00,0.00,0.00,0.00,0.00,0.00,0.00,,,,,,,,,,,,,,,,,,,,,,,,,,,,,,,,,,,,,,,,,,,,,,,,,,,,,,,,,,
nonRecurring,,,,,,,,,,,,,,,,,,,,0.00,0.00,0.00,0.00,0.00,0.00,0.00,0.00,0.00,0.00,0.00,0.00,0.00,0.00,0.00,0.00,0.00,0.00,0.00,0.00,0.00,0.00,0.00,0.00,0.00,0.00,0.00,0.00,0.00,0.00,0.00,0.00,0.00,0.00,0.00,0.00,0.00,0.00,0.00,0.00,0.00,0.00,0.00,0.00,0.00,0.00,0.00,0.00,0.00,0.00,0.00,0.00,0.00,0.00,0.00,0.00,0.00,0.00,0.00,0.00,0.00,0.00,0.00,0.00,0.00,0.00,0.00,0.00,0.00,0.00,0.00,0.00,0.00,0.00,0.00,0.00,,,,,,,,,,,,,,,,,,,,,,,,,,,,,,,,,,,,,,,,,,,,,,,,,,,,,,,,,,
otherItems,,,,,,,,,,,,,,,,,,,,0.00,0.00,0.00,0.00,0.00,0.00,0.00,0.00,0.00,0.00,0.00,0.00,0.00,0.00,0.00,0.00,0.00,0.00,0.00,0.00,0.00,0.00,0.00,0.00,0.00,0.00,0.00,0.00,0.00,0.00,0.00,0.00,0.00,0.00,0.00,0.00,0.00,0.00,0.00,0.00,0.00,0.00,0.00,0.00,0.00,0.00,0.00,0.00,0.00,0.00,0.00,0.00,0.00,0.00,0.00,0.00,0.00,0.00,0.00,0.00,0.00,0.00,0.00,0.00,0.00,0.00,0.00,0.00,0.00,0.00,0.00,0.00,0.00,0.00,0.00,0.00,,,,,,,,,,,,,,,,,,,,,,,,,,,,,,,,,,,,,,,,,,,,,,,,,,,,,,,,,,
incomeTaxExpense,666000.00,998000.00,319000.00,-242000.00,-34000.00,666000.00,238000.00,500000.00,619000.00,-224000.00,624000.00,-9038.00,412000.00,951000.00,375000.00,52000.00,158000.00,592000.00,228000.00,7000.00,47000.00,670000.00,209000.00,1023000.00,366000.00,773000.00,279000.00,-109000.00,355000.00,1151000.00,244000.00,50000.00,542000.00,1044000.00,185000.00,245000.00,520000.00,1093000.00,155000.00,111000.00,364000.00,883000.00,132000.00,-35000.00,471000.00,912000.00,100000.00,185827.00,348000.00,640000.00,41000.00,-33117.00,1000.00,317000.00,53000.00,-465133.00,360000.00,695000.00,21000.00,241030.00,610000.00,953000.00,405000.00,326417.00,730000.00,825000.00,399000.00,422415.00,721000.00,835000.00,485000.00,560756.00,138000.00,700000.00,430000.00,439911.00,599000.00,745000.00,318000.00,241440.00,263000.00,343000.00,274000.00,-276218.00,-374000.00,72000.00,15000.00,394822.00,13000.00,13000.00,12000.00,211.00,25000.00,10000.00,188000.00,512845.00,-100000.00,200000.00,-2200000.00,,300000.00,300000.00,300000.00,100000.00,300000.00,400000.00,-100000.00,1900000.00,-100000.00,,100000.00,-18700000.00,100000.00,100000.00,-100000.00,,500000.00,300000.00,-100000.00,-300000.00,-200000.00,100000.00,-100000.00,-700000.00,100000.00,100000.00,400000.00,100000.00,400000.00,400000.00,400000.00,-200000.00,200000.00,300000.00,200000.00,,,,,,,,,,,,,,,,,,
totalRevenue,50384000.00,53336000.00,45838000.00,44104000.00,49744000.00,56773000.00,43333000.00,45793000.00,47923000.00,44847000.00,43525000.00,40870040.00,43316000.00,44042000.00,35775000.00,33873000.00,36995000.00,40220000.00,31370000.00,31130000.00,34731000.00,39751000.00,31709000.00,30170000.00,33785000.00,38849000.00,27745000.00,26376000.00,31913000.00,40997000.00,25288000.00,23118000.00,29903000.00,33954000.00,22837000.00,24667000.00,30008000.00,33396000.00,19152000.00,21379000.00,22135000.00,28412000.00,17651000.00,19534000.00,20363000.00,27594000.00,16878000.00,15835864.00,19036000.00,24029000.00,14401000.00,13359933.00,16083000.00,20585000.00,13121000.00,13421547.00,15269000.00,19161000.00,11297000.00,12584012.00,19158000.00,22708000.00,14269000.00,14852005.00,17081000.00,18999000.00,12241000.00,12088992.00,15532000.00,16984000.00,12257000.00,11059374.00,13400000.00,14904000.00,10583000.00,10920648.00,11595000.00,12298000.00,8567000.00,8105660.00,9538000.00,10142000.00,7189000.00,6863570.00,7867000.00,9398000.00,6754000.00,8558603.00,9014000.00,10642000.00,7950000.00,7409595.00,8760000.00,10201000.00,8041000.00,7885278.00,9300000.00,9800000.00,7600000.00,-600000.00,13400000.00,12700000.00,11000000.00,9900000.00,12700000.00,12900000.00,10900000.00,9400000.00,13300000.00,12800000.00,12000000.00,11000000.00,13800000.00,14500000.00,12900000.00,12700000.00,13400000.00,14200000.00,12300000.00,11700000.00,14300000.00,13900000.00,12400000.00,12100000.00,14500000.00,14300000.00,12100000.00,11700000.00,12100000.00,12600000.00,11500000.00,9900000.00,11200000.00,12200000.00,10900000.00,8400000.00,9700000.00,10200000.00,9400000.00,8600000.00,9100000.00,10600000.00,8900000.00,8800000.00,9600000.00,10200000.00,7900000.00,8000000.00,9000000.00,9600000.00,8500000.00,7900000.00,9900000.00
totalOperatingExpenses,15846000.00,14772000.00,14093000.00,14110000.00,14972000.00,14572000.00,13597000.00,12999000.00,14044000.00,12364000.00,12619000.00,12159050.00,12832000.00,11670000.00,11521000.00,10893000.00,11408000.00,11003000.00,10268000.00,10269000.00,11078000.00,11087000.00,10774000.00,9860000.00,10277000.00,10594000.00,9372000.00,9105000.00,9723000.00,10054000.00,8230000.00,7611000.00,8334000.00,8660000.00,7609000.00,7872000.00,8685000.00,7983000.00,6253000.00,6612000.00,6531000.00,6889000.00,5914000.00,6090000.00,6067000.00,6743000.00,5486000.00,5171956.00,5520000.00,6223000.00,5125000.00,4967268.00,5000000.00,5605000.00,4812000.00,4880864.00,4864000.00,5086000.00,4216000.00,4088093.00,5651000.00,6121000.00,4918000.00,4919166.00,5229000.00,5435000.00,4158000.00,4109753.00,4506000.00,4995000.00,4259000.00,3057488.00,4159000.00,4577000.00,3719000.00,3874082.00,3739000.00,3579000.00,2969000.00,2793395.00,2648000.00,2906000.00,2301000.00,2505080.00,2688000.00,2381000.00,1943000.00,2657751.00,2834000.00,3464000.00,2412000.00,1322187.00,2821000.00,2737000.00,2424000.00,1709361.00,2000000.00,2100000.00,1900000.00,400000.00,2700000.00,2800000.00,2600000.00,2600000.00,2900000.00,2800000.00,3000000.00,2300000.00,3700000.00,3400000.00,3300000.00,4200000.00,3400000.00,3400000.00,3300000.00,3700000.00,4000000.00,3900000.00,3600000.00,4000000.00,3600000.00,3800000.00,3500000.00,4400000.00,3700000.00,4000000.00,3400000.00,3500000.00,2900000.00,2900000.00,2800000.00,3100000.00,2800000.00,2700000.00,2500000.00,-38800000.00,,,,-36500000.00,,,,-35000000.00,,,,-34800000.00,,,,-33900000.00,
costOfRevenue,30881000.00,33314000.00,29557000.00,30021000.00,33819000.00,38225000.00,28365000.00,29737000.00,30918000.00,28694000.00,27938000.00,25814326.00,28360000.00,27989000.00,22244000.00,21579000.00,23861000.00,25449000.00,19568000.00,19768000.00,22281000.00,25039000.00,19585000.00,19544000.00,21559000.00,24366000.00,17181000.00,16564000.00,20050000.00,26303000.00,16103000.00,14852000.00,19577000.00,21419000.00,14402000.00,15691000.00,19393000.00,21875000.00,12274000.00,14004000.00,14195000.00,18331000.00,11224000.00,12979000.00,12937000.00,17773000.00,10934000.00,10141944.00,12396000.00,15346000.00,9093000.00,8315509.00,10426000.00,13034000.00,8008000.00,8248060.00,9771000.00,12056000.00,7000000.00,7701125.00,11288000.00,13790000.00,8283000.00,9053075.00,9700000.00,11020000.00,6907000.00,7110219.00,8908000.00,9556000.00,6705000.00,6462685.00,7234000.00,8173000.00,5722000.00,5959118.00,6142000.00,6779000.00,4848000.00,4944901.00,6367000.00,6221000.00,4307000.00,4401272.00,5204000.00,6233000.00,4612000.00,5094263.00,5543000.00,6575000.00,5114000.00,4616412.00,5612000.00,6785000.00,5222000.00,5494668.00,7100000.00,7400000.00,6100000.00,800000.00,10300000.00,9500000.00,8200000.00,7700000.00,9300000.00,9500000.00,7700000.00,5900000.00,9800000.00,10200000.00,9100000.00,9200000.00,10000000.00,10300000.00,9300000.00,8300000.00,9000000.00,9800000.00,8600000.00,8200000.00,10500000.00,9500000.00,8700000.00,9000000.00,10000000.00,9600000.00,8400000.00,8100000.00,8200000.00,8500000.00,7800000.00,6900000.00,7900000.00,8400000.00,7600000.00,,,,,,,,,,,,,,,,,,
totalOtherIncomeExpenseNet,-55000.00,-809000.00,-879000.00,336784.00,499000.00,629000.00,717000.00,18000.00,-68000.00,3440000.00,-77000.00,-664227.00,35000.00,1000.00,-44000.00,-46000.00,-40000.00,-14000.00,3000.00,18000.00,-23000.00,-74000.00,28000.00,-19000.00,-17000.00,51000.00,9000.00,-38000.00,-65000.00,-11000.00,38000.00,-18000.00,-93000.00,18000.00,-75000.00,-39000.00,-68000.00,204000.00,-19000.00,-19000.00,13000.00,-25000.00,-3000.00,-5000.00,-7000.00,-43000.00,-42000.00,-6379.00,-20000.00,-3000.00,25000.00,108440.00,3000.00,-24000.00,14000.00,-27995.00,461000.00,30000.00,-31000.00,169855.00,-138000.00,-24000.00,186000.00,129357.00,91000.00,-41000.00,27000.00,102557.00,35000.00,38000.00,76000.00,-109267.00,-3086000.00,-97000.00,-49000.00,133203.00,-52000.00,-80000.00,5000.00,146172.00,91000.00,15000.00,-150000.00,-74598.00,101000.00,-322000.00,84000.00,-61453.00,-8000.00,81000.00,21000.00,-301211.00,-96000.00,-21000.00,18000.00,-24213.00,-100000.00,100000.00,200000.00,-400000.00,100000.00,100000.00,100000.00,300000.00,100000.00,100000.00,400000.00,-1600000.00,-300000.00,-400000.00,100000.00,-9800000.00,-500000.00,-500000.00,-500000.00,,100000.00,100000.00,-300000.00,,,-300000.00,-400000.00,100000.00,-500000.00,100000.00,100000.00,300000.00,100000.00,-400000.00,200000.00,300000.00,100000.00,100000.00,100000.00,,,,,,,,,,,,,,,,,,
discontinuedOperations,,,,,,,,,,,,,,,,,,,,0.00,0.00,0.00,0.00,0.00,0.00,0.00,0.00,0.00,0.00,0.00,0.00,0.00,0.00,0.00,0.00,0.00,0.00,0.00,0.00,0.00,0.00,0.00,0.00,0.00,0.00,0.00,0.00,0.00,0.00,0.00,0.00,0.00,0.00,0.00,0.00,0.00,0.00,0.00,0.00,0.00,0.00,0.00,0.00,0.00,0.00,0.00,0.00,0.00,0.00,0.00,0.00,0.00,0.00,0.00,0.00,0.00,0.00,0.00,0.00,0.00,0.00,0.00,0.00,0.00,0.00,0.00,0.00,0.00,0.00,0.00,0.00,0.00,0.00,0.00,0.00,,,,,,,,,,,,,,,,,,,,,,,,,,,,,,,,,,,,,,,,,,,,,,,,,,,,,,,,,,
netIncomeFromContinuingOps,2152000.00,3443000.00,990000.00,-597000.00,64000.00,2739000.00,830000.00,2338000.00,2046000.00,7231000.00,2046000.00,2043766.00,1579000.00,3199000.00,1277000.00,976608.00,1059000.00,2671000.00,807000.00,591350.00,807000.00,2436000.00,764000.00,-654521.00,1202000.00,2846000.00,659000.00,545998.00,1473000.00,3267000.00,565000.00,439525.00,1208000.00,2710000.00,436000.00,690005.00,1189000.00,2542000.00,368000.00,524905.00,959000.00,2210000.00,309000.00,430231.00,798000.00,2061000.00,260000.00,0.00,682000.00,1743000.00,0.00,0.00,0.00,0.00,0.00,0.00,0.00,0.00,0.00,0.00,0.00,0.00,0.00,0.00,0.00,0.00,0.00,0.00,0.00,0.00,0.00,0.00,0.00,0.00,0.00,0.00,0.00,0.00,0.00,0.00,0.00,0.00,0.00,0.00,0.00,0.00,0.00,0.00,0.00,0.00,0.00,0.00,0.00,0.00,0.00,,,,,,,,,,,,,,,,,,,,,,,,,,,,,,,,,,,,,,,,,,,,,,,,,,,,,,,,,,
netIncomeApplicableToCommonShares,2152000.00,3443000.00,990000.00,-597000.00,64000.00,2739000.00,830000.00,2338000.00,2046000.00,7231000.00,2046000.00,2043766.00,1579000.00,3199000.00,1277000.00,976608.00,1059000.00,2671000.00,807000.00,591350.00,807000.00,2436000.00,764000.00,-654521.00,1202000.00,2846000.00,659000.00,545998.00,1473000.00,3267000.00,565000.00,439525.00,1208000.00,2710000.00,436000.00,690005.00,1189000.00,2542000.00,368000.00,524905.00,959000.00,2210000.00,309000.00,430231.00,798000.00,2061000.00,260000.00,266000.00,682000.00,1743000.00,120000.00,182000.00,611000.00,1566000.00,214000.00,731000.00,728000.00,1341000.00,42000.00,634000.00,1351000.00,1729000.00,753000.00,546000.00,1304000.00,1522000.00,650000.00,396000.00,1225000.00,1506000.00,759000.00,773000.00,200000.00,1314000.00,650000.00,754000.00,1016000.00,1076000.00,392000.00,227000.00,302000.00,615000.00,78000.00,40000.00,270000.00,227000.00,122000.00,180000.00,405000.00,465000.00,230000.00,138000.00,302000.00,414000.00,207000.00,,,,,,,,,,,,,,,,,,,,,,,,,,,,,,,,,,,,,,,,,,,,,,,,,,,,,,,,,,
preferredStockAndOtherAdjustments,,,,,,,,,,,,,,,,,,,,,,,,,,,,,,,,,,,,,,,,,,,,,,,,,,,,,,,,,,,,,,,,,,,,,,,,,,,,,,,,,,,,,,,,,,,,,,,,,,,,,,,,,,,,,,,,,,,,,,,,,,,,,,,,,,,,,,,,,,,,,,,,,,,,,,,,,
