,2023-08-31,2023-05-31,2023-02-28,2022-11-30,2022-08-31,2022-05-31,2022-02-28,2021-11-30,2021-08-31,2021-05-31,2021-02-28,2020-11-30,2020-08-31,2020-05-31,2020-02-29,2019-11-30,2019-08-31,2019-05-31,2019-02-28,2018-11-30,2018-08-31,2018-05-31,2018-02-28,2017-11-30,2017-08-31,2017-05-31,2017-02-28,2016-11-30,2016-08-31,2016-05-31,2016-02-29,2015-11-30,2015-08-31,2015-05-31,2015-02-28,2014-11-30,2014-08-31,2014-05-31
date,2023-08-31,2023-05-31,2023-02-28,2022-11-30,2022-08-31,2022-05-31,2022-02-28,2021-11-30,2021-08-31,2021-05-31,2021-02-28,2020-11-30,2020-08-31,2020-05-31,2020-02-29,2019-11-30,2019-08-31,2019-05-31,2019-02-28,2018-11-30,2018-08-31,2018-05-31,2018-02-28,2017-11-30,2017-08-31,2017-05-31,2017-02-28,2016-11-30,2016-08-31,2016-05-31,2016-02-29,2015-11-30,2015-08-31,2015-05-31,2015-02-28,2014-11-30,2014-08-31,2014-05-31
filing_date,2023-10-17,2023-07-25,2023-04-25,2023-01-10,2022-10-19,2022-07-27,2022-04-26,2022-01-12,2021-10-20,2021-07-29,2021-04-28,2021-01-13,2020-10-21,2020-08-04,2020-05-13,2020-01-08,2019-10-16,2019-07-24,2019-04-24,2019-01-15,2018-10-18,2018-07-25,2018-05-11,2017-11-30,2017-08-31,2017-05-31,2017-02-28,2016-11-30,2016-08-31,2016-05-31,2016-02-29,2015-11-30,2015-08-31,2015-05-31,2015-02-28,2014-11-30,2014-08-31,2014-05-31
currency_symbol,USD,USD,USD,USD,USD,USD,USD,USD,USD,USD,USD,USD,USD,USD,USD,USD,USD,USD,USD,USD,USD,USD,USD,USD,USD,USD,USD,USD,USD,USD,USD,USD,USD,USD,USD,USD,USD,USD
totalAssets,26322500000.00,25817200000.00,26168200000.00,30214700000.00,28754100000.00,28220000000.00,28123000000.00,27936100000.00,27344300000.00,26781900000.00,26598000000.00,26319300000.00,26469600000.00,25987800000.00,24735100000.00,24991600000.00,24698500000.00,24981200000.00,20776600000.00,20981700000.00,21816800000.00,21820200000.00,21812300000.00,,22334500000.00,23183200000.00,23755000000.00,23451500000.00,23773900000.00,24426900000.00,23770000000.00,24354800000.00,24007500000.00,24469400000.00,25761800000.00,,,
intangibleAssets,2460700000.00,2473200000.00,2465400000.00,2408800000.00,2363500000.00,2309600000.00,2285000000.00,2239500000.00,2181300000.00,2149100000.00,2108800000.00,2076400000.00,2077800000.00,2085500000.00,2087200000.00,2123900000.00,2177900000.00,2271200000.00,2834500000.00,2893300000.00,2968900000.00,3036600000.00,3142500000.00,,3250500000.00,3374200000.00,3497800000.00,3579200000.00,3681700000.00,3785800000.00,3882500000.00,3976600000.00,4001000000.00,4093000000.00,4235000000.00,,,
earningAssets,,,,,,,,,,,,,,,,,,,,,,,,,,,,,,,,,,,,,,
otherCurrentAssets,392700000.00,306200000.00,42300000.00,513700000.00,474100000.00,326600000.00,101400000.00,440300000.00,414700000.00,313100000.00,101600000.00,420600000.00,374800000.00,309000000.00,127800000.00,447800000.00,336400000.00,361900000.00,88700000.00,443600000.00,347800000.00,377400000.00,73300000.00,,321600000.00,328500000.00,133700000.00,391300000.00,356100000.00,351700000.00,101600000.00,389200000.00,449500000.00,549800000.00,797500000.00,,,
totalLiab,24105900000.00,23817200000.00,24557500000.00,29395700000.00,24367100000.00,24149400000.00,25098400000.00,25625400000.00,25384400000.00,25083500000.00,25273700000.00,24944600000.00,24968000000.00,24792900000.00,22457000000.00,22581000000.00,22353000000.00,22926800000.00,19325900000.00,19591600000.00,20454200000.00,20428900000.00,20414100000.00,,21738300000.00,21997300000.00,22383800000.00,22243400000.00,22558700000.00,22973700000.00,22156800000.00,22497300000.00,22090100000.00,22405400000.00,23593300000.00,,,
totalStockholderEquity,2216600000.00,2000000000.00,1610700000.00,819000000.00,4387000000.00,4070600000.00,3024600000.00,2310700000.00,1959900000.00,1698400000.00,1324300000.00,1374700000.00,1501600000.00,1194900000.00,2278100000.00,2410600000.00,2345500000.00,2054400000.00,1450700000.00,1390100000.00,1362600000.00,1391300000.00,1398200000.00,,596200000.00,1185900000.00,1371200000.00,1208100000.00,1215200000.00,1453200000.00,1613200000.00,1857500000.00,1917400000.00,2064000000.00,2168500000.00,,,
deferredLongTermLiab,,816200000.00,854000000.00,896900000.00,858400000.00,806900000.00,799800000.00,684900000.00,598300000.00,534600000.00,107000000.00,566600000.00,,,35400000.00,,,,,,,,,,,,,,,,,,,,,,,
otherCurrentLiab,1172500000.00,1317700000.00,2515200000.00,5749500000.00,2745200000.00,2469600000.00,2642300000.00,1202000000.00,1190000000.00,1127300000.00,713400000.00,1135500000.00,1148200000.00,1255500000.00,784600000.00,1006100000.00,1021200000.00,990200000.00,721500000.00,988300000.00,1048300000.00,922000000.00,720800000.00,,1402900000.00,1338000000.00,1031300000.00,785500000.00,779100000.00,848900000.00,762000000.00,716300000.00,727100000.00,722200000.00,1244600000.00,,,
commonStock,5900000.00,5900000.00,5900000.00,5900000.00,5900000.00,5900000.00,5900000.00,5900000.00,5900000.00,5900000.00,5900000.00,5900000.00,5800000.00,5800000.00,2800000.00,2800000.00,2800000.00,2800000.00,2800000.00,2800000.00,2800000.00,2800000.00,2800000.00,,,,,,,,,,,,,,,
capitalStock,5900000.00,5900000.00,5900000.00,5900000.00,618100000.00,5900000.00,5900000.00,5900000.00,5900000.00,5900000.00,,,,,,,,,,,,,,,,,,,,,,,,,,,,
retainedEarnings,356400000.00,159600000.00,-185000000.00,-417200000.00,3239900000.00,2972100000.00,2564900000.00,2187100000.00,1846200000.00,1624800000.00,1263000000.00,1481400000.00,1432200000.00,1174600000.00,592300000.00,524500000.00,469700000.00,174900000.00,-431800000.00,-567700000.00,-613300000.00,-580900000.00,-569000000.00,,-1175400000.00,-820200000.00,-615300000.00,-649900000.00,-613700000.00,-375600000.00,-242000000.00,-135700000.00,-62800000.00,106900000.00,260200000.00,,,
otherLiab,,,,,2951300000.00,2983300000.00,2915200000.00,3141200000.00,3122400000.00,3169900000.00,3193200000.00,3064600000.00,2796200000.00,2560700000.00,2656600000.00,2562400000.00,2557300000.00,2625400000.00,,,,,,,,,,,,,,,,,,,,
goodWill,1201000000.00,1201000000.00,1201000000.00,1201000000.00,1201000000.00,1201000000.00,1201000000.00,1201000000.00,1200200000.00,1200500000.00,1183300000.00,1183300000.00,1183300000.00,1183300000.00,1183300000.00,1183300000.00,1183300000.00,1183300000.00,1183300000.00,1183300000.00,1183300000.00,1183300000.00,1183300000.00,,1037100000.00,1179400000.00,1167800000.00,1152300000.00,1152300000.00,1152300000.00,1131100000.00,1133300000.00,1013800000.00,1028600000.00,1028600000.00,,,
otherAssets,750600000.00,739300000.00,993600000.00,976900000.00,877600000.00,1052900000.00,1012600000.00,943700000.00,912100000.00,797500000.00,779400000.00,697100000.00,665000000.00,626400000.00,654000000.00,559800000.00,643600000.00,676400000.00,647500000.00,,,,,,,,,,,,,,,,,,,
cash,266100000.00,225200000.00,455800000.00,4412300000.00,3392400000.00,3213100000.00,2902000000.00,2661000000.00,2849800000.00,2173800000.00,1717000000.00,1836100000.00,2389600000.00,2022200000.00,470700000.00,406400000.00,435300000.00,662100000.00,926100000.00,462600000.00,1661900000.00,1237000000.00,670300000.00,,572200000.00,1063400000.00,1219200000.00,806100000.00,930600000.00,1476200000.00,579700000.00,727800000.00,777700000.00,989300000.00,1125800000.00,,,
cashAndEquivalents,266100000.00,225200000.00,455800000.00,4412300000.00,3392400000.00,3213100000.00,2902000000.00,2661000000.00,2849800000.00,2173800000.00,,,,,,,,,,,,,,,,,,,,,,,,,,,,
totalCurrentLiabilities,7923500000.00,7723100000.00,8428800000.00,13309000000.00,8244500000.00,7912300000.00,8348500000.00,7461200000.00,7069700000.00,6704200000.00,6832200000.00,6597300000.00,6727700000.00,6750300000.00,5904300000.00,5972200000.00,5729700000.00,5714800000.00,5152700000.00,5540700000.00,5474000000.00,5129500000.00,5029600000.00,,5605800000.00,5723700000.00,5740800000.00,5330900000.00,5367600000.00,5847900000.00,5182500000.00,5246900000.00,5111500000.00,5154800000.00,6201400000.00,,,
currentDeferredRevenue,1293700000.00,1149500000.00,,896900000.00,1503100000.00,,,1483300000.00,1492300000.00,1365400000.00,1813800000.00,1268600000.00,1280300000.00,1308200000.00,1444100000.00,1099900000.00,1107800000.00,978500000.00,1363700000.00,1020600000.00,1041000000.00,946700000.00,1307600000.00,,1013800000.00,925200000.00,1356300000.00,1359100000.00,1410100000.00,1267200000.00,1305900000.00,1371700000.00,1485100000.00,1398500000.00,1569300000.00,,,
netDebt,14395300000.00,14306400000.00,14505300000.00,10799700000.00,10648200000.00,10877700000.00,11123600000.00,11472700000.00,11576600000.00,12261700000.00,12749900000.00,12645700000.00,12364800000.00,12647400000.00,14209900000.00,14323000000.00,14284800000.00,14592700000.00,9660300000.00,10515300000.00,10103500000.00,10604700000.00,11205500000.00,,11353600000.00,10994700000.00,11118700000.00,11458600000.00,11578800000.00,11436700000.00,11646600000.00,11650800000.00,11199200000.00,11156000000.00,11443200000.00,,,
shortTermDebt,1307600000.00,1242700000.00,1740500000.00,2684900000.00,1481500000.00,1472400000.00,1469400000.00,709800000.00,833200000.00,825200000.00,817700000.00,798200000.00,909400000.00,786800000.00,784500000.00,683000000.00,654100000.00,668200000.00,148800000.00,412600000.00,436500000.00,169400000.00,168200000.00,,178700000.00,303900000.00,318500000.00,303200000.00,370300000.00,849400000.00,334700000.00,270800000.00,181000000.00,246400000.00,624000000.00,,,
shortLongTermDebt,638800000.00,574200000.00,1075700000.00,2025600000.00,826000000.00,825400000.00,828800000.00,82000000.00,211500000.00,214300000.00,212400000.00,212400000.00,331600000.00,219100000.00,221400000.00,133300000.00,24700000.00,145000000.00,,,,,,,,,,,,,,,,,,,,
shortLongTermDebtTotal,14661400000.00,14531600000.00,14961100000.00,15212000000.00,14040600000.00,14090800000.00,14025600000.00,14133700000.00,14426400000.00,14435500000.00,14466900000.00,14481800000.00,14754400000.00,14669600000.00,14680600000.00,14729400000.00,14720100000.00,15254800000.00,10586400000.00,10977900000.00,11765400000.00,11841700000.00,11875800000.00,,11925800000.00,12058100000.00,12337900000.00,12264700000.00,12509400000.00,12912900000.00,12226300000.00,12378600000.00,11976900000.00,12145300000.00,12569000000.00,,,
otherStockholderEquity,1785400000.00,1720500000.00,1674800000.00,584900000.00,925800000.00,391000000.00,-893700000.00,-1560000000.00,-1570000000.00,-1595000000.00,-1607200000.00,-1605800000.00,-1429100000.00,-1467800000.00,1798500000.00,1797700000.00,1792900000.00,1787300000.00,1788400000.00,1762900000.00,1780900000.00,1772400000.00,1773300000.00,,1750300000.00,1991000000.00,1999300000.00,1980300000.00,1961800000.00,1963300000.00,1967900000.00,1951800000.00,1938000000.00,1904200000.00,1848700000.00,,,
propertyPlantEquipment,15387000000.00,15238000000.00,15237800000.00,9092900000.00,9078600000.00,14978300000.00,15258000000.00,15172200000.00,15062400000.00,15152400000.00,15428300000.00,14829300000.00,14879200000.00,14875500000.00,15079300000.00,15058100000.00,15063100000.00,14943500000.00,9861300000.00,,,,,,,,,,,,,,,,,,,
totalCurrentAssets,6421600000.00,6060600000.00,6270400000.00,10685700000.00,9264600000.00,8678200000.00,8366400000.00,8379700000.00,7988300000.00,7377500000.00,6988000000.00,7444200000.00,7578600000.00,7132800000.00,5731300000.00,5979600000.00,5630600000.00,5906800000.00,6250000000.00,6112600000.00,6845700000.00,6488900000.00,6148600000.00,,5923200000.00,6427600000.00,6793200000.00,6478200000.00,6369400000.00,6867800000.00,6113300000.00,6466500000.00,6124300000.00,6368500000.00,7104700000.00,,,
longTermInvestments,,,,,,,,,,,,,,,,,,,,,,,,,,,,,,,,,,,,,,
netTangibleAssets,,3789700000.00,3376200000.00,3223900000.00,6887000000.00,560000000.00,6237000000.00,-1129800000.00,-1421600000.00,-1651200000.00,-1967800000.00,-1885000000.00,-1759500000.00,-2073900000.00,-992400000.00,-896600000.00,-1015700000.00,-1400100000.00,,,,,,,,,,,,,,,,,,,,
shortTermInvestments,18200000.00,19000000.00,21400000.00,,,,,,,,,,,,,,,,,,,,,,,,,,,,,,,,,,,
netReceivables,710100000.00,684300000.00,687600000.00,704800000.00,651700000.00,565300000.00,560600000.00,607400000.00,544700000.00,618700000.00,550900000.00,549500000.00,547100000.00,530000000.00,525300000.00,501200000.00,518600000.00,497400000.00,586200000.00,566900000.00,527900000.00,551300000.00,615300000.00,,608800000.00,599000000.00,631000000.00,614400000.00,648100000.00,620600000.00,647800000.00,666800000.00,645000000.00,644300000.00,631900000.00,,,
longTermDebt,7810800000.00,7825000000.00,7834400000.00,7091700000.00,7106800000.00,7121200000.00,7136300000.00,7915700000.00,8129100000.00,8145800000.00,8101200000.00,8328000000.00,7827400000.00,7831800000.00,8493300000.00,8014700000.00,7994500000.00,9030000000.00,9772600000.00,,,,,,,,,,,,,,,,,,,
inventory,5048300000.00,4844900000.00,4782000000.00,5054900000.00,4746400000.00,4573200000.00,4500800000.00,4671000000.00,4179100000.00,4271900000.00,4301300000.00,4638000000.00,4267100000.00,4271600000.00,4352500000.00,4624200000.00,4340300000.00,4385400000.00,4332800000.00,4639500000.00,4308100000.00,4323200000.00,4421100000.00,,4420600000.00,4436700000.00,4464000000.00,4666400000.00,4434600000.00,4419300000.00,4421800000.00,4682700000.00,4252100000.00,4185100000.00,4156600000.00,,,
accountsPayable,4149700000.00,4013200000.00,4173100000.00,3977700000.00,4017800000.00,3970300000.00,4236800000.00,4066100000.00,3554200000.00,3386300000.00,3487300000.00,3395000000.00,3389800000.00,3399800000.00,2891100000.00,3183200000.00,2946600000.00,3077900000.00,2918700000.00,3119200000.00,2948200000.00,3091400000.00,2833000000.00,,3010400000.00,3156600000.00,3034700000.00,2883100000.00,2808100000.00,2882400000.00,2779900000.00,2888100000.00,2718300000.00,2787700000.00,2763500000.00,,,
totalPermanentEquity,,,,,,,,,,,,,,,,,,,,,,,,,,,,,,,,,,,,,,
noncontrollingInterestInConsolidatedEntity,,,,,,,,,,,,,,,,,,,,,,,,,,,,,,,,,,,,,,
temporaryEquityRedeemableNoncontrollingInterests,,,,,,,,,,,,,,,,,,,,,,,,,,,,,,,,,,,,,,
accumulatedOtherComprehensiveIncome,68900000.00,70400000.00,69300000.00,66100000.00,66100000.00,66200000.00,69000000.00,78600000.00,78700000.00,63600000.00,63500000.00,-105900000.00,-106400000.00,-116800000.00,-118500000.00,85600000.00,80100000.00,89400000.00,91300000.00,192100000.00,192200000.00,197000000.00,191100000.00,,21300000.00,15100000.00,-12800000.00,-122300000.00,-132900000.00,-134500000.00,-112700000.00,41400000.00,42200000.00,52900000.00,59600000.00,,,
additionalPaidInCapital,,,,,,,,,,,,,,,,,,,,,,,,,,,,,,,,,,,,,,
commonStockTotalEquity,,5900000.00,5900000.00,5900000.00,5900000.00,5900000.00,5900000.00,5900000.00,5000000.00,5900000.00,5900000.00,5900000.00,5800000.00,5800000.00,5800000.00,2800000.00,2800000.00,2800000.00,2800000.00,2800000.00,2800000.00,2800000.00,2800000.00,,,,,,,,,,,,,,,
preferredStockTotalEquity,,,,,,,,,,,,,,,,,,,,,,,,,,,,,,,,,,,,,,
retainedEarningsTotalEquity,,159600000.00,-185000000.00,-417200000.00,3239900000.00,2972100000.00,2564900000.00,2187100000.00,1846200000.00,1624800000.00,1263000000.00,1481400000.00,,,,,,,,,,,,,,,,,,,,,,,,,,
treasuryStock,,,,,,,-1647400000.00,-1907000000.00,-1907000000.00,-1907000000.00,-1907000000.00,-1890500000.00,-1705800000.00,-1705800000.00,-25800000.00,-25800000.00,-25800000.00,-25800000.00,-25800000.00,,,,,,,,,,,,,,,,,,,
accumulatedAmortization,,,,,,,,,,,,,,,,,,,,,,,,,,,,,,,,,,,,,,
nonCurrrentAssetsOther,852200000.00,844400000.00,139600000.00,80000000.00,977500000.00,246000000.00,1012600000.00,943700000.00,912100000.00,902400000.00,889600000.00,786100000.00,750700000.00,710700000.00,654000000.00,646700000.00,643600000.00,676400000.00,647500000.00,649200000.00,562000000.00,555000000.00,567600000.00,,846200000.00,861200000.00,784400000.00,790300000.00,918100000.00,891600000.00,796900000.00,947000000.00,1116400000.00,1093200000.00,1369300000.00,,,
deferredLongTermAssetCharges,,,,,,,,,,,,,,,,,,,,,,,,,,,,,,,,,,,,,,
nonCurrentAssetsTotal,19900900000.00,19756600000.00,19897800000.00,19529000000.00,19489500000.00,19541800000.00,19756600000.00,19556400000.00,19356000000.00,19404400000.00,19610000000.00,18875100000.00,18891000000.00,18855000000.00,19003800000.00,19012000000.00,19067900000.00,19074400000.00,14526600000.00,14869100000.00,14971100000.00,15331300000.00,15663700000.00,,16411300000.00,16755600000.00,16961800000.00,16973300000.00,17404500000.00,17559100000.00,17656700000.00,17888300000.00,17883200000.00,18100900000.00,18657100000.00,,,
capitalLeaseObligations,6211800000.00,6132400000.00,6051000000.00,6094700000.00,6107800000.00,6144200000.00,6060500000.00,6136000000.00,6085800000.00,6075400000.00,6153300000.00,5941400000.00,5962800000.00,5966000000.00,5965900000.00,5980200000.00,6700900000.00,5421200000.00,,,,,,,,,,,,,,,,,,,,
longTermDebtTotal,7810800000.00,7825000000.00,7834400000.00,7091700000.00,7106800000.00,7121200000.00,7136300000.00,7915700000.00,8129100000.00,8145800000.00,8101200000.00,8328000000.00,8460000000.00,8484500000.00,8493300000.00,8615900000.00,8628600000.00,9688600000.00,10437600000.00,,,,,,,,,,,,,,,,,,,
nonCurrentLiabilitiesOther,1997000000.00,1989000000.00,2008400000.00,2083400000.00,2092900000.00,2176400000.00,2115400000.00,2456300000.00,2524100000.00,2635300000.00,2659500000.00,2498000000.00,2232400000.00,1999200000.00,2042800000.00,1851100000.00,1869200000.00,1870900000.00,,,,,,,,,,,,,,,,,,,,
nonCurrentLiabilitiesTotal,16182400000.00,16094100000.00,16128700000.00,16086700000.00,16122600000.00,16237100000.00,16749900000.00,18164200000.00,18314700000.00,18379300000.00,18441500000.00,18347300000.00,18240300000.00,18042600000.00,16552700000.00,16608800000.00,16623300000.00,17212000000.00,14173200000.00,14050900000.00,14980200000.00,15299400000.00,15384500000.00,,16132500000.00,16273600000.00,16643000000.00,16912500000.00,17191100000.00,17125800000.00,16974300000.00,17250400000.00,16978600000.00,17250600000.00,17391900000.00,,,
negativeGoodwill,,,,,,,,,,,,,,,,,,,,,,,,,,,,,,,,,,,,,,
warrants,,,45700000.00,579300000.00,612200000.00,635400000.00,1278500000.00,1599100000.00,1599100000.00,1599100000.00,1599100000.00,1599100000.00,,,,,,,,,,,,,,,,,,,,,,,,,,
preferredStockRedeemable,,,,,,,,,,,,,,,,,,,,,,,,,,,,,,,,,,,,,,
capitalSurpluse,2089600000.00,2068300000.00,2072700000.00,2077000000.00,2022500000.00,1998200000.00,2032200000.00,1946100000.00,1936100000.00,1911100000.00,1898900000.00,1883800000.00,1875800000.00,1837100000.00,1824300000.00,1823500000.00,1818700000.00,1813100000.00,1814200000.00,,,,,,,,,,,,,,,,,,,
liabilitiesAndStockholdersEquity,26322500000.00,25817200000.00,26168200000.00,30214700000.00,28754100000.00,28220000000.00,28123000000.00,27936100000.00,27344300000.00,26781900000.00,26598000000.00,26319300000.00,26469600000.00,25987800000.00,24735100000.00,24991600000.00,24698500000.00,24981200000.00,20776600000.00,20981700000.00,21816800000.00,21820200000.00,21812300000.00,,22334500000.00,23183200000.00,23755000000.00,23451500000.00,23773900000.00,24426900000.00,23770000000.00,24354800000.00,24007500000.00,24469400000.00,25761800000.00,,,
cashAndShortTermInvestments,266100000.00,225200000.00,455800000.00,4412300000.00,3392400000.00,3213100000.00,2902000000.00,2661000000.00,2849800000.00,2173800000.00,1717000000.00,1836100000.00,2389600000.00,2022200000.00,470700000.00,406400000.00,435300000.00,662100000.00,926100000.00,462600000.00,1661900000.00,1237000000.00,670300000.00,,572200000.00,1063400000.00,1219200000.00,806100000.00,930600000.00,1476200000.00,579700000.00,727800000.00,777700000.00,989300000.00,1125800000.00,,,
propertyPlantAndEquipmentGross,,,,,,,,,15062000000.00,15152400000.00,15428300000.00,14829300000.00,14879200000.00,14875500000.00,9211000000.00,15058100000.00,15063100000.00,14943500000.00,9861300000.00,10143300000.00,10256900000.00,10556400000.00,10770300000.00,,11277500000.00,11340800000.00,11511800000.00,11451500000.00,11652400000.00,11729400000.00,11846200000.00,11831400000.00,11752000000.00,11886100000.00,12024200000.00,,,
propertyPlantAndEquipmentNet,15387000000.00,15238000000.00,15237800000.00,14942300000.00,14947500000.00,14978300000.00,15258000000.00,15172200000.00,15062400000.00,15152400000.00,15428300000.00,14829300000.00,14879200000.00,14875500000.00,15079300000.00,15058100000.00,15063100000.00,14943500000.00,9861300000.00,10143300000.00,10256900000.00,10556400000.00,10770300000.00,,11277500000.00,11340800000.00,11511800000.00,11451500000.00,11652400000.00,11729400000.00,11846200000.00,11831400000.00,11752000000.00,11886100000.00,12024200000.00,,,
accumulatedDepreciation,,,,,,,,,,,,,,,,,,,,,,,,,,,,,,,,,,,,,,
netWorkingCapital,-1501900000.00,-1662500000.00,-2158400000.00,-2623300000.00,1020100000.00,765900000.00,17900000.00,918500000.00,918600000.00,673300000.00,155800000.00,846900000.00,850900000.00,382500000.00,-173000000.00,,,,,,,,,,,,,,,,,,,,,,,
netInvestedCapital,10666200000.00,10399200000.00,10520800000.00,9936300000.00,12319800000.00,12017200000.00,10989700000.00,10308400000.00,10300500000.00,10058500000.00,9637900000.00,9915100000.00,10293200000.00,9898500000.00,10992800000.00,,,,,,,,,,,,,,,,,,,,,,,
commonStockSharesOutstanding,580100000.00,575630760.00,580100000.00,538600000.00,576300000.00,576300000.00,573900000.00,574200000.00,573000000.00,571400000.00,464100000.00,472100000.00,582900000.00,583700000.00,479026753.00,580900000.00,580600000.00,583700000.00,583700000.00,583700000.00,583700000.00,583700000.00,583700000.00,583700000.00,583700000.00,583700000.00,583700000.00,583700000.00,583700000.00,583700000.00,583700000.00,583700000.00,583700000.00,583700000.00,475139081.00,475139081.00,475139081.00,583700000.00
investments,-436200000.00,-453900000.00,-498600000.00,-501000000.00,-426300000.00,-551400000.00,-361800000.00,-386600000.00,-297500000.00,-493000000.00,-627700000.00,-257200000.00,-287700000.00,-399400000.00,-353100000.00,-333100000.00,601700000.00,-294000000.00,,,,,,,,,,,,,,,,,,,,
changeToLiabilities,,,,,166700000.00,-123200000.00,51900000.00,398400000.00,260500000.00,-31300000.00,160300000.00,41700000.00,-147700000.00,733100000.00,-237100000.00,235600000.00,-54600000.00,141400000.00,,,,,,,,,,,,,,,,,,,,
totalCashflowsFromInvestingActivities,-890100000.00,-453900000.00,-1977300000.00,-1478700000.00,-426300000.00,-551400000.00,-1538900000.00,-386600000.00,-297500000.00,-493000000.00,-627700000.00,-257200000.00,-287700000.00,-399400000.00,-353100000.00,-333100000.00,307700000.00,-294000000.00,-86800000.00,,,,,,,,,,,,,,,,,,,
netBorrowings,,,,,-16900000.00,-13200000.00,-27700000.00,-348500000.00,-18300000.00,-14400000.00,-241900000.00,-269300000.00,94100000.00,-15500000.00,-50800000.00,3400000.00,-1114300000.00,-750200000.00,,,,,,,,,,,,,,,,,,,,
totalCashFromFinancingActivities,-615000000.00,-615000000.00,-4239800000.00,1101000000.00,-97100000.00,-129500000.00,-127800000.00,-447300000.00,-105200000.00,-109200000.00,-397900000.00,-563200000.00,26200000.00,-106900000.00,-101500000.00,-17200000.00,-1132800000.00,-762700000.00,-411000000.00,-789100000.00,-46900000.00,-67200000.00,-257400000.00,-77100000.00,-428000000.00,-335600000.00,44900000.00,-137700000.00,-566900000.00,561900000.00,-281000000.00,267700000.00,-145400000.00,-477200000.00,377300000.00,5301900000.00,1361000000.00,-111300000.00
changeToOperatingActivities,,,,,-191000000.00,6200000.00,-645500000.00,-182000000.00,-226900000.00,36500000.00,170000000.00,65400000.00,-51400000.00,102600000.00,-260900000.00,-192300000.00,-104300000.00,-126400000.00,,,,,,,,,,,,,,,,,,,,
changeInCash,-230600000.00,-230600000.00,-3956500000.00,1019900000.00,136800000.00,311000000.00,241000000.00,-188800000.00,676000000.00,456800000.00,-119100000.00,-545200000.00,367400000.00,1585600000.00,62300000.00,-48100000.00,-249000000.00,-254000000.00,481600000.00,-1183700000.00,422200000.00,566800000.00,185700000.00,-87600000.00,-491200000.00,-155800000.00,413100000.00,-124500000.00,-545600000.00,896500000.00,-148100000.00,-49900000.00,-211600000.00,-136500000.00,169800000.00,-2500000.00,698400000.00,-46900000.00
beginPeriodCashFlow,463800000.00,463800000.00,4420300000.00,3400400000.00,3263600000.00,2952600000.00,2711600000.00,2900400000.00,2224400000.00,1767600000.00,1886700000.00,2431900000.00,2064500000.00,478900000.00,416600000.00,464700000.00,713700000.00,967700000.00,486100000.00,1669800000.00,1247600000.00,680800000.00,484600000.00,572200000.00,1063400000.00,1219200000.00,806100000.00,930600000.00,1476200000.00,579700000.00,727800000.00,777700000.00,989300000.00,1125800000.00,956000000.00,958500000.00,260100000.00,307000000.00
endPeriodCashFlow,233200000.00,233200000.00,463800000.00,4420300000.00,3400400000.00,3263600000.00,2952600000.00,2711600000.00,2900400000.00,2224400000.00,1767600000.00,1886700000.00,2431900000.00,2064500000.00,478900000.00,416600000.00,464700000.00,713700000.00,967700000.00,486100000.00,1669800000.00,1247600000.00,670300000.00,484600000.00,572200000.00,1063400000.00,1219200000.00,806100000.00,930600000.00,1476200000.00,579700000.00,727800000.00,777700000.00,989300000.00,1125800000.00,956000000.00,958500000.00,260100000.00
totalCashFromOperatingActivities,838300000.00,838300000.00,781900000.00,419900000.00,660200000.00,991900000.00,730600000.00,645100000.00,1078700000.00,1059000000.00,906500000.00,275200000.00,628900000.00,2091900000.00,516900000.00,302200000.00,282100000.00,802700000.00,618800000.00,-122200000.00,279700000.00,911600000.00,308200000.00,-162100000.00,218400000.00,654300000.00,704200000.00,222400000.00,316800000.00,570100000.00,344300000.00,110700000.00,250500000.00,196100000.00,-417700000.00,43500000.00,62700000.00,146400000.00
issuanceOfCapitalStock,,,,,,,0.00,0.00,0.00,0.00,,,,,,,,,,,,,,,,,,,,,,,,,,,,
depreciation,734200000.00,734200000.00,578200000.00,572400000.00,562700000.00,746500000.00,553800000.00,535200000.00,522700000.00,693500000.00,502800000.00,497500000.00,481600000.00,636500000.00,561400000.00,514200000.00,507400000.00,678600000.00,398000000.00,401600000.00,402600000.00,536600000.00,436100000.00,444400000.00,439200000.00,578400000.00,430800000.00,425000000.00,417200000.00,531800000.00,396500000.00,370000000.00,369200000.00,478000000.00,211100000.00,145100000.00,154000000.00,207900000.00
otherCashflowsFromInvestingActivities,194200000.00,168600000.00,176600000.00,88200000.00,-1800000.00,-9400000.00,67600000.00,-4000000.00,2200000.00,28700000.00,-300000.00,-400000.00,-1000000.00,-3800000.00,2600000.00,2800000.00,1024000000.00,68100000.00,1275800000.00,,,,,,,,,,,,,,,,,,,
dividendsPaid,-69800000.00,69800000.00,-3996200000.00,-79900000.00,75400000.00,85800000.00,84400000.00,85500000.00,76100000.00,76000000.00,76000000.00,47000000.00,83700000.00,83700000.00,83700000.00,,,,,,,,,,,,,,,,,,,,,,,
changeToInventory,-96900000.00,-96900000.00,186300000.00,-372900000.00,-228100000.00,-134400000.00,113600000.00,-520400000.00,78200000.00,14800000.00,332100000.00,-385100000.00,-5600000.00,67800000.00,272300000.00,-286600000.00,39200000.00,-63000000.00,314300000.00,-334100000.00,11600000.00,88500000.00,324500000.00,-301300000.00,8200000.00,14200000.00,218900000.00,-219600000.00,-21500000.00,24900000.00,242700000.00,-385900000.00,-71600000.00,-30200000.00,161200000.00,-136600000.00,-36400000.00,-40600000.00
changeToAccountReceivables,,,,,-87100000.00,-5400000.00,47200000.00,-63200000.00,68300000.00,-74700000.00,74000000.00,-23000000.00,-17000000.00,-64000000.00,-24100000.00,,,,,-40300000.00,,-8000000.00,-8000000.00,,,,,,,,,,,,,,,
salePurchaseOfStock,,,,,,,0.00,0.00,0.00,0.00,-16500000.00,-184700000.00,342200000.00,-1680000000.00,0.00,,,,-25800000.00,1636100000.00,-424900000.00,-1237000000.00,,,,,,,,,,,,,,,,
otherCashflowsFromFinancingActivities,-32000000.00,-32000000.00,731900000.00,1397700000.00,-4800000.00,-30500000.00,-15700000.00,-10400000.00,-10800000.00,-18800000.00,-40500000.00,-102000000.00,1473500000.00,3588600000.00,2305300000.00,747400000.00,731500000.00,-12500000.00,583600000.00,567500000.00,739600000.00,-22000000.00,-193000000.00,334900000.00,-225700000.00,-36500000.00,73800000.00,111300000.00,1428300000.00,1244700000.00,43100000.00,308700000.00,41400000.00,-5700000.00,2085400000.00,5332200000.00,1572600000.00,126400000.00
changeToNetincome,,,,,85200000.00,18000000.00,147100000.00,47700000.00,69600000.00,-24600000.00,-142800000.00,-71500000.00,73300000.00,-29600000.00,133100000.00,-50300000.00,-405200000.00,34400000.00,,,,,,,,,,,,,,,,,,,,
capitalExpenditures,622500000,622500000,587000000,506200000,446900000,613800000,390100000,393900000,309100000,513400000,547200000,380100000,300600000,402300000,391400000,367400000,354200000,362100000,445700000,285700000,281700000,349500000,484300000,310100000,330000000,422600000,362600000,312100000,342400000,397800000,239600000,239600000,266100000,214700000,101100000,76300000,53700000,97100000
changeReceivables,,,,,,,,,,,,,,,,,,,,,,,,,,,,,,,,,,,,,,
cashFlowsOtherOperating,,,,,,,,,,,,,,,,,,,,,,,,,,,,,,,,,,,,,,
exchangeRateChanges,,,,,,,,,,,,,,,,,,,,,,,,,,,,,,,,,,,,,,
cashAndCashEquivalentsChanges,,,,,,,,,,,,,,,,,,,,,,,,,,,,,,,,,,,,,,
changeInWorkingCapital,-292300000.00,-292300000.00,-124200000.00,-676000000.00,-339500000.00,-256800000.00,-301800000.00,-367200000.00,180100000.00,-54700000.00,13600000.00,-279400000.00,-221700000.00,898800000.00,-249800000.00,-225800000.00,-141000000.00,40700000.00,29400000.00,-370800000.00,101300000.00,416300000.00,-49100000.00,-377700000.00,-53600000.00,258300000.00,198600000.00,-220100000.00,58800000.00,214600000.00,-192300000.00,-205900000.00,95100000.00,-163400000.00,-55500000.00,53900000.00,-53500000.00,15800000.00
stockBasedCompensation,31900000.00,31900000.00,41700000.00,33400000.00,27900000.00,35300000.00,25800000.00,26400000.00,26800000.00,22200000.00,15600000.00,15100000.00,9300000.00,19000000.00,8000000.00,7200000.00,6500000.00,11100000.00,12200000.00,9900000.00,12200000.00,13400000.00,21300000.00,6500000.00,9300000.00,8800000.00,19100000.00,18900000.00,-500000.00,15800000.00,16300000.00,13700000.00,12300000.00,55500000.00,330000000.00,10500000.00,1500000.00,2100000.00
otherNonCashItems,43700000.00,43700000.00,63500000.00,71600000.00,10900000.00,-20100000.00,-121900000.00,-30200000.00,-7000000.00,-28900000.00,614200000.00,-62100000.00,21200000.00,2600000.00,94800000.00,-22000000.00,-368400000.00,20500000.00,-10100000.00,-139500000.00,-141400000.00,-33400000.00,-24000000.00,48400000.00,235100000.00,85200000.00,42400000.00,-3900000.00,170900000.00,86900000.00,99400000.00,58900000.00,57300000.00,33600000.00,36600000.00,66700000.00,49200000.00,54800000.00
freeCashFlow,215800000.00,215800000.00,194900000.00,-86300000.00,213300000.00,378100000.00,340500000.00,251200000.00,769600000.00,545600000.00,359300000.00,-104900000.00,328300000.00,1689600000.00,125500000.00,-65200000.00,-72100000.00,440600000.00,173100000.00,-407900000.00,-2000000.00,562100000.00,-176100000.00,-472200000.00,-111600000.00,231700000.00,341600000.00,-89700000.00,-25600000.00,172300000.00,104700000.00,-128900000.00,-15600000.00,-18600000.00,-518800000.00,-32800000.00,9000000.00,49300000.00
researchDevelopment,,,,,,,,,,,,,,,,,,,,,,,,,,,,,,,,,,,,,,
effectOfAccountingCharges,,,,,,,,,,,,,,,,,,,,,,,,,,,,,,,,,,,,,,
incomeBeforeTax,483300000.00,1791300000.00,351500000.00,496400000.00,460100000.00,627500000.00,603800000.00,522900000.00,395500000.00,577300000.00,-208300000.00,153200000.00,395700000.00,788100000.00,90100000.00,67700000.00,376700000.00,64700000.00,137000000.00,-19800000.00,-44300000.00,-20700000.00,15300000.00,-305400000.00,-422900000.00,-204500000.00,-45300000.00,-32100000.00,-276700000.00,-109500000.00,-97500000.00,-33900000.00,-228100000.00,-182300000.00,-943500000.00,-218600000.00,-85600000.00,-130900000.00
minorityInterest,,,,,,,,,,,,,,,,,,,,,,,,,,,,,,,,,,,,,,
sellingGeneralAdministrative,4153100000.00,6012900000.00,4712100000.00,4532000000.00,4487600000.00,5864300000.00,3952700000.00,4243900000.00,4231300000.00,5503600000.00,4726100000.00,4309100000.00,4031200000.00,400000.00,4093500000.00,3807200000.00,3794600000.00,4918100000.00,3770300000.00,3678000000.00,3681400000.00,4977600000.00,3714700000.00,3725700000.00,3807200000.00,4967900000.00,3747800000.00,3665900000.00,,,,,,,,,,
sellingAndMarketingExpenses,,,,,,,,,,,13332000000.00,4309000000.00,4031000000.00,5769000000.00,,,,,,,,,,,,,,,3664700000.00,4921600000.00,3720800000.00,3532800000.00,3585100000.00,4821300000.00,3148100000.00,1554300000.00,1490900000.00,1958900000.00
grossProfit,6662700000.00,6662700000.00,5084300000.00,5121700000.00,5004600000.00,6545000000.00,4984300000.00,4830100000.00,4717000000.00,6191000000.00,4559500000.00,4508600000.00,4574900000.00,6771500000.00,4418000000.00,3995100000.00,3941500000.00,5239600000.00,4058700000.00,3852400000.00,3812800000.00,5170700000.00,3948300000.00,3624600000.00,3729700000.00,5058500000.00,3933800000.00,3819800000.00,3765900000.00,5121000000.00,3846000000.00,3721300000.00,3576200000.00,4918200000.00,2464000000.00,1519800000.00,1528200000.00,1990800000.00
reconciledDepreciation,568000000.00,734200000.00,578200000.00,572400000.00,562700000.00,746500000.00,553800000.00,535200000.00,522700000.00,693500000.00,502800000.00,497500000.00,481600000.00,636500000.00,561400000.00,514200000.00,507400000.00,678600000.00,398000000.00,401600000.00,402600000.00,436100000.00,436100000.00,444400000.00,439200000.00,578400000.00,430800000.00,425000000.00,417200000.00,531800000.00,396500000.00,370000000.00,369200000.00,478000000.00,211100000.00,145100000.00,154000000.00,207900000.00
ebit,665800000.00,2211900000.00,433600000.00,582400000.00,-26800000.00,760100000.00,664300000.00,624500000.00,-18100000.00,730900000.00,-59400000.00,218700000.00,555100000.00,999000000.00,274100000.00,-310400000.00,141800000.00,332600000.00,-110400000.00,183900000.00,131400000.00,233900000.00,53800000.00,-106100000.00,64800000.00,66000000.00,208900000.00,127500000.00,99900000.00,204200000.00,118200000.00,188500000.00,-8900000.00,96900000.00,-684100000.00,-34500000.00,37300000.00,31900000.00
ebitda,1400000000.00,4001900000.00,959900000.00,1160400000.00,535900000.00,1433500000.00,1263900000.00,1159700000.00,504600000.00,1424400000.00,443400000.00,716200000.00,1036700000.00,1635500000.00,835500000.00,203800000.00,649200000.00,1011200000.00,287600000.00,585500000.00,534000000.00,770500000.00,489900000.00,338300000.00,504000000.00,644400000.00,639700000.00,552500000.00,517100000.00,736000000.00,514700000.00,558500000.00,360300000.00,574900000.00,-473000000.00,110600000.00,191300000.00,239800000.00
depreciationAndAmortization,734200000.00,1790000000.00,526300000.00,578000000.00,562700000.00,673400000.00,599600000.00,535200000.00,522700000.00,693500000.00,502800000.00,497500000.00,481600000.00,636500000.00,561400000.00,514200000.00,507400000.00,678600000.00,398000000.00,401600000.00,402600000.00,536600000.00,436100000.00,444400000.00,439200000.00,578400000.00,430800000.00,425000000.00,417200000.00,531800000.00,396500000.00,370000000.00,369200000.00,478000000.00,211100000.00,145100000.00,154000000.00,207900000.00
nonOperatingIncomeNetOther,,,,-1700000.00,18900000.00,,,34600000.00,18900000.00,,,10600000.00,,,,,,,,,,,,,,,,,,,,,,,,,,
operatingIncome,622200000.00,2211900000.00,433600000.00,582400000.00,531000000.00,760100000.00,664300000.00,599600000.00,485900000.00,687100000.00,-174800000.00,258500000.00,562000000.00,971800000.00,326600000.00,206600000.00,582400000.00,321500000.00,288400000.00,174400000.00,131400000.00,193100000.00,233600000.00,-101100000.00,-219800000.00,90600000.00,186000000.00,153900000.00,101200000.00,199400000.00,125200000.00,188500000.00,-8900000.00,96900000.00,-684100000.00,-34500000.00,37300000.00,31900000.00
otherOperatingExpenses,23400400000.00,2211900000.00,17892900000.00,17565200000.00,17402400000.00,22629600000.00,16720900000.00,16142200000.00,16020000000.00,20582000000.00,15938900000.00,15209400000.00,15213900000.00,21749500000.00,15112300000.00,13915300000.00,14029800000.00,18416900000.00,13728200000.00,13666000000.00,13892700000.00,18460300000.00,13800100000.00,13700300000.00,13909200000.00,18369400000.00,13630600000.00,13459900000.00,13754900000.00,18192300000.00,13700300000.00,13231100000.00,13446800000.00,17954100000.00,9481500000.00,5614100000.00,5572600000.00,7179800000.00
interestExpense,154900000.00,420600000.00,91600000.00,84300000.00,89800000.00,138900000.00,108000000.00,111300000.00,109300000.00,153300000.00,113100000.00,115900000.00,128600000.00,180600000.00,140500000.00,154800000.00,177500000.00,225200000.00,168300000.00,213000000.00,194900000.00,254600000.00,195600000.00,193900000.00,214800000.00,270500000.00,108100000.00,212400000.00,997000000.00,313700000.00,232300000.00,210500000.00,223900000.00,283800000.00,238000000.00,152700000.00,102500000.00,140000000.00
taxProvision,67500000.00,66100000.00,40400000.00,120900000.00,117400000.00,143300000.00,148700000.00,98400000.00,100300000.00,132500000.00,-64100000.00,29500000.00,111200000.00,201900000.00,22300000.00,12900000.00,81900000.00,15700000.00,-2000000.00,,,,,,,,,,,,,,,,,,,
interestIncome,111900000.00,144400000.00,91600000.00,84300000.00,89800000.00,138900000.00,108000000.00,111300000.00,109300000.00,153300000.00,113100000.00,115900000.00,128600000.00,180600000.00,140500000.00,154800000.00,177500000.00,225200000.00,168300000.00,,,,,,,,,,,,,,,,,,,
netInterestIncome,-111900000.00,-154900000.00,-91600000.00,-84300000.00,-89800000.00,-138900000.00,-108000000.00,-111300000.00,-109300000.00,-153300000.00,-113100000.00,-115900000.00,-128600000.00,-180600000.00,-140500000.00,-154800000.00,-177500000.00,-225200000.00,,,,,,,,,,,,,,,,,,,,
extraordinaryItems,,,,,,,,,,,,,,,,,,,-3400000.00,,,,,,,,,,,,,,,,,,,
nonRecurring,,,,,,,,,,,,,,,,,,,,,,,,,,,,,,,,,,,,,,
otherItems,,,,,,,,,,,,,,,,,,,,,,,,,,,,,,,,,,,,,,
incomeTaxExpense,66100000.00,344800000.00,40400000.00,120900000.00,117400000.00,143300000.00,148700000.00,98400000.00,100300000.00,132500000.00,-64100000.00,29500000.00,111200000.00,201900000.00,22300000.00,12900000.00,81900000.00,15700000.00,1400000.00,-65400000.00,-11900000.00,-3000000.00,-373000000.00,-523500000.00,-67700000.00,400000.00,-79900000.00,4100000.00,-38600000.00,24100000.00,8800000.00,39000000.00,-58400000.00,-29000000.00,-99900000.00,-23700000.00,-15800000.00,-14000000.00
totalRevenue,24050200000.00,24050200000.00,18265100000.00,18154900000.00,17919400000.00,23310300000.00,17383500000.00,16728400000.00,16505700000.00,21269400000.00,15772300000.00,15408900000.00,15757600000.00,22751600000.00,15436800000.00,14103200000.00,14176700000.00,18738400000.00,14016600000.00,13840400000.00,14024100000.00,18653400000.00,14033700000.00,13599200000.00,13831700000.00,18460000000.00,13816600000.00,13613800000.00,13856100000.00,18391700000.00,13825500000.00,13419600000.00,13437900000.00,18051000000.00,8797400000.00,5579600000.00,5609900000.00,7211700000.00
totalOperatingExpenses,6012900000.00,2211900000.00,4712100000.00,4532000000.00,4487600000.00,5864300000.00,4321700000.00,4243900000.00,4231300000.00,5503600000.00,4726100000.00,4309100000.00,4031200000.00,5769400000.00,4093500000.00,3807200000.00,3794600000.00,4918100000.00,3770300000.00,3678000000.00,3681400000.00,4977600000.00,3714700000.00,3725700000.00,3807200000.00,4967900000.00,3747800000.00,3665900000.00,3664700000.00,4921600000.00,3720800000.00,3532800000.00,3585100000.00,4821300000.00,3148100000.00,1554300000.00,1490900000.00,1958900000.00
costOfRevenue,17387500000.00,17387500000.00,13180800000.00,13033200000.00,12914800000.00,16765300000.00,12399200000.00,11898300000.00,11788700000.00,15078400000.00,11212800000.00,10900300000.00,11182700000.00,15980100000.00,11018800000.00,10108100000.00,10235200000.00,13498800000.00,9957900000.00,9988000000.00,10211300000.00,13482700000.00,10085400000.00,9974600000.00,10102000000.00,13401500000.00,9882800000.00,9794000000.00,10090200000.00,13270700000.00,9979500000.00,9698300000.00,9861700000.00,13132800000.00,6333400000.00,4059800000.00,4081700000.00,5220900000.00
totalOtherIncomeExpenseNet,-11600000.00,-420600000.00,-82100000.00,-86000000.00,32900000.00,-132600000.00,-60500000.00,48000000.00,19100000.00,43200000.00,71400000.00,69600000.00,-19400000.00,-33400000.00,-93900000.00,34600000.00,407300000.00,-31600000.00,16900000.00,18800000.00,19200000.00,40800000.00,-22700000.00,-10400000.00,-130600000.00,24600000.00,-123200000.00,26400000.00,1300000.00,-4800000.00,9600000.00,-11900000.00,4700000.00,4600000.00,-21400000.00,-31400000.00,-20400000.00,-22800000.00
discontinuedOperations,,,,,,,,,,,,,,,,,,,,,,,,,,,,,,,,,,,,,,
netIncomeFromContinuingOps,266900000.00,417200000.00,311100000.00,375600000.00,342700000.00,484200000.00,455100000.00,424600000.00,295200000.00,444800000.00,-144200000.00,123700000.00,284500000.00,586200000.00,67800000.00,54800000.00,294800000.00,49000000.00,,,,,,,,,,,,,,,,,,,,
netIncomeApplicableToCommonShares,266900000.00,416500000.00,298400000.00,375500000.00,342700000.00,484200000.00,455100000.00,424500000.00,295200000.00,372200000.00,-146700000.00,96400000.00,232200000.00,582300000.00,67800000.00,54800000.00,294800000.00,49000000.00,135600000.00,,,,,,,,,,,,,,,,,,,
preferredStockAndOtherAdjustments,,,,,,,,,,,,,,,,,,,,,,,,,,,,,,,,,,,,,,
