,2023-09-30,2023-06-30,2023-03-31,2022-12-31,2022-09-30,2022-06-30,2022-03-31,2021-12-31,2021-09-30,2021-06-30,2021-03-31,2020-12-31,2020-09-30,2020-06-30,2020-03-31,2019-12-31,2019-09-30,2019-06-30,2019-03-31,2018-12-31,2018-09-30,2018-06-30,2018-03-31,2017-12-31,2017-09-30,2017-06-30,2017-03-31,2016-12-31,2016-09-30,2016-06-30,2016-03-31,2015-12-31,2015-09-30,2015-06-30,2015-03-31,2014-12-31,2014-09-30,2014-06-30,2014-03-31,2013-12-31,2013-09-30,2013-06-30,2013-03-31,2012-12-31,2012-09-30,2012-06-30,2012-03-31,2011-12-31,2011-09-30,2011-06-30,2011-03-31,2010-12-31,2010-09-30,2010-06-30,2010-03-31,2009-12-31,2009-09-30,2009-06-30,2009-03-31,2008-12-31,2008-09-30,2008-06-30,2008-03-31,2007-12-31,2007-09-30,2007-06-30,2007-03-31,2006-12-31,2006-09-30,2006-06-30,2006-03-31,2005-12-31,2005-09-30,2005-06-30,2005-03-31,2004-12-31,2004-09-30,2004-06-30,2004-03-31,2003-12-31,2003-09-30,2003-06-30,2003-03-31,2002-12-31,2002-09-30,2002-06-30,2002-03-31,2001-12-31,2001-09-30,2001-06-30,2001-03-31,2000-12-31,2000-09-30,2000-06-30,2000-03-31,1999-12-31,1999-09-30,1999-06-30,1999-03-31,1998-12-31,1998-09-30,1998-06-30,1998-03-31,1997-12-31,1997-09-30,1997-06-30,1997-03-31,1996-12-31,1996-09-30,1996-06-30,1996-03-31
date,2023-09-30,2023-06-30,2023-03-31,2022-12-31,2022-09-30,2022-06-30,2022-03-31,2021-12-31,2021-09-30,2021-06-30,2021-03-31,2020-12-31,2020-09-30,2020-06-30,2020-03-31,2019-12-31,2019-09-30,2019-06-30,2019-03-31,2018-12-31,2018-09-30,2018-06-30,2018-03-31,2017-12-31,2017-09-30,2017-06-30,2017-03-31,2016-12-31,2016-09-30,2016-06-30,2016-03-31,2015-12-31,2015-09-30,2015-06-30,2015-03-31,2014-12-31,2014-09-30,2014-06-30,2014-03-31,2013-12-31,2013-09-30,2013-06-30,2013-03-31,2012-12-31,2012-09-30,2012-06-30,2012-03-31,2011-12-31,2011-09-30,2011-06-30,2011-03-31,2010-12-31,2010-09-30,2010-06-30,2010-03-31,2009-12-31,2009-09-30,2009-06-30,2009-03-31,2008-12-31,2008-09-30,2008-06-30,2008-03-31,2007-12-31,2007-09-30,2007-06-30,2007-03-31,2006-12-31,2006-09-30,2006-06-30,2006-03-31,2005-12-31,2005-09-30,2005-06-30,2005-03-31,2004-12-31,2004-09-30,2004-06-30,2004-03-31,2003-12-31,2003-09-30,2003-06-30,2003-03-31,2002-12-31,2002-09-30,2002-06-30,2002-03-31,2001-12-31,2001-09-30,2001-06-30,2001-03-31,2000-12-31,2000-09-30,2000-06-30,2000-03-31,1999-12-31,1999-09-30,1999-06-30,1999-03-31,1998-12-31,1998-09-30,1998-06-30,1998-03-31,1997-12-31,1997-09-30,1997-06-30,1997-03-31,1996-12-31,1996-09-30,1996-06-30,1996-03-31
filing_date,2023-11-14,2023-08-14,2023-05-15,2023-03-31,2022-11-14,2022-08-15,2022-05-16,2022-03-10,2021-11-09,2021-08-09,2021-05-10,2021-02-26,2020-11-06,2020-07-31,2020-05-11,2020-02-24,2019-11-08,2019-08-09,2019-05-03,2019-02-19,2018-11-02,2018-08-03,2018-05-04,2018-02-16,2017-11-03,2017-08-04,2017-05-01,2017-02-21,2016-11-04,2016-08-05,2016-05-10,2016-02-16,2015-11-02,2015-07-31,2015-05-06,2015-02-09,2014-10-31,2014-08-01,2014-05-02,2014-02-10,2013-11-01,2013-08-02,2013-05-03,2013-02-08,2012-11-02,2012-08-03,2012-04-20,2012-02-23,2011-10-28,2011-07-29,2011-04-29,2011-02-11,2010-11-05,2010-08-06,2010-05-07,2010-02-24,2009-11-09,2009-08-10,2009-05-07,2009-03-16,2008-11-07,2008-08-08,2008-05-12,2008-02-29,2007-11-09,2007-08-09,2007-05-10,2007-03-01,2006-11-09,2006-08-09,2006-05-10,2006-03-16,2005-11-09,2005-08-09,2005-05-10,2005-03-16,2004-11-09,2004-08-09,2004-05-10,2004-03-15,2003-11-14,2003-08-14,2003-05-15,2002-12-31,2002-09-30,2002-06-30,2002-03-31,2001-12-31,2001-09-30,2001-06-30,2001-03-31,2000-12-31,2000-09-30,2000-06-30,2000-03-31,1999-12-31,1999-09-30,1999-06-30,1999-03-31,1998-12-31,1998-09-30,1998-06-30,1998-03-31,1997-12-31,1997-09-30,1997-06-30,1997-03-31,1996-12-31,1996-09-30,1996-06-30,1996-03-31
currency_symbol,USD,USD,USD,USD,USD,USD,USD,USD,USD,USD,USD,USD,USD,USD,USD,USD,USD,USD,USD,USD,USD,USD,USD,USD,USD,USD,USD,USD,USD,USD,USD,USD,USD,USD,USD,USD,,USD,,USD,,USD,,USD,,USD,,USD,,USD,,USD,,USD,,USD,,USD,,USD,,USD,,USD,,USD,,USD,,USD,,USD,,USD,,USD,,USD,,USD,,USD,,USD,,,,,,,,,,,,,,,,,,,,,,,,,,,
totalAssets,867258000.00,817470000.00,808004000.00,1002318000.00,1074141000.00,1084755000.00,920883000.00,803036000.00,879609000.00,1030097000.00,883344000.00,1212389000.00,945335000.00,785800000.00,2358307000.00,4000114000.00,4099538000.00,4063892000.00,4673158000.00,4099450000.00,4536412000.00,4254376000.00,4460519000.00,4160529000.00,4215599000.00,4368891000.00,4720492000.00,4141554000.00,4034597000.00,3985044000.00,3791289000.00,4204806000.00,4182234000.00,4694670000.00,4366617000.00,4014489000.00,3764696000.00,3431738000.00,2641279000.00,2194966000.00,2220099000.00,2460053000.00,2211410000.00,2074158000.00,1595786000.00,1379465000.00,1072644000.00,955060000.00,948678000.00,918379000.00,803308000.00,455333000.00,465621000.00,405815000.00,340620000.00,313649000.00,283325000.00,269587000.00,399270000.00,1560291000.00,3505948000.00,4200230000.00,3490736000.00,2944955000.00,5119269000.00,11319598000.00,12270283000.00,13352518000.00,14658055000.00,12212109000.00,10759593000.00,18435790000.00,21071157000.00,15656757000.00,13698167000.00,12928288000.00,12283565000.00,13298882000.00,11806507000.00,11333613000.00,9217811000.00,8755318000.00,5501107000.00,406185000.00,499114000.00,362232000.00,284480000.00,291958000.00,230888000.00,288348000.00,238033000.00,252219000.00,293526000.00,282836000.00,279458000.00,226400000.00,202100000.00,231700000.00,193900000.00,205100000.00,221900000.00,353400000.00,504400000.00,359300000.00,,,,125400000.00,,,
intangibleAssets,,,,,,,,,,,,,,,,,,0.00,0.00,0.00,0.00,0.00,,,,,,,,,,,,,,,,,,,,,,,,,,,,,,,,,,,,,8605000.00,,9372000.00,9817000.00,10147000.00,9837000.00,10228000.00,11274000.00,11600000.00,21825000.00,,,,26485000.00,,,,14404000.00,,,,16090000.00,,16972000.00,17300000.00,,,,,,,,,,,,,,,,,,,,,,,,,,,,
earningAssets,,,,,,,,,,,,,,,,,,,,,,,,,,,,,,,,,,,,,,,,,,,,,,,,,,,,,,,,,,,,,,,,,,,,,,,,,,,,,,,,,,,,,,,,,,,,,,,,,,,,,,,,,,,,,,,
otherCurrentAssets,,,,,-3228000.00,-4623000.00,120952000.00,5792000.00,9407000.00,21010000.00,-170803000.00,-17865000.00,-47544000.00,2473000.00,33008000.00,-118985000.00,43298000.00,31247000.00,53446000.00,61052000.00,73966000.00,46678295.16,57624000.00,,,,,,,,,,,,,,,,,,,,,,,,,,,,,,,,,,,,11826000.00,21080000.00,89897000.00,90483000.00,88010000.00,157139000.00,3522807000.00,3902795000.00,5444132000.00,5642279000.00,6029128000.00,621260000.00,7528332000.00,8652248000.00,9314088000.00,3852694000.00,1183374000.00,304799000.00,422738000.00,351574000.00,149825000.00,25578000.00,29080000.00,164863000.00,21980000.00,,,,,,,,,,,,,,,,,,,,,,,,,,,,
totalLiab,86713000.00,86611000.00,86508000.00,86405000.00,859931000.00,871057000.00,702786000.00,578909000.00,654932000.00,801345000.00,643857000.00,966119000.00,708449000.00,546815000.00,2125498000.00,3672866000.00,3791361000.00,3739603000.00,4316747000.00,3825006000.00,4225722000.00,3947909000.00,4141514000.00,3774212000.00,3823027000.00,4014264000.00,4346011000.00,3758138000.00,3600409000.00,3552561000.00,3357616000.00,3720775000.00,3704226000.00,4149282000.00,3796084000.00,3372457000.00,3065719000.00,2809106000.00,2019532000.00,1643138000.00,1690446000.00,1919461000.00,1665594000.00,1609002000.00,1296668000.00,1158373000.00,851525000.00,771688000.00,763239000.00,708262000.00,583420000.00,238589000.00,274497000.00,224051000.00,184350000.00,163636000.00,146346000.00,177911000.00,151973000.00,1417035000.00,3017944000.00,3622299000.00,2902166000.00,2308203000.00,4168985000.00,10052041000.00,11138322000.00,12046030000.00,13360855000.00,10941748000.00,9457644000.00,17131620000.00,19677020000.00,14137736000.00,12239306000.00,11349764000.00,10740204000.00,11867537000.00,10120834000.00,9779274000.00,8149658000.00,7619225000.00,4489460000.00,161020000.00,264490000.00,143864000.00,89891000.00,106647000.00,6817000.00,6825000.00,623000.00,776000.00,926000.00,1072000.00,1217000.00,1400000.00,1500000.00,1600000.00,1800000.00,1900000.00,2000000.00,103700000.00,2300000.00,132700000.00,,,,76300000.00,,,
totalStockholderEquity,213351000.00,220012000.00,215145000.00,217340000.00,214210000.00,213698000.00,218097000.00,224127000.00,224677000.00,228752000.00,239487000.00,246270000.00,236886000.00,238985000.00,232809000.00,327248000.00,308177000.00,324289000.00,356411000.00,274444000.00,310690000.00,306467000.00,319005000.00,386317000.00,392572000.00,354627000.00,374481000.00,383416000.00,434188000.00,432483000.00,433673000.00,484031000.00,478008000.00,545388000.00,570533000.00,642032000.00,698977000.00,622632000.00,621747000.00,551828000.00,529653000.00,540592000.00,545816000.00,465156000.00,299118000.00,221092000.00,221119000.00,183372000.00,185439000.00,210117000.00,219888000.00,216744000.00,191124000.00,181764000.00,156270000.00,150013000.00,136979000.00,91676000.00,121705000.00,13583000.00,268097000.00,343686000.00,344408000.00,393691000.00,698214000.00,1012635000.00,989213000.00,1171045000.00,1163681000.00,1270361000.00,1301949000.00,1304170000.00,1394137000.00,1519021000.00,1458861000.00,1578524000.00,1543361000.00,1431345000.00,1685673000.00,1554339000.00,1068153000.00,1136093000.00,1011647000.00,245165000.00,234624000.00,218368000.00,194589000.00,185311000.00,173667000.00,200313000.00,211001000.00,214556000.00,211794000.00,203637000.00,198063000.00,189000000.00,170900000.00,187900000.00,176900000.00,186900000.00,193400000.00,249700000.00,242200000.00,226600000.00,,,,49100000.00,,,
deferredLongTermLiab,,,,,,,,,,,,,,,,,,0.00,0.00,0.00,33639000.00,24011000.00,17518000.00,,,,,,,,,,,,,,,,,,,,,,,,,,,,,,,,,,,,,,,,,,,,,,,,,,,,,,,,,,,,,,,,,,,,,,,,,,,,,,,,,,,,,,,,
otherCurrentLiab,,,,,,,,,-52000.00,-99000.00,-201000.00,92720000.00,121325000.00,-611000.00,-1199000.00,-4666000.00,-3356000.00,-3336000.00,-5063000.00,-4646000.00,-4241000.00,-3728000.00,-3484000.00,-4418000.00,-2813000.00,-3020000.00,-2415000.00,-3434000.00,-1449000.00,-1365000.00,-1502000.00,-2436000.00,-1003000.00,-894000.00,-1913000.00,-2112000.00,-1752000.00,-2163000.00,-2620000.00,-2165000.00,-14510000.00,-15228000.00,-14680000.00,-18419000.00,-17124000.00,-17199000.00,-16906000.00,-16905000.00,-283000.00,-16156000.00,-241000.00,-187000.00,-160000.00,-141000.00,-124000.00,-124000.00,-129000.00,-483000.00,-418000.00,,-4438000.00,-5684000.00,-4946000.00,,-6329000.00,,-3440011000.00,,,,-434330000.00,,,,-6925024000.00,,,,-4744616000.00,,,,-60927000.00,,-70051000.00,-37128000.00,-18128000.00,-21165000.00,,,,,,,,,,,,,,-46800000.00,,-40000000.00,,,,-22000000.00,,,
commonStock,284000.00,284000.00,284000.00,282000.00,286000.00,291000.00,301000.00,307000.00,316000.00,327000.00,335000.00,335000.00,337000.00,357000.00,368000.00,368000.00,368000.00,366000.00,366000.00,305000.00,303000.00,282000.00,281000.00,281000.00,280000.00,260000.00,236000.00,236000.00,230000.00,230000.00,230000.00,230000.00,230000.00,230000.00,230000.00,230000.00,229000.00,197000.00,197000.00,166000.00,166000.00,166000.00,166000.00,132000.00,132000.00,97000.00,94000.00,77000.00,77000.00,77000.00,77000.00,77000.00,77000.00,79000.00,79000.00,80000.00,80000.00,1590000.00,1590000.00,1592000.00,1594000.00,1594000.00,1595000.00,1519000.00,1601000.00,1753000.00,1744000.00,1747000.00,1744000.00,1741000.00,1738000.00,1729000.00,1725000.00,1719000.00,1716000.00,1689000.00,1687000.00,1685000.00,1675000.00,1669000.00,1401000.00,1401000.00,1356000.00,510000.00,510000.00,510000.00,505000.00,504000.00,504000.00,504000.00,504000.00,504000.00,503000.00,503000.00,503000.00,500000.00,500000.00,,,,,,,,,,,,,,
capitalStock,33105000.00,33105000.00,33105000.00,33103000.00,33254000.00,34899000.00,36658000.00,36515000.00,36165000.00,35616000.00,,,,,,,,,,,,,,,,,,,,,,,,,,,,,,,,,,,,,,,,,,,,,,,,,,,,,,,,,,,,,,,,,,,,,,,,,,,,,,,,,,,,,,,,,,,,,,,,,,,,,
retainedEarnings,-1846004000.00,-1838731000.00,-1842939000.00,-1840061000.00,-1843790000.00,-1846546000.00,-1846146000.00,-1842703000.00,-1845798000.00,-1844817000.00,-1837035000.00,-1830272000.00,-1841010000.00,-1845043000.00,-1854498000.00,-1759626000.00,-1777841000.00,-1760933000.00,-1728523000.00,-1731982000.00,-1695032000.00,-1678131000.00,-1664212000.00,-1596013000.00,-1587075000.00,-1593980000.00,-1536949000.00,-1527104000.00,-1470481000.00,-1474259000.00,-1472688000.00,-1426655000.00,-1431028000.00,-1367966000.00,-1354852000.00,-1298018000.00,-1245058000.00,-1237710000.00,-1239201000.00,-1229732000.00,-1246409000.00,-1234872000.00,-1223433000.00,-1212022000.00,-1376248000.00,-1367764000.00,-1361342000.00,-1363785000.00,-1363940000.00,-1345512000.00,-1338818000.00,-1352799000.00,-1356175000.00,-1356663000.00,-1362657000.00,-1364476000.00,-1369177000.00,-1411614000.00,-1379457000.00,-1481021000.00,-1212529000.00,-1043507000.00,-1018457000.00,-1063783000.00,-793417000.00,-570704000.00,-572650000.00,-378051000.00,-371548000.00,-295668000.00,-231453000.00,-224090000.00,81456000.00,115954000.00,120155000.00,153110000.00,131523000.00,96280000.00,92291000.00,59417000.00,35991000.00,71391000.00,58496000.00,52773000.00,42684000.00,27571000.00,9792000.00,-510000.00,-11215000.00,11175000.00,6065000.00,12204000.00,10773000.00,5819000.00,539000.00,-5900000.00,-16100000.00,7000000.00,1100000.00,1100000.00,4900000.00,40300000.00,32900000.00,17300000.00,,,,30300000.00,,,
otherLiab,,,,,11501000.00,12187000.00,9639000.00,6377000.00,4626000.00,2739000.00,2111000.00,1501000.00,1236000.00,909000.00,753000.00,507000.00,3204000.00,3534000.00,4297000.00,2200000.00,35363000.00,19168815.41,18676000.00,,,,,,,,,,,,,,,,,,,,,,,,,,,,,,,,,,,,,,,,,,,,,,,,,,,,,,,,,,,,,,,,,,,,,,,,,,,,,,,,,,,,,,,,
goodWill,,,,,,,,,,,,,,,,,,0.00,0.00,0.00,0.00,0.00,,,,,,,,,,,,,,,,,,,,,,,,,,,,,,,,,,,,,,,,,,,108013000.00,108013000.00,136913000.00,162765000.00,,,,162765000.00,,,,108013000.00,,,,108013000.00,,108013000.00,105398000.00,,,,,,,,,,,,,,,,,,,,,,,,,,,,
otherAssets,210745000.00,208523000.00,203825000.00,112254000.00,334848000.00,429660000.00,408066000.00,272344000.00,76233000.00,132981000.00,132264000.00,186053000.00,272936000.00,94747000.00,717778000.00,3946977000.00,4099538000.00,4063892000.00,4673158000.00,-74401000.00,4536412000.00,4254376000.00,4460519000.00,-71649000.00,4001151000.00,4193297000.00,4401632000.00,-22795000.00,3701209000.00,3671783000.00,3555049000.00,-41365000.00,3938634000.00,4424503000.00,4045941000.00,3806766000.00,3627235000.00,3284164000.00,2449956000.00,2093682000.00,2132320000.00,2354041000.00,2073579000.00,1918514000.00,-1872000.00,2266000.00,380000.00,-2054000.00,985000.00,998000.00,1643000.00,-3181000.00,644000.00,1708000.00,-1547000.00,3201000.00,4786000.00,6995000.00,11826000.00,2810900000.00,6265584000.00,7819114000.00,88010000.00,4965054000.00,5954259000.00,17799672000.00,5444132000.00,20655552000.00,21589712000.00,23451312000.00,7528332000.00,27721198000.00,32359504000.00,26992075000.00,1183374000.00,25245370000.00,23732627000.00,26030743000.00,149825000.00,22400189000.00,18017751000.00,17154666000.00,21980000.00,81650000.00,344562000.00,112329000.00,34582000.00,199032000.00,18093000.00,52823000.00,164571000.00,160167000.00,197576000.00,186710000.00,173973000.00,141400000.00,130400000.00,157700000.00,99300000.00,113400000.00,108500000.00,60200000.00,259500000.00,57200000.00,,,,46600000.00,,,
cash,10524000.00,15670000.00,24004000.00,29844000.00,17031000.00,14198000.00,26322000.00,25092000.00,27280000.00,18903000.00,73619000.00,35102000.00,11129000.00,16569000.00,122384000.00,56759000.00,55427000.00,65931000.00,90993000.00,87765000.00,106165000.00,80246000.00,72843000.00,80717000.00,85685000.00,138647000.00,79557000.00,65943000.00,163298000.00,142227000.00,124952000.00,66416000.00,100787000.00,204646000.00,228352000.00,194259000.00,126309000.00,136634000.00,176561000.00,94132000.00,80216000.00,70869000.00,104703000.00,121489000.00,181638000.00,109211000.00,94725000.00,91097000.00,91600000.00,54703000.00,33977000.00,12412000.00,8231000.00,8579000.00,5875000.00,10123000.00,13299000.00,36831000.00,224566000.00,254653000.00,227162000.00,417940000.00,337041000.00,692360000.00,692737000.00,505940000.00,450979000.00,189956000.00,365121000.00,75346000.00,188714000.00,238615000.00,181534000.00,299428000.00,164435000.00,231527000.00,173535000.00,140941000.00,129235000.00,92688000.00,252102000.00,116015000.00,93966000.00,90007000.00,92068000.00,50120000.00,56869000.00,46246000.00,32892000.00,53324000.00,39945000.00,52337000.00,40638000.00,45502000.00,34229000.00,43700000.00,23800000.00,38100000.00,38400000.00,46800000.00,58700000.00,71200000.00,139100000.00,205700000.00,,,,20700000.00,,,
cashAndEquivalents,,,,,,,,,,,,,,,,,,,,,,,,,,,,,,,,,,,,,,,,,,,,,,,,,,,,,,,,,,,,,,,,,,,,,,,,,,,,,,,,,,,,,,,,,,,,,,,,,,,,,,,,,,,,,,,
totalCurrentLiabilities,,,,,522991000.00,444404000.00,284862000.00,-85486000.00,52000.00,99000.00,201000.00,93627000.00,121894000.00,611000.00,1199000.00,4666000.00,3356000.00,3336000.00,5063000.00,4646000.00,4241000.00,3728000.00,3484000.00,4418000.00,2813000.00,3020000.00,2415000.00,3434000.00,1449000.00,1365000.00,1365000.00,2436000.00,1200000.00,1267000.00,1913000.00,2112000.00,1752000.00,2163000.00,2620000.00,2165000.00,14510000.00,15228000.00,14680000.00,18419000.00,402000.00,17199000.00,342000.00,16905000.00,283000.00,245000.00,241000.00,187000.00,160000.00,141000.00,124000.00,124000.00,129000.00,483000.00,418000.00,10389000.00,4438000.00,5684000.00,4946000.00,66972000.00,6329000.00,3502397000.00,3440011000.00,3983628000.00,3733743000.00,2115639000.00,434330000.00,7008989000.00,8234778000.00,7780081000.00,6925024000.00,7300843000.00,5355957000.00,4585093000.00,4744616000.00,4404181000.00,7930837000.00,49809000.00,60927000.00,43352000.00,70051000.00,37128000.00,18128000.00,21165000.00,,,,,,,,,,,,,,46800000.00,,40000000.00,,,,22000000.00,,,
currentDeferredRevenue,,,,,,,,,,,,,,,,,,,,,,,,,,,,,,,,,,,,,,,,,,,,,,,,,,,,,,,,-3971265000.00,,,,,,,,,,,,,,,,,,,,,,,,,,,,,,,,,,,,,,,,,,,,,,,,,,,,,,,
netDebt,76280000.00,71054000.00,62664000.00,225906000.00,308408000.00,400268000.00,381963000.00,100588000.00,65971000.00,82691000.00,58109000.00,131552000.00,183880000.00,57453000.00,-48001000.00,17569000.00,18845000.00,8285000.00,-16833000.00,-13661000.00,-32117000.00,-6254000.00,1093000.00,-6837000.00,-11861000.00,-64879000.00,-5845000.00,7713000.00,-89697000.00,-68682000.00,-51463000.00,795784000.00,283013000.00,-129346000.00,-153052000.00,-154259000.00,-86309000.00,-96634000.00,-136561000.00,-54132000.00,-40216000.00,-30869000.00,-89703000.00,-106489000.00,-166638000.00,-94211000.00,-79725000.00,-76097000.00,-76600000.00,-39703000.00,-18977000.00,2588000.00,7717000.00,7348000.00,10032000.00,6734000.00,3517000.00,14944000.00,-172830000.00,8029000.00,86196000.00,-97889000.00,-17135000.00,-304804000.00,2832645000.00,6956672000.00,7398894000.00,8591932000.00,8622393000.00,2354062000.00,6684541000.00,7083021000.00,12227130000.00,7788793000.00,6901967000.00,7191792000.00,5280958000.00,4512237000.00,4671831000.00,4359494000.00,7720947000.00,-50506000.00,-68581000.00,-57801000.00,-15922000.00,-7035000.00,-32917000.00,-19387000.00,-26075000.00,-46499000.00,-39322000.00,-51561000.00,-39712000.00,-44430000.00,-33012000.00,-42300000.00,-22300000.00,-36500000.00,-36600000.00,-44900000.00,-56700000.00,-69000000.00,-136800000.00,-163300000.00,,,,3200000.00,,,
shortTermDebt,,,,,,,,-85486000.00,-93251000.00,,,93627000.00,,,,,,0.00,0.00,0.00,0.00,0.00,,,,,,,,,,,,,,,,,,,,,,,,,,,,,,,,,,3971389000.00,,,,8325000.00,,,,63981000.00,,3493212000.00,3425432000.00,3971389000.00,3720804000.00,2105211000.00,423020000.00,6996950000.00,8214835000.00,7765230000.00,6913801000.00,7294949000.00,5346318000.00,4575890000.00,4736035000.00,4397993000.00,7927433000.00,40000000.00,20000000.00,26940000.00,70051000.00,37128000.00,18128000.00,21165000.00,,,,,,,,,,,,,,,,40000000.00,,,,22000000.00,,,
shortLongTermDebt,,,,,,,,,,,,,,,,,,0.00,0.00,0.00,0.00,0.00,,,,,,,,,,,,,,,,,,,,,,,,,,,,,,,,,,,,,,,,,,,,,,,,,,,,,,,,,,,,,,,,,,,,,,,,,,,,,,,,,,,,,,,,,
shortLongTermDebtTotal,86804000.00,86724000.00,86668000.00,255750000.00,325439000.00,414466000.00,408285000.00,125680000.00,93251000.00,101594000.00,131728000.00,166654000.00,195009000.00,74022000.00,74383000.00,74328000.00,74272000.00,74216000.00,74160000.00,74104000.00,74048000.00,73992000.00,73936000.00,73880000.00,73824000.00,73768000.00,73712000.00,73656000.00,73601000.00,73545000.00,73489000.00,862200000.00,383800000.00,75300000.00,75300000.00,40000000.00,40000000.00,40000000.00,40000000.00,40000000.00,40000000.00,40000000.00,15000000.00,15000000.00,15000000.00,15000000.00,15000000.00,15000000.00,15000000.00,15000000.00,15000000.00,15000000.00,15948000.00,15927000.00,15907000.00,16857000.00,16816000.00,51775000.00,51736000.00,262682000.00,313358000.00,320051000.00,319906000.00,387556000.00,3525382000.00,7462612000.00,7849873000.00,8781888000.00,8987514000.00,2429408000.00,6873255000.00,7321636000.00,12408664000.00,8088221000.00,7066402000.00,7423319000.00,5454493000.00,4653178000.00,4801066000.00,4452182000.00,7973049000.00,65509000.00,25385000.00,32206000.00,76146000.00,43085000.00,23952000.00,26859000.00,6817000.00,6825000.00,623000.00,776000.00,926000.00,1072000.00,1217000.00,1400000.00,1500000.00,1600000.00,1800000.00,1900000.00,2000000.00,2200000.00,2300000.00,42400000.00,,,,23900000.00,,,
otherStockholderEquity,2035251000.00,2058459000.00,2024979000.00,2024298000.00,2024746000.00,2025345000.00,2027585000.00,2030315000.00,2034310000.00,2037953000.00,2040898000.00,2040918000.00,2041986000.00,2047286000.00,2049741000.00,2049292000.00,2048423000.00,2047616000.00,2047398000.00,1997876000.00,1997281000.00,1976309000.00,1975369000.00,1974941000.00,1972463000.00,1944847000.00,1911194000.00,1910284000.00,1899754000.00,1899282000.00,1898670000.00,1898085000.00,1897472000.00,1898217000.00,1897138000.00,1897027000.00,1896195000.00,1810297000.00,1809665000.00,1727398000.00,1726518000.00,1725880000.00,1725436000.00,1638061000.00,1638430000.00,1554952000.00,1548903000.00,1508713000.00,1506050000.00,1505987000.00,1505378000.00,1505971000.00,1505823000.00,1509021000.00,1508463000.00,1507394000.00,1505787000.00,1502911000.00,1499802000.00,1493130000.00,1485482000.00,1478006000.00,1472623000.00,1468801000.00,1503509000.00,1569034000.00,1564671000.00,1562497000.00,1551248000.00,1547043000.00,1557713000.00,1547128000.00,1544661000.00,1537260000.00,1533858000.00,1483640000.00,1477413000.00,1474590000.00,1469634000.00,1443228000.00,1002663000.00,996448000.00,974082000.00,211719000.00,210744000.00,209938000.00,205922000.00,204797000.00,204025000.00,203552000.00,203040000.00,202976000.00,202429000.00,201883000.00,201175000.00,200400000.00,199800000.00,180900000.00,175800000.00,185800000.00,188500000.00,209400000.00,209300000.00,209300000.00,,,,18800000.00,,,
propertyPlantEquipment,,,,,,,,,9407000.00,,,,,,,,,0.00,0.00,0.00,0.00,0.00,,,,,,,,,,,,,,,,,,,,,,,,,,,,,,,,,,,,,,,,,,,,,,,,,,,,,,,,,,,,,,,,,,,,,,,,,,,,,,,,,,,,,,,,,
totalCurrentAssets,8900000.00,13249000.00,12833000.00,342087000.00,178388000.00,129835000.00,165547000.00,20543000.00,140181000.00,128190000.00,219001000.00,28796000.00,8877000.00,109600000.00,1607906000.00,19636000.00,67111000.00,624508000.00,446919000.00,101114000.00,120983000.00,177963000.00,532607000.00,93263000.00,190995000.00,151432000.00,253711000.00,77589000.00,236497000.00,201437000.00,134760000.00,78352000.00,140281000.00,268609000.00,319064000.00,206098000.00,135790000.00,145754000.00,189557000.00,99517000.00,85948000.00,104281000.00,136100000.00,153775000.00,200120000.00,183404000.00,118884000.00,137730000.00,95652000.00,58658000.00,38022000.00,23263000.00,75566000.00,13174000.00,153783000.00,12154000.00,14470000.00,37832000.00,242554000.00,309682000.00,746312000.00,581346000.00,406363000.00,924856000.00,4284279000.00,4839524000.00,678744000.00,6049484000.00,7726398000.00,972906000.00,548761000.00,9150382000.00,9782810000.00,4321439000.00,256341000.00,611206000.00,834503000.00,567021000.00,197296000.00,267037000.00,417871000.00,355970000.00,145365000.00,118129000.00,110027000.00,70312000.00,95511000.00,59875000.00,54426000.00,63910000.00,51160000.00,63432000.00,76047000.00,76391000.00,86511000.00,67600000.00,43900000.00,58800000.00,76100000.00,71700000.00,83800000.00,149000000.00,154700000.00,219800000.00,,,,20700000.00,,,
longTermInvestments,647613000.00,595698000.00,130362000.00,547977000.00,560905000.00,525260000.00,347270000.00,56169000.00,31804000.00,843611000.00,47194000.00,45258000.00,71181000.00,70064000.00,61577000.00,6375000.00,6239000.00,6026000.00,15248000.00,438000.00,91000.00,9921000.00,5024000.00,763000.00,4177000.00,7965000.00,5546000.00,74889000.00,7870000.00,9927000.00,5587000.00,4008742000.00,3928696000.00,4310442000.00,3691063000.00,,,2818596000.00,,1586941000.00,,,,,,,,,,,,,,,,,,,,,,,,,,,,,,,,,,,,,,,,,,,,,,,,,,,,,,,,,,,,,,,,,,,,,,,
netTangibleAssets,,,182324000.00,,181242000.00,179090000.00,181740000.00,187919000.00,188828000.00,193463000.00,204198000.00,210981000.00,201313000.00,202600000.00,195611000.00,290034000.00,270950000.00,287049000.00,319241000.00,266199000.00,302552000.00,298460000.00,311438000.00,379209000.00,385668000.00,351127000.00,374481000.00,383416000.00,434188000.00,432483000.00,433673000.00,484031000.00,478008000.00,545388000.00,570533000.00,,,622632000.00,,551828000.00,,,,,,,,,,,,,,,,,,,,,,,,,,,,,,,,,,,,,,,,,,,,,,,,,,,,,,,,,,,,,,,,,,,,,,,
shortTermInvestments,-1624000.00,-2421000.00,-11171000.00,133701000.00,145158000.00,-4623000.00,-4607000.00,-4549000.00,,-74685000.00,-44914000.00,-45000000.00,-70000000.00,,,-37123000.00,,0.00,0.00,0.00,0.00,0.00,,,,,,,,,,,,-191000.00,-207000.00,-212000.00,-220000.00,-237000.00,-266000.00,-298000.00,-349000.00,-394000.00,-449000.00,-478000.00,2792000.00,,,2946000.00,,3227000.00,,8287000.00,5857000.00,2105000.00,2028000.00,,,,,,,,,,,,,,,,,,,,,,,,,,,,,,,,,,,,,,,,,,,,,,,,,,,,,,,,
netReceivables,191800000.00,195893000.00,183058000.00,180365000.00,164585000.00,120260000.00,139225000.00,153237000.00,112901000.00,109287000.00,145382000.00,11559000.00,45292000.00,93031000.00,1485522000.00,81862000.00,11684000.00,558577000.00,355926000.00,13349000.00,14818000.00,97717000.00,459764000.00,12546000.00,105310000.00,12785000.00,174154000.00,11646000.00,73199000.00,59210000.00,9808000.00,11936000.00,39494000.00,63963000.00,90712000.00,11839000.00,9481000.00,9120000.00,12996000.00,5385000.00,5732000.00,33412000.00,31397000.00,32286000.00,15690000.00,74193000.00,24159000.00,43687000.00,4052000.00,3955000.00,4045000.00,2564000.00,61478000.00,2490000.00,3078000.00,2031000.00,1171000.00,1001000.00,17988000.00,33949000.00,429253000.00,72923000.00,69322000.00,75357000.00,68735000.00,430789000.00,227765000.00,217249000.00,1332149000.00,276300000.00,360047000.00,259519000.00,287188000.00,169317000.00,91906000.00,74880000.00,238230000.00,74506000.00,68061000.00,148771000.00,136689000.00,75092000.00,51399000.00,28122000.00,17959000.00,20192000.00,38642000.00,13629000.00,21534000.00,10586000.00,11215000.00,11095000.00,35409000.00,30889000.00,52282000.00,23900000.00,20100000.00,20700000.00,37700000.00,24900000.00,25100000.00,77800000.00,15600000.00,14100000.00,,,,,,,
longTermDebt,86804000.00,86724000.00,86508000.00,255750000.00,325439000.00,414466000.00,408285000.00,125400000.00,88921000.00,101594000.00,77341000.00,73248000.00,195009000.00,74022000.00,74383000.00,74328000.00,74272000.00,74216000.00,76506000.00,81063000.00,77479000.00,74226000.00,75975000.00,78713000.00,80970000.00,77806000.00,79808000.00,83210000.00,141685000.00,149363000.00,118208000.00,75853000.00,128814000.00,220236000.00,251093000.00,,,120487000.00,,73129000.00,,,,,,,,,,,,,,,,,,,,,,,,,,,,,,,,,,,,,,,,,,,,,,,,,,,,,,,,,,,,,,,,,,,,,,,
inventory,,,,,,,,,,,,,,,,,,0.00,0.00,0.00,0.00,0.00,,,,,,,,,,,,,,,,,,,,,,,,,,,,,,,,,,,,,,,,,,,,,,,,,,,,,,,,,,,,,,,,,,,,,,,,,,,,,,,,,,,,,,,,,
accountsPayable,,,,,93081000.00,114410000.00,,,52000.00,99000.00,201000.00,907000.00,569000.00,611000.00,1199000.00,4666000.00,3356000.00,3336000.00,5063000.00,4646000.00,4241000.00,3728000.00,3484000.00,4418000.00,2813000.00,3020000.00,2415000.00,3434000.00,1449000.00,1365000.00,2867000.00,2436000.00,2203000.00,2161000.00,1913000.00,2112000.00,1752000.00,2163000.00,2620000.00,2165000.00,14510000.00,15228000.00,14680000.00,18419000.00,17526000.00,17199000.00,17248000.00,16905000.00,283000.00,16401000.00,241000.00,187000.00,160000.00,141000.00,124000.00,124000.00,129000.00,483000.00,418000.00,2064000.00,4438000.00,5684000.00,4946000.00,2991000.00,6329000.00,9185000.00,14579000.00,12239000.00,12939000.00,10428000.00,11310000.00,12039000.00,19943000.00,14851000.00,11223000.00,5894000.00,9639000.00,9203000.00,8581000.00,6188000.00,3404000.00,9809000.00,40927000.00,16412000.00,,,,,,,,,,,,,,,,,,46800000.00,,,,,,,,,
totalPermanentEquity,,,,,,,,,,,,,,,,,,0.00,0.00,0.00,0.00,0.00,,,,,,,,,,,,,,,,,,,,,,,,,,,,,,,,,,,,,,,,,,,,,,,,,,,,,,,,,,,,,,,,,,,,,,,,,,,,,,,,,,,,,,,,,
noncontrollingInterestInConsolidatedEntity,,,,,,,,,,,,,,,,,,0.00,0.00,0.00,0.00,0.00,,,,,,,,,,,,,,,,,,,,,,,,,,,,,,,,,,,,,,,,,,,,,,,,,,,,,,,,,,,,,,,,,,,,,,,,,,,,,,,,,,,,,,,,,
temporaryEquityRedeemableNoncontrollingInterests,,,,,,,,,,,,,,,,,,0.00,0.00,0.00,0.00,0.00,,,,,,,,,,,,,,,,,,,,,,,,,,,,,,,,,,,,,,,,,,,,,,,,,,,,,,,,,,,,,,,,,,,,,,,,,,,,,,,,,,,,,,,,,
accumulatedOtherComprehensiveIncome,-9001000.00,-32821000.00,,,,,,-36208000.00,,,,,,,,,,0.00,0.00,0.00,0.00,0.00,,,,,,,4685000.00,7230000.00,7461000.00,12371000.00,11334000.00,14907000.00,28017000.00,42793000.00,47611000.00,49848000.00,51086000.00,53996000.00,49378000.00,49418000.00,43647000.00,38985000.00,36804000.00,33807000.00,33464000.00,38367000.00,43252000.00,49565000.00,53251000.00,63495000.00,41399000.00,29327000.00,10385000.00,7015000.00,289000.00,-1211000.00,-230000.00,-118000.00,-6450000.00,-92407000.00,-111353000.00,-12846000.00,-13479000.00,12552000.00,-4552000.00,-15148000.00,-17763000.00,17245000.00,-26049000.00,-20597000.00,-233705000.00,-135912000.00,-196868000.00,-59915000.00,-67262000.00,-141210000.00,122073000.00,50025000.00,28098000.00,66853000.00,-22287000.00,-19837000.00,-19314000.00,-19651000.00,-21630000.00,-19480000.00,-19647000.00,-14918000.00,1392000.00,-1128000.00,-1911000.00,-4568000.00,-4154000.00,-6000000.00,-13300000.00,,,,,,,,,,,,,,
additionalPaidInCapital,,,,,,,,,,,,,,,,,,0.00,0.00,0.00,0.00,0.00,,,,,,,,,,,,,,,,,,,,,,,,,,,,,,,,,,,,,,,,,,,,,,,,,,,,,,,,,,,,,,,,,,,,,,,,,,,,,,,,,,,,,,,,,
commonStockTotalEquity,,,284000.00,,286000.00,291000.00,301000.00,307000.00,316000.00,327000.00,335000.00,335000.00,337000.00,357000.00,368000.00,368000.00,368000.00,366000.00,366000.00,305000.00,303000.00,282000.00,281000.00,281000.00,280000.00,260000.00,236000.00,236000.00,230000.00,230000.00,230000.00,230000.00,230000.00,230000.00,230000.00,230000.00,,197000.00,,166000.00,,166000.00,,132000.00,,97000.00,,77000.00,,77000.00,,77000.00,,79000.00,,80000.00,,1590000.00,,1592000.00,,1594000.00,,1519000.00,,1753000.00,,1747000.00,,1741000.00,,1729000.00,,1719000.00,,1689000.00,,1685000.00,,1669000.00,,1401000.00,,510000.00,,,,,,,,,,,,,,,,,,,,,,,,,,,
preferredStockTotalEquity,,,32821000.00,,32968000.00,34608000.00,36357000.00,36208000.00,35849000.00,35289000.00,35289000.00,35289000.00,35573000.00,36385000.00,37198000.00,37214000.00,37227000.00,37240000.00,37170000.00,8245000.00,8138000.00,8007000.00,7567000.00,7108000.00,6904000.00,3500000.00,,,,,,,,,,,,,,,,,,,,,,,,,,,,,,,,,,,,,,,,,,,,,,,,,,,,,,,,,,,,,,,,,,,,,,,,,,,,,,,,,,,,,
retainedEarningsTotalEquity,,,-1842939000.00,,-1843790000.00,-1846546000.00,-1846146000.00,-1842703000.00,-1845798000.00,-1844817000.00,-1837035000.00,-1830272000.00,-1841010000.00,-1845043000.00,-1854498000.00,-1759626000.00,-1777841000.00,-1760933000.00,-1728523000.00,-1731982000.00,-1695032000.00,-1678131000.00,-1664212000.00,-1596013000.00,-1587075000.00,-1593980000.00,-1536949000.00,-1527104000.00,-1470481000.00,-1474259000.00,-1472688000.00,-1426655000.00,-1431028000.00,-1367966000.00,-1354852000.00,,,-1237710000.00,,-1228926000.00,,,,,,,,,,,,,,,,,,,,,,,,,,,,,,,,,,,,,,,,,,,,,,,,,,,,,,,,,,,,,,,,,,,,,,,
treasuryStock,,,,,,,,,,,,,,,,,,0.00,0.00,0.00,0.00,0.00,,,,,,,,,,,,,,,,,,,,,,,,,,,,,,,,,,,,,,,,,,,,,,,,,,,,,,,,,,,,,,,,,,,,,,,,,,,,,,,,,,,,,,,,,
accumulatedAmortization,,,,,,,,,,,,,,,,,,0.00,0.00,0.00,0.00,0.00,,,,,,,,,,,,,,,,,,,,,,,,,,,,,,,,,,,,,,,,,,,,,,,,,,,,,,,,,,,,,,,,,,,,,,,,,,,,,,,,,,,,,,,,,
nonCurrrentAssetsOther,-647613000.00,-595698000.00,-591346000.00,-29264000.00,-560905000.00,-525260000.00,-347270000.00,-29697000.00,-663195000.00,-74685000.00,-44914000.00,-45000000.00,-70000000.00,-581453000.00,-32623000.00,-33501000.00,61864000.00,49782000.00,72082000.00,4072737000.00,89801000.00,77523000.00,73419000.00,4138915000.00,61722000.00,68068000.00,67302000.00,4086760000.00,123313000.00,125705000.00,84149000.00,4167819000.00,97196000.00,-113312000.00,-113483000.00,-212000.00,-147906000.00,-151906000.00,-162749000.00,-298000.00,-151604000.00,-153574000.00,-159840000.00,-478000.00,-1397538000.00,-1193795000.00,-953380000.00,-819384000.00,-852041000.00,3227000.00,-763643000.00,-435251000.00,-389411000.00,-390933000.00,-140774000.00,-298294000.00,-264069000.00,-224760000.00,-144890000.00,8943000.00,9372000.00,9817000.00,-2996363000.00,9837000.00,118241000.00,119287000.00,-6147407000.00,184590000.00,185572000.00,186554000.00,-2682500000.00,189250000.00,188405000.00,189551000.00,-12258452000.00,122417000.00,122768000.00,123081000.00,-11459386000.00,124103000.00,124656000.00,16972000.00,-5333762000.00,-206406000.00,-44525000.00,-179591000.00,-154387000.00,-33051000.00,-158369000.00,-171615000.00,-22302000.00,-28620000.00,-19903000.00,-19735000.00,-18974000.00,-17400000.00,-27800000.00,-15200000.00,-18500000.00,-20000000.00,-29600000.00,-144200000.00,-90200000.00,-82300000.00,,,,-58100000.00,,,
deferredLongTermAssetCharges,,,,,,,,,,,,,,,,,,0.00,0.00,0.00,0.00,0.00,,,,,,,,,,,,,,,,,,,,,,,,,,,,,,,,,,,,,,,,,,,,,,,,,,,,,,,,,,,,,,,,,,,,,,,,,,,,,,,,,,,,,,,,,
nonCurrentAssetsTotal,647613000.00,595698000.00,591346000.00,547977000.00,560905000.00,525260000.00,347270000.00,510149000.00,663195000.00,768926000.00,532079000.00,997540000.00,663522000.00,581453000.00,32623000.00,33501000.00,62539000.00,56025000.00,87330000.00,4072737000.00,89892000.00,87444000.00,78443000.00,4138915000.00,23453000.00,24162000.00,65149000.00,4086760000.00,96891000.00,111824000.00,101480000.00,4167819000.00,103319000.00,1558000.00,1612000.00,1625000.00,1671000.00,1820000.00,1766000.00,1767000.00,1831000.00,1731000.00,1731000.00,1869000.00,1397538000.00,1193795000.00,953380000.00,819384000.00,852041000.00,858723000.00,763643000.00,435251000.00,389411000.00,390933000.00,188384000.00,298294000.00,264069000.00,224760000.00,144890000.00,1250609000.00,2759636000.00,3618884000.00,2996363000.00,2020099000.00,834990000.00,6480074000.00,6147407000.00,7303034000.00,6931657000.00,11239203000.00,2682500000.00,9285408000.00,11288347000.00,11335318000.00,12258452000.00,12317082000.00,11449062000.00,12731861000.00,11459386000.00,11066576000.00,8799940000.00,8399348000.00,5333762000.00,206406000.00,44525000.00,179591000.00,154387000.00,33051000.00,158369000.00,171615000.00,22302000.00,28620000.00,19903000.00,19735000.00,18974000.00,17400000.00,27800000.00,15200000.00,18500000.00,20000000.00,29600000.00,144200000.00,90200000.00,82300000.00,,,,58100000.00,,,
capitalLeaseObligations,,,,,,,,,,,,,,,,,,0.00,0.00,0.00,0.00,0.00,,,,,,,,,,,,,,,,,,,,,,,,,,,,,,,,,,,,,,,,,,,,,,,,,,,,,,,,,,,,,,,,,,,,,,,,,,,,,,,,,,,,,,,,,
longTermDebtTotal,,,86508000.00,,143103000.00,208969000.00,163920000.00,125400000.00,88921000.00,75456000.00,77341000.00,73248000.00,73967000.00,74229000.00,86211000.00,74336000.00,74996000.00,77347000.00,76506000.00,81063000.00,77479000.00,74226000.00,75975000.00,78713000.00,80970000.00,77806000.00,79808000.00,83210000.00,141685000.00,149363000.00,118208000.00,75853000.00,128814000.00,220236000.00,251093000.00,,,120487000.00,,73129000.00,,,,,,,,,,,,,,,,,,,,,,,,,,,,,,,,,,,,,,,,,,,,,,,,,,,,,,,,,,,,,,,,,,,,,,,
nonCurrentLiabilitiesOther,,,506351000.00,,716828000.00,662088000.00,538866000.00,453509000.00,565959000.00,725790000.00,566315000.00,889353000.00,631453000.00,470448000.00,2037219000.00,3581744000.00,3701110000.00,3648092000.00,4219568000.00,3723829000.00,4093975000.00,3831266000.00,4025079000.00,3668516000.00,3717990000.00,3914932000.00,4246235000.00,3650349000.00,3437900000.00,3384548000.00,3222144000.00,3622812000.00,3555366000.00,3903701000.00,3519942000.00,,,2666251000.00,,1547630000.00,,,,,,,,,,,,,,,,,,,,,,,,,,,,,,,,,,,,,,,,,,,,,,,,,,,,,,,,,,,,,,,,,,,,,,,
nonCurrentLiabilitiesTotal,86713000.00,86611000.00,86508000.00,86405000.00,859931000.00,414466000.00,408285000.00,664395000.00,93251000.00,101594000.00,201000.00,73027000.00,73115000.00,74022000.00,1199000.00,74328000.00,74272000.00,74216000.00,5063000.00,74104000.00,107687000.00,98003000.00,3484000.00,73880000.00,73824000.00,73768000.00,2415000.00,73656000.00,73601000.00,73545000.00,1365000.00,862200000.00,383800000.00,75300000.00,1913000.00,40000000.00,40000000.00,40000000.00,2620000.00,40000000.00,40000000.00,40000000.00,14680000.00,15000000.00,15000000.00,15000000.00,342000.00,15000000.00,15000000.00,15000000.00,241000.00,15000000.00,15948000.00,15927000.00,124000.00,16857000.00,16816000.00,51775000.00,418000.00,254357000.00,313358000.00,320051000.00,4946000.00,323575000.00,3525382000.00,3969400000.00,3440011000.00,4810499000.00,5266710000.00,324197000.00,434330000.00,324686000.00,4193829000.00,322991000.00,6925024000.00,128370000.00,108175000.00,77288000.00,4744616000.00,54189000.00,45616000.00,25509000.00,60927000.00,5266000.00,70051000.00,37128000.00,18128000.00,21165000.00,6817000.00,6825000.00,623000.00,776000.00,926000.00,1072000.00,1217000.00,1400000.00,1500000.00,1600000.00,1800000.00,1900000.00,2000000.00,46800000.00,2300000.00,40000000.00,,,,22000000.00,,,
negativeGoodwill,,,,,,,,,,,,,,,,,,0.00,0.00,0.00,0.00,0.00,,,,,,,,,,,,,,,,,,,,,,,,,,,,,,,,,,,,,,,,,,,,,,,,,,,,,,,,,,,,,,,,,,,,,,,,,,,,,,,,,,,,,,,,,
warrants,,,,,,,,,,,,,,,,,,0.00,0.00,0.00,0.00,0.00,,,,,,,,,,,,,,,,,,,,,,,,,,,,,,,,,,,,,,,,,,,,,,,,,,,,,,,,,,,,,,,,,,,,,,,,,,,,,,,,,,,,,,,,,
preferredStockRedeemable,,,,,,,,,,,,,,,,,,0.00,0.00,0.00,0.00,0.00,,,,,,,,,,,,,,,,,,,,,,,,,,,,,,,,,,,,,,,,,,,,,,,,,,,,,,,,,,,,,,,,,,,,,,,,,,,,,,,,,,,,,,,,,
capitalSurpluse,,,2024979000.00,,2024746000.00,2025345000.00,2027585000.00,2030315000.00,2034310000.00,2037953000.00,2040898000.00,2040918000.00,2041986000.00,2047286000.00,2049741000.00,2049292000.00,2048423000.00,2047616000.00,2047398000.00,1997876000.00,1997281000.00,1976309000.00,1975369000.00,1974941000.00,1972463000.00,1944847000.00,1911194000.00,1910284000.00,1899754000.00,1899282000.00,1898670000.00,1898085000.00,1897472000.00,1898217000.00,1897138000.00,,,1810297000.00,,1727398000.00,,,,,,,,,,,,,,,,,,,,,,,,,,,,,,,,,,,,,,,,,,,,,,,,,,,,,,,,,,,,,,,,,,,,,,,
liabilitiesAndStockholdersEquity,867258000.00,817470000.00,808004000.00,1002318000.00,1074141000.00,1084755000.00,920883000.00,803036000.00,879609000.00,1030097000.00,883344000.00,1212389000.00,945335000.00,785800000.00,2358307000.00,4000114000.00,4099538000.00,4063892000.00,4673158000.00,4099450000.00,4536412000.00,4254376000.00,4460519000.00,4160529000.00,4215599000.00,4368891000.00,4720492000.00,4141554000.00,4034597000.00,3985044000.00,3791289000.00,4204806000.00,4182234000.00,4694670000.00,4366617000.00,4014489000.00,3764696000.00,3431738000.00,2641279000.00,2194966000.00,2220099000.00,2460053000.00,2211410000.00,2074158000.00,1595786000.00,1379465000.00,1072644000.00,955060000.00,948678000.00,918379000.00,803308000.00,455333000.00,465621000.00,405815000.00,340620000.00,313649000.00,283325000.00,269587000.00,399270000.00,1560291000.00,3505948000.00,4200230000.00,3490736000.00,2944955000.00,5119269000.00,11319598000.00,12270283000.00,13352518000.00,14658055000.00,12212109000.00,10759593000.00,18435790000.00,21071157000.00,15656757000.00,13698167000.00,12928288000.00,12283565000.00,13298882000.00,11806507000.00,11333613000.00,9217811000.00,8755318000.00,5501107000.00,406185000.00,499114000.00,362232000.00,284480000.00,291958000.00,230888000.00,288348000.00,238033000.00,252219000.00,293526000.00,282836000.00,279458000.00,226400000.00,202100000.00,231700000.00,193900000.00,205100000.00,221900000.00,353400000.00,504400000.00,359300000.00,,,,125400000.00,,,
cashAndShortTermInvestments,8900000.00,13249000.00,12833000.00,161722000.00,17031000.00,14198000.00,26322000.00,20543000.00,27280000.00,18903000.00,73619000.00,35102000.00,11129000.00,16569000.00,122384000.00,19636000.00,55427000.00,65931000.00,90993000.00,87765000.00,106165000.00,80246000.00,72843000.00,80717000.00,85685000.00,138647000.00,79557000.00,65943000.00,163298000.00,142227000.00,124952000.00,66416000.00,100787000.00,204646000.00,228352000.00,194259000.00,126309000.00,136634000.00,176561000.00,94132000.00,80216000.00,70869000.00,104703000.00,121489000.00,184430000.00,109211000.00,94725000.00,94043000.00,91600000.00,54703000.00,33977000.00,20699000.00,14088000.00,10684000.00,7903000.00,10123000.00,13299000.00,36831000.00,224566000.00,254653000.00,227162000.00,417940000.00,337041000.00,692360000.00,692737000.00,505940000.00,450979000.00,189956000.00,365121000.00,75346000.00,188714000.00,238615000.00,181534000.00,299428000.00,164435000.00,231527000.00,173535000.00,140941000.00,129235000.00,92688000.00,252102000.00,116015000.00,93966000.00,90007000.00,92068000.00,50120000.00,56869000.00,46246000.00,32892000.00,53324000.00,39945000.00,52337000.00,40638000.00,45502000.00,34229000.00,43700000.00,23800000.00,38100000.00,38400000.00,46800000.00,58700000.00,71200000.00,139100000.00,205700000.00,,,,20700000.00,,,
propertyPlantAndEquipmentGross,,,,,,,,,,,,,,,,,,0.00,0.00,0.00,0.00,0.00,,,,,,,,,,,,,,,,,,,,,,,,,,,,,,,,95000.00,,114000.00,,34000.00,,24442000.00,,26731000.00,,30451000.00,,47963000.00,,44111000.00,,45059000.00,,46382000.00,,34203000.00,,18733000.00,,9282000.00,,6969000.00,,5281000.00,,9156000.00,,,,,,,,,,,,,,,,,,,,,,,,,,,
propertyPlantAndEquipmentNet,,,,,,,,,,,,,,,,,,,,,,,,,,,,,,,,,,,,,,,,,,,,,,,,,,,,,,95000.00,104000.00,114000.00,114000.00,34000.00,22238000.00,24442000.00,25998000.00,26731000.00,27742000.00,30451000.00,45782000.00,47963000.00,43428000.00,44111000.00,44614000.00,45059000.00,44328000.00,46382000.00,40602000.00,34203000.00,30446000.00,18733000.00,11315000.00,9282000.00,8371000.00,6969000.00,5545000.00,5281000.00,9214000.00,9156000.00,8967000.00,8495000.00,8674000.00,9203000.00,9929000.00,13315000.00,9388000.00,10173000.00,10944000.00,11783000.00,12159000.00,11300000.00,9000000.00,6500000.00,6200000.00,6900000.00,6800000.00,6200000.00,3500000.00,3500000.00,,,,3100000.00,,,
accumulatedDepreciation,,,,,,,,,,,,,,,,,,0.00,0.00,0.00,0.00,0.00,,,,,,,,,,,,,,,,,,,,,,,,,,,,,,,,,,,,,,,,,,,,,,,,,,,,,,,,,,,,,,,,,,,,,,,,,,,,,,,,,,,,,,,,,
netWorkingCapital,,,,,,,,,,,,,,,,,,,,,,,,,,,,,,,,,,,,,,,,,,,,,,,,,,,,,,,,,,,,,,,,,,,,,,,,,,,,,,,,,,,,,,,,,,,,,,,,,,,,,,,,,,,,,,,
netInvestedCapital,267334000.00,273915000.00,268992000.00,440269000.00,506681000.00,593556000.00,590025000.00,313599000.00,282079000.00,295057000.00,335926000.00,377635000.00,396322000.00,276622000.00,269994000.00,,,,,,,,,,,,,,,,,,,,,,,,,,,,,,,,,,,,,,,,,,,,,,,,,,,,,,,,,,,,,,,,,,,,,,,,,,,,,,,,,,,,,,,,,,,,,,,,
commonStockSharesOutstanding,28081000.00,28709000.00,28004000.00,29243000.00,28913000.00,28766000.00,29832000.00,32312000.00,31927000.00,33066000.00,33181000.00,35343000.00,34697000.00,36666000.00,36711000.00,35833000.00,36572000.00,36533000.00,33139000.00,29052000.00,29382000.00,28210000.00,28197000.00,26011000.00,26856000.00,24319000.00,23897000.00,23051000.00,23349000.00,23070000.00,22994000.00,23002000.00,23021000.00,23098000.00,22973000.00,20397000.00,21055000.00,20060000.00,17081000.00,16189000.00,16845000.00,16832000.00,14093000.00,10242000.00,10041000.00,9733000.00,7873000.00,7741000.00,7748000.00,7736000.00,7681000.00,7681000.00,7895000.00,7696000.00,7879000.00,7879000.00,7565000.00,7696000.00,7622000.00,151168204000.00,151301000.00,150948000.00,151419000.00,166974997000.00,167874000.00,173256000.00,172850000.00,171667179000.00,172091000.00,171294000.00,171031000.00,169333013000.00,170490000.00,170101000.00,169444000.00,168489578000.00,168800000.00,168566000.00,167307000.00,123307012000.00,138269000.00,136190000.00,48547000.00,2427350.00,2476300.00,2438600.00,2308550.00,2308550.00,2290400.00,2461500.00,2469450.00,2469450.00,2518000.00,2503250.00,2567650.00,2567650.00,2457447.00,2485150.00,2436650.00,2436650.00,2492958.00,2466667.00,2516129.00,2516129.00,2013514.00,2013514.00,2000000.00,2000000.00,1823529.00,1823529.00,1937500.00
investments,,-7830000.00,-41361000.00,-65617000.00,-22701000.00,-379325000.00,-136946000.00,-21136000.00,-2551000.00,-155894000.00,-356960000.00,-402782000.00,-85741000.00,1532798000.00,1715069000.00,115524000.00,-189937000.00,433302000.00,-861081000.00,-330846000.00,-805240000.00,-945536000.00,-872849000.00,,-627244000.00,-668003000.00,-855166000.00,,-749998000.00,-960697000.00,-484489000.00,,-98370000.00,290982000.00,-336389000.00,,,,,,,,,,,,,,,,,,,,,,,,,,,,,,,,,,,,,,,,,,,,,,,,,,,,,,,,,,,,,,,,,,,,,,,,,,,,
changeToLiabilities,,,-2194000.00,,-1052000.00,1889000.00,467000.00,559000.00,1805000.00,-4000.00,-663000.00,409000.00,-354000.00,-439000.00,-3282000.00,729000.00,-415000.00,-2497000.00,-1623000.00,510000.00,2246000.00,1029000.00,-4541000.00,,1165000.00,2360000.00,-5227000.00,,-1747000.00,4363000.00,-6257000.00,,1216000.00,1809000.00,-4825000.00,,,,,,,,,,,,,,,,,,,,,,,,,,,,,,,,,,,,,,,,,,,,,,,,,,,,,,,,,,,,,,,,,,,,,,,,,,,,
totalCashflowsFromInvestingActivities,,,22353000.00,,-22701000.00,-82292000.00,153140000.00,77187000.00,168568000.00,-209899000.00,206012000.00,-95720000.00,-77184000.00,1532730000.00,1614251000.00,115524000.00,-189937000.00,433302000.00,-305385000.00,357803000.00,-352043000.00,-167598000.00,79197000.00,,134526000.00,336646000.00,-632833000.00,,-42380000.00,-286433000.00,558661000.00,,146885000.00,-259023000.00,-246585000.00,,,,,,,,,,,,,,,,,,,,,,,,,,,,,,,,,,,,,,,,,,,,,,,,,,,,,,,,,,,,,,,,,,,,,,,,,,,,
netBorrowings,,,-31161000.00,,27088000.00,90064000.00,-123129000.00,-68206000.00,-128108000.00,158680000.00,-149662000.00,146473000.00,80942000.00,-1609977000.00,-1544771000.00,-116669000.00,166367000.00,-432588000.00,242498000.00,-370622000.00,339669000.00,169224000.00,-83823000.00,,-218861000.00,-328156000.00,592753000.00,,847221000.00,254196000.00,-559299000.00,,-169516000.00,259957000.00,226103000.00,,,,,,,,,,,,,,,,,,,,,,,,,,,,,,,,,,,,,,,,,,,,,,,,,,,,,,,,,,,,,,,,,,,,,,,,,,,,
totalCashFromFinancingActivities,,14873000.00,-35316000.00,78496000.00,23280000.00,66290000.00,-140795000.00,-79803000.00,-153493000.00,154467000.00,-185909000.00,115316000.00,73521000.00,-1614608000.00,-1553891000.00,-125787000.00,157291000.00,-447197000.00,308547000.00,-380881000.00,349206000.00,154645000.00,-98979000.00,-41822000.00,-203361000.00,-306235000.00,577888000.00,267441000.00,45523000.00,239768000.00,-573679000.00,144814000.00,-189799000.00,240557000.00,205908000.00,490979000.00,70956000.00,877321000.00,291031000.00,-41244000.00,-215705000.00,577447000.00,-202907000.00,606053000.00,-21209000.00,291965000.00,54020000.00,-14795000.00,9958000.00,95391000.00,341974000.00,20465000.00,-18305000.00,32868000.00,13529000.00,110915000.00,-211000.00,74661000.00,-1105615000.00,-1595496000.00,-214640000.00,355794000.00,775758000.00,1004533000.00,-5874429000.00,-1085052000.00,-985579000.00,735178000.00,1767432000.00,1660501000.00,-7980916000.00,-1919458000.00,4208783000.00,1280547000.00,576600000.00,592751000.00,-1483008000.00,1750977000.00,258478000.00,1990600000.00,386424000.00,3095857000.00,298741000.00,-38718000.00,52580000.00,20590000.00,7563000.00,20351000.00,-26424000.00,355000.00,-89000.00,398000.00,400000.00,563000.00,698000.00,300000.00,-100000.00,700000.00,-2600000.00,-1800000.00,-5900000.00,-100000.00,-24100000.00,,,,,,,,
changeToOperatingActivities,,,,,1766000.00,-1087000.00,-2993000.00,866000.00,912000.00,84000.00,-1844000.00,914000.00,5697000.00,-251000.00,-2880000.00,5014000.00,988000.00,1236000.00,-2805000.00,104000.00,1355000.00,709085.39,-3793000.00,,,,,,,,,,,,,,,,,,,,,,,,,,,,,,,,,,,,,,,,,,,,,,,,,,,,,,,,,,,,,,,,,,,,,,,,,,,,,,,,,,,,,,,,
changeInCash,-1540000.00,428000.00,-17379000.00,13865000.00,853000.00,-16364000.00,10072000.00,-2864000.00,17845000.00,-53950000.00,20790000.00,22430000.00,3439000.00,-75280000.00,69740000.00,7507000.00,-22555000.00,-2863000.00,10834000.00,-5486000.00,13503000.00,3477000.00,-6395000.00,-4754000.00,-46940000.00,57533000.00,-39019000.00,12033000.00,23848000.00,-24271000.00,6197000.00,23458000.00,-7311000.00,5525000.00,-18517000.00,2739000.00,4139000.00,-85338000.00,63664000.00,32281000.00,-21926000.00,17188000.00,-14752000.00,-49901000.00,64601000.00,-4251000.00,5370000.00,-277000.00,-782000.00,758000.00,7907000.00,4181000.00,-348000.00,2704000.00,-4248000.00,-3176000.00,-23532000.00,-187735000.00,-30087000.00,27491000.00,-190778000.00,80899000.00,-355319000.00,-377000.00,186797000.00,54961000.00,261023000.00,-175165000.00,289775000.00,-113368000.00,-49901000.00,57081000.00,-117894000.00,134993000.00,-67092000.00,57992000.00,32594000.00,11706000.00,36547000.00,-159414000.00,136087000.00,22049000.00,3959000.00,-2061000.00,41948000.00,-6749000.00,10623000.00,13354000.00,-20432000.00,13379000.00,-12392000.00,11699000.00,-4864000.00,11273000.00,-9514000.00,19900000.00,-14300000.00,-300000.00,-8400000.00,-13800000.00,-12700000.00,-67900000.00,-66500000.00,,,,,,,,
beginPeriodCashFlow,13261000.00,12833000.00,30212000.00,16347000.00,15494000.00,31858000.00,21786000.00,24650000.00,6805000.00,60755000.00,39965000.00,17535000.00,14096000.00,89376000.00,19636000.00,12129000.00,34684000.00,37547000.00,26713000.00,32199000.00,18696000.00,15219000.00,21614000.00,26368000.00,73308000.00,15775000.00,54794000.00,42761000.00,18913000.00,43184000.00,36987000.00,13529000.00,20840000.00,15315000.00,33832000.00,31093000.00,26954000.00,112292000.00,48628000.00,16347000.00,38273000.00,21085000.00,35837000.00,85738000.00,21137000.00,25388000.00,20018000.00,20295000.00,21077000.00,20319000.00,12412000.00,8231000.00,8579000.00,5875000.00,10123000.00,13299000.00,36831000.00,224566000.00,254653000.00,227162000.00,417940000.00,337041000.00,692360000.00,692737000.00,505940000.00,450979000.00,189956000.00,365121000.00,75346000.00,188714000.00,238615000.00,181534000.00,299428000.00,164435000.00,231527000.00,173535000.00,140941000.00,129235000.00,92688000.00,252102000.00,116015000.00,93966000.00,90007000.00,92068000.00,50120000.00,56869000.00,46246000.00,32892000.00,53324000.00,39945000.00,52337000.00,40638000.00,45502000.00,34229000.00,43743000.00,23800000.00,38100000.00,44200000.00,46800000.00,,,181600000.00,205700000.00,,,,,,,,
endPeriodCashFlow,-1540000.00,13261000.00,12833000.00,30212000.00,16347000.00,15494000.00,31858000.00,21786000.00,24650000.00,6805000.00,60755000.00,39965000.00,17535000.00,14096000.00,89376000.00,19636000.00,12129000.00,34684000.00,37547000.00,26713000.00,32199000.00,18696000.00,15219000.00,21614000.00,26368000.00,73308000.00,15775000.00,54794000.00,42761000.00,18913000.00,43184000.00,36987000.00,13529000.00,20840000.00,15315000.00,33832000.00,31093000.00,26954000.00,112292000.00,48628000.00,16347000.00,38273000.00,21085000.00,35837000.00,85738000.00,21137000.00,25388000.00,20018000.00,20295000.00,21077000.00,20319000.00,12412000.00,8231000.00,8579000.00,5875000.00,10123000.00,13299000.00,36831000.00,224566000.00,254653000.00,227162000.00,417940000.00,337041000.00,692360000.00,692737000.00,505940000.00,450979000.00,189956000.00,365121000.00,75346000.00,188714000.00,238615000.00,181534000.00,299428000.00,164435000.00,231527000.00,173535000.00,140941000.00,129235000.00,92688000.00,252102000.00,116015000.00,93966000.00,90007000.00,92068000.00,50120000.00,56869000.00,46246000.00,32892000.00,53324000.00,39945000.00,52337000.00,40638000.00,45502000.00,34229000.00,43700000.00,23800000.00,-300000.00,38400000.00,-13800000.00,-12700000.00,-67900000.00,139200000.00,,,,,,,,
totalCashFromOperatingActivities,-1540000.00,-6615000.00,-4416000.00,986000.00,274000.00,-362000.00,-2273000.00,-248000.00,2770000.00,1482000.00,687000.00,2834000.00,7102000.00,6598000.00,9380000.00,17770000.00,10091000.00,11032000.00,7672000.00,17592000.00,16340000.00,16430000.00,13387000.00,23087000.00,21895000.00,27122000.00,15926000.00,24260000.00,20705000.00,22394000.00,21215000.00,29790000.00,35603000.00,23991000.00,22160000.00,22433000.00,27862000.00,11507000.00,8148000.00,19817000.00,14846000.00,15047000.00,11658000.00,7447000.00,8358000.00,7640000.00,2230000.00,8937000.00,8292000.00,21425000.00,-11392000.00,8268000.00,314000.00,-1038000.00,8832000.00,-3199000.00,-3962000.00,-32820000.00,-37630000.00,3390000.00,-12005000.00,-4469000.00,-62631000.00,198484000.00,-231154000.00,1077599000.00,-243556000.00,1454562000.00,-1460301000.00,87695000.00,-224917000.00,737308000.00,-787278000.00,-267929000.00,-378800000.00,197714000.00,46109000.00,71687000.00,71123000.00,121102000.00,85121000.00,5619000.00,12559000.00,43210000.00,-3215000.00,1629000.00,8497000.00,19140000.00,4927000.00,-4928000.00,7535000.00,272000.00,-1615000.00,17268000.00,-7857000.00,5400000.00,1800000.00,-2700000.00,-3000000.00,-11400000.00,17700000.00,-67700000.00,-25400000.00,,,,,,,,
issuanceOfCapitalStock,,0.00,0.00,0.00,0.00,0.00,149000.00,360000.00,,,,,,,,,,,,,,,,,,,,,,,,,,,,,,,,,,,,,,,,,,,,,,,,,,,,,,,,,,,,,,,,,,,,,,,,,,,,,,,,,,,,,,,,,,,,,,,,,,,,,,,
depreciation,,,-109000.00,7607000.00,-5733000.00,-1874000.00,-1820000.00,-4791000.00,-1445000.00,-1297000.00,-357000.00,6091000.00,6568.00,1670000.00,4587000.00,26463000.00,7358000.00,7199000.00,5943000.00,31796000.00,8381000.00,8274000.00,7925000.00,33353000.00,8829000.00,8527000.00,7411000.00,28810000.00,7976000.00,6343000.00,5328000.00,4938000.00,-1797000.00,-2327000.00,61177000.00,30896000.00,,,6949000.00,3000.00,,,2000.00,12000.00,11000.00,12000.00,12000.00,12000.00,12000.00,12000.00,12000.00,12000.00,11000.00,10000.00,9000.00,-2422000.00,,1948000.00,2770000.00,3156000.00,1783000.00,3432000.00,2495000.00,4036000.00,-1091000.00,6442000.00,7790000.00,-32213000.00,18420000.00,25549000.00,17415000.00,-53592000.00,28733000.00,22033000.00,16989000.00,80301000.00,-35530000.00,21501000.00,18270000.00,-62499000.00,39637000.00,26454000.00,1063000.00,1089000.00,1043000.00,1002000.00,1100000.00,1123000.00,4452000.00,1878000.00,1258000.00,1191000.00,1260000.00,1272000.00,1163000.00,900000.00,700000.00,500000.00,600000.00,400000.00,500000.00,300000.00,200000.00,,,,,,,,
otherCashflowsFromInvestingActivities,,,63714000.00,,2582000.00,297033000.00,290086000.00,98323000.00,171119000.00,-7377000.00,562972000.00,317755000.00,-101000.00,24932000.00,-100818000.00,26765000.00,-33976000.00,-37053000.00,555696000.00,688649000.00,453197000.00,777938000.00,952046000.00,,761770000.00,1004649000.00,222333000.00,,707618000.00,674264000.00,1043150000.00,,245255000.00,-550005000.00,89804000.00,,,,,,,,,,,,,,,,,,,,,,,,,,,,,,,,,,,,,,,,,,,,,,,,,,,,,,,,,,,,,,,,,,,,,,,,,,,,
dividendsPaid,,-659000.00,-660000.00,-659000.00,675000.00,707000.00,742000.00,739000.00,731000.00,723000.00,723000.00,723000.00,736000.00,758000.00,9098000.00,9098000.00,9056000.00,14680000.00,11686000.00,11627000.00,10971000.00,15730000.00,15592000.00,15669000.00,14471000.00,14913000.00,14877000.00,14507000.00,14469000.00,14446000.00,14448000.00,14483000.00,20195000.00,20214000.00,20195000.00,20195000.00,17348000.00,17308000.00,14630000.00,14630000.00,14633000.00,14587000.00,,23178000.00,8566000.00,8319000.00,6785000.00,6785000.00,6785000.00,5804000.00,4655000.00,4668000.00,2791000.00,,,,,,,33159000.00,,,,8002000.00,8765000.00,8723000.00,8728000.00,10321000.00,34624000.00,34011000.00,33818000.00,57942000.00,57262000.00,57307000.00,64822000.00,58675000.00,77345000.00,56967000.00,56744000.00,47409000.00,44740000.00,,7516000.00,,,,,,,,,,,,,,,,,,,,24000000.00,,,,,,,,
changeToInventory,,,,,,,,-238000.00,,,-50042000.00,347000.00,5122000.00,-888000.00,-86000.00,4890000.00,-78000.00,220000.00,-493000.00,37000.00,102000.00,144000.00,-399000.00,305000.00,266000.00,526000.00,-380000.00,-487000.00,122000.00,73000.00,2051000.00,-797000.00,4481000.00,-3753000.00,823000.00,-5506000.00,6269000.00,-6461000.00,-1536000.00,5005000.00,-897000.00,-277000.00,201000.00,-1457000.00,,,-302000.00,-1091000.00,,,431000.00,,,,,,,,,,,,,,,,,,,,,,,,,,,,,,,,,,,,,,,,,,,,,,,,,,,,,,,,,,,,
changeToAccountReceivables,,-40000.00,-221000.00,-658000.00,-366000.00,-305000.00,372000.00,253000.00,580000.00,-198000.00,510000.00,41000.00,16000.00,4522000.00,4536000.00,1021000.00,787000.00,1657000.00,-779000.00,1469000.00,-1450000.00,-706000.00,-116000.00,-118000.00,357000.00,938000.00,-2077000.00,-963000.00,-251000.00,-624000.00,2128000.00,-478000.00,815000.00,-1004000.00,-568000.00,-1442000.00,-351000.00,-3034000.00,-701000.00,98000.00,696000.00,-1836000.00,738000.00,-1892000.00,383000.00,-825000.00,-169000.00,50000.00,105000.00,-266000.00,-1143000.00,,,,,,,,,,,,,,,,,,,,,,,,,,,,,,,,,,,,,,,,,,,,,,,,,,,,,,,,,,,,
salePurchaseOfStock,,0.00,0.00,-1230000.00,-3133000.00,-4991000.00,-3497000.00,-4366000.00,-4096000.00,-3490000.00,-523000.00,-1674000.00,-6685000.00,-3873000.00,-22000.00,-20000.00,-20000.00,71000.00,77735000.00,23000.00,20508000.00,1128000.00,-23000.00,,29971000.00,36834000.00,12000.00,,,18000.00,68000.00,-593000.00,-88000.00,814000.00,,,,,,,,,,-786000.00,,,,,,,-229000.00,-503000.00,-3854000.00,-107000.00,-115000.00,-73319000.00,,,,-33950000.00,,,,-122794000.00,,,-582000.00,683724000.00,,,-6539148000.00,-1412162000.00,,,-235000.00,,,,,-8183000.00,,,-8183000.00,,,,,,,,,,,,,,,,,,,,,,,,,,,,
otherCashflowsFromFinancingActivities,,15552000.00,-31161000.00,85451000.00,115722000.00,89915000.00,-123129000.00,-68765000.00,-103728000.00,189036000.00,-149662000.00,146387972.00,81862028.00,-1613850000.00,-1544787000.00,-116681000.00,166354000.00,-432518000.00,271423000.00,-370515000.00,339800000.00,170375000.00,-83364000.00,-27453000.00,-215457000.00,-324656000.00,592753000.00,1068848000.00,59992000.00,254214000.00,227669000.00,159890000.00,-169604000.00,260771000.00,226103000.00,511209000.00,2790000.00,894729000.00,223892000.00,60350000.00,-201072000.00,592183000.00,-290020000.00,630921000.00,-95995000.00,294433000.00,20641000.00,-7040000.00,16743000.00,101195000.00,347828000.00,25636000.00,-11660000.00,32975000.00,13644000.00,260003000.00,6789000.00,74661000.00,-1036846000.00,-1506165000.00,-211980000.00,355794000.00,776728000.00,1327541000.00,-5359640000.00,-665330000.00,-545893000.00,259798000.00,2379938000.00,2304587000.00,-780658000.00,-357686000.00,4457852000.00,1346746000.00,642392000.00,632670000.00,-1405663000.00,1807944000.00,303799000.00,1577034000.00,431164000.00,3095857000.00,314743000.00,-38718000.00,52580000.00,20590000.00,7563000.00,20351000.00,-26277000.00,512000.00,64000.00,548000.00,546000.00,708000.00,840000.00,500000.00,-16000000.00,900000.00,-2500000.00,-1700000.00,-5700000.00,-100000.00,-17000000.00,,,,,,,,
changeToNetincome,,,792000.00,,-3505000.00,1718000.00,1598000.00,-16336000.00,1882000.00,8659000.00,7327000.00,-7650000.00,-3016000.00,-7468000.00,105176000.00,-16404000.00,16468000.00,34161000.00,-12970000.00,34665000.00,12562000.00,11297000.00,66901000.00,,-11590000.00,32699000.00,10945000.00,,-4208000.00,-655000.00,49583000.00,,83518000.00,22665000.00,71611000.00,,,,,,,,,,,,,,,,,,,,,,,,,,,,,,,,,,,,,,,,,,,,,,,,,,,,,,,,,,,,,,,,,,,,,,,,,,,,
capitalExpenditures,0,0,0,0,0,0,0,0,0,0,0,0,0,0,0,0,0,0,0,0,0,0,0,0,0,0,0,0,0,0,0,0,0,0,0,0,0,0,0,0,0,0,0,0,0,0,0,0,0,0,0,0,0,0,0,227000,0,0,227000,1030000,1499000,1197000,1054000,14032000,2187000,8638000,3207000,3000000,3259000,3990000,1322000,8905000,9062000,6061000,7997000,8586000,2949000,1924000,2401000,3563000,1003000,686000,792000,950000,1168000,513000,242000,403000,742000,1020000,473000,462000,421000,854000,2014000,3300000,3100000,800000,200000,600000,1100000,3000000,200000,,,,,,,,
changeReceivables,,,-221000.00,,-366000.00,-305000.00,372000.00,253000.00,580000.00,-198000.00,510000.00,41000.00,16000.00,4522000.00,4536000.00,1021000.00,787000.00,1657000.00,-779000.00,1469000.00,-1450000.00,-706000.00,-116000.00,,357000.00,938000.00,-2077000.00,,-251000.00,-624000.00,2128000.00,,815000.00,-1614000.00,42000.00,,,,,,,,,,,,,,,,,,,,,,,,,,,,,,,,,,,,,,,,,,,,,,,,,,,,,,,,,,,,,,,,,,,,,,,,,,,,
cashFlowsOtherOperating,,,3733000.00,,-67000.00,-2097000.00,-189000.00,13491000.00,198000.00,-447000.00,-90000.00,347000.00,5122000.00,-888000.00,-86000.00,4890000.00,-78000.00,220000.00,-493000.00,37000.00,102000.00,144000.00,-399000.00,,266000.00,526000.00,-380000.00,,122000.00,73000.00,2051000.00,,4481000.00,-3143000.00,213000.00,,,,,,,,,,,,,,,,,,,,,,,,,,,,,,,,,,,,,,,,,,,,,,,,,,,,,,,,,,,,,,,,,,,,,,,,,,,,
exchangeRateChanges,,,,,,,,,,,,,,,,,,0.00,0.00,0.00,0.00,0.00,,,,,,,,,,,,,,,,,,,,,,,,,,,,,,,,,,,,,,,,,,,,,,,,,,,,,,,,,,,,,,,,,,,,,,,,,,,,,,,,,,,,,,,,,
cashAndCashEquivalentsChanges,,,-17379000.00,,853000.00,-16364000.00,10072000.00,-2864000.00,17845000.00,-53950000.00,20790000.00,22430000.00,3439000.00,-75280000.00,69740000.00,7507000.00,-22555000.00,-2863000.00,10834000.00,-5486000.00,13503000.00,3477000.00,-6395000.00,,-46940000.00,57533000.00,-39019000.00,,23848000.00,-24271000.00,6197000.00,,-7311000.00,5525000.00,-18517000.00,,,,,,,,,,,,,,,,,,,,,,,,,,,,,,,,,,,,,,,,,,,,,,,,,,,,,,,,,,,,,,,,,,,,,,,,,,,,
changeInWorkingCapital,,-923000.00,-2533000.00,1573000.00,348000.00,-143000.00,-177000.00,1104000.00,2583000.00,-118000.00,-243000.00,797000.00,5359000.00,3832000.00,-1626000.00,6764000.00,1360000.00,396000.00,-2895000.00,2016000.00,898000.00,467000.00,-5056000.00,2794000.00,1788000.00,3824000.00,-7684000.00,1896000.00,-1876000.00,3812000.00,-2078000.00,1070000.00,6512000.00,-2948000.00,-4570000.00,-4878000.00,6720000.00,-8227000.00,-6234000.00,10525000.00,517000.00,34000.00,-3398000.00,-3284000.00,1974000.00,-745000.00,-3264000.00,3062000.00,1645000.00,14694000.00,-16295000.00,965000.00,-4051000.00,-679000.00,5936000.00,-8815000.00,193000.00,-17001000.00,-11315000.00,61359000.00,-7923000.00,22175000.00,-58627000.00,609330000.00,-195104000.00,1124449000.00,-309773000.00,1429587000.00,-1496949000.00,49389000.00,-260893000.00,682417000.00,-1398296000.00,243474000.00,-424511000.00,134639000.00,-53689000.00,-6030000.00,-6829000.00,29595000.00,5915000.00,-49439000.00,11013000.00,31426000.00,-18545000.00,-12721000.00,3595000.00,-7162000.00,7710000.00,-4850000.00,-892000.00,-37647000.00,-2371000.00,51013000.00,-13338000.00,20300000.00,13800000.00,-1100000.00,-1000000.00,-5500000.00,47400000.00,-69600000.00,-44200000.00,,,,,,,,
stockBasedCompensation,,,-2959000.00,2338000.00,-1379000.00,640000.00,-1977000.00,65000.00,,,-1754000.00,208000.00,-1582.00,,-2794000.00,-106000.00,,,,-1283000.00,,,,-391000.00,,,,236000.00,,,,-897000.00,,,-4505000.00,483000.00,,,-4355000.00,4042000.00,,,-403000.00,-4634000.00,,,-4863000.00,1568000.00,,,-2892000.00,1280000.00,,-9326000.00,,-16604000.00,,13310000.00,,,,,-12349000.00,,,,-5316000.00,-22457000.00,,,-34887000.00,-31470000.00,,,-65908000.00,30317000.00,,,-31184000.00,57443000.00,28000.00,,-25898000.00,,,,,,,,,,,,,,,,,,,,,,,,,,,,
otherNonCashItems,1540000.00,-10560000.00,3294000.00,-14921000.00,3607000.00,-94000.00,605000.00,-5186000.00,437000.00,8659000.00,564000.00,470000.00,625000.00,-7468000.00,521000.00,941000.00,16468000.00,34161000.00,-7027000.00,45007000.00,11315000.00,13078000.00,56575000.00,-33431000.00,-3470000.00,24842000.00,10073000.00,12116000.00,-11944000.00,15884000.00,55735000.00,853000.00,66829000.00,15978000.00,111000.00,834000.00,3685000.00,-10684000.00,630000.00,5727000.00,9284000.00,12858000.00,9390000.00,1837000.00,3250000.00,6229000.00,161000.00,103000.00,18278000.00,6628000.00,391000.00,651000.00,-802000.00,685000.00,-1739000.00,2239000.00,-28469000.00,15613000.00,-123749000.00,207367000.00,163157000.00,-5025000.00,-70836000.00,-144520000.00,179758000.00,-63996000.00,244305000.00,90480000.00,85620000.00,43004000.00,-7993000.00,419775000.00,559240000.00,-586679000.00,4310000.00,-127446000.00,43179000.00,-24963000.00,-29957000.00,9097000.00,-14563000.00,-30168000.00,-5240000.00,606000.00,-826000.00,-4431000.00,-6500000.00,14474000.00,15155000.00,-7066000.00,13308000.00,35297000.00,-6697000.00,-41082000.00,-4238000.00,-26000000.00,10400000.00,-7900000.00,-2600000.00,-2500000.00,5200000.00,-100000.00,-4700000.00,,,,,,,,
freeCashFlow,-1540000.00,-6615000.00,-4416000.00,986000.00,274000.00,-362000.00,-2273000.00,-248000.00,2770000.00,1482000.00,687000.00,2834000.00,7102000.00,6598000.00,9380000.00,17770000.00,10091000.00,11032000.00,7672000.00,17592000.00,16340000.00,16430000.00,13387000.00,23087000.00,21895000.00,27122000.00,15926000.00,24260000.00,20705000.00,22394000.00,21215000.00,29790000.00,35603000.00,23991000.00,22160000.00,22433000.00,27862000.00,11507000.00,8148000.00,19817000.00,14846000.00,15047000.00,11658000.00,7447000.00,8358000.00,7640000.00,2230000.00,8937000.00,8292000.00,21425000.00,-11392000.00,8268000.00,314000.00,-1038000.00,8832000.00,-2972000.00,-3962000.00,-32820000.00,-37857000.00,2360000.00,-13504000.00,-5666000.00,-63685000.00,212516000.00,-233341000.00,1068961000.00,-246763000.00,1451562000.00,-1463560000.00,83705000.00,-226239000.00,728403000.00,-796340000.00,-273990000.00,-386797000.00,189128000.00,43160000.00,69763000.00,68722000.00,117539000.00,84118000.00,4933000.00,11767000.00,42260000.00,-4383000.00,1116000.00,8255000.00,18737000.00,4185000.00,-5948000.00,7062000.00,-190000.00,-2036000.00,16414000.00,-9871000.00,2100000.00,-1300000.00,-3500000.00,-3200000.00,-12000000.00,16600000.00,-70700000.00,-25600000.00,,,,,,,,
researchDevelopment,,,,,,,,,,,,,,,,,,0.00,0.00,0.00,0.00,0.00,0.00,,,,,,,,,,,,,,,,,,,,,,,,,,,,,,,,,,,,,,,,,,,,,,,,,,,,,,,,,,,,,,,,,,,,,,,,,,,,,,,,,,,,,,,,
effectOfAccountingCharges,,,,,,,,,,,,,,,,,,0.00,0.00,0.00,0.00,0.00,0.00,,,,,,,,,,,,,,,,,,,,,,,,,,,,,,,,,,,,,,,,,,,,,,,,,,,,,,,,,,,,,,,,,,,,,,,,,,,,,,,,,,,,,,,,
incomeBeforeTax,-6414000.00,6255000.00,-2109000.00,4344000.00,4505000.00,1109000.00,-414000.00,4642000.00,186000.00,-7135000.00,-5642000.00,11461000.00,4759000.00,10234000.00,-94170000.00,27410000.00,-7737000.00,-23525000.00,17594000.00,-59944000.00,4127000.00,2885000.00,-38132000.00,20948000.00,23691000.00,-1191000.00,13590000.00,-32164000.00,34356000.00,3029000.00,-32164000.00,23486000.00,-37133000.00,12248000.00,-29443000.00,-5315000.00,18289000.00,30913000.00,11513000.00,3428000.00,5548000.00,5748000.00,-585000.00,13705000.00,3573000.00,2523000.00,11204000.00,7359000.00,-11384000.00,437000.00,20256000.00,8736000.00,4596000.00,9022000.00,4738000.00,26944000.00,46022000.00,-37025000.00,104219000.00,-241181000.00,-187145000.00,-35025000.00,44296000.00,-286179000.00,-199429000.00,65715000.00,-217428000.00,15669000.00,-93454000.00,-29007000.00,24835000.00,-271752000.00,31135000.00,66406000.00,29984000.00,109624000.00,112478000.00,82089000.00,104529000.00,101042000.00,71444000.00,64953000.00,8566000.00,10781000.00,17992000.00,,,,,,,1431000.00,6193000.00,6065000.00,8556000.00,,,,,,-50700000.00,12600000.00,25800000.00,,,,,,,,
minorityInterest,,,,,,,,,,,,,,,,,,0.00,0.00,0.00,0.00,0.00,0.00,,,,,,,,,,,,,,,,,,,,,,,,,,,,,,,,,,,,,,,,,,,,,,,,,,,,,,,,,,,,,,,,,,,,,,,,,,,,,,,,,,,,,,,,
sellingGeneralAdministrative,3233000.00,4713000.00,3911000.00,4467000.00,3377000.00,3787000.00,3284000.00,3573000.00,2897000.00,3190000.00,2637000.00,3073000.00,2971000.00,3328000.00,3243000.00,3017000.00,4198000.00,3424000.00,4376000.00,1658000.00,3954000.00,3461000.00,4297000.00,4947000.00,4544000.00,4154000.00,4925000.00,4335000.00,4630000.00,2756000.00,2564000.00,2567000.00,2071000.00,3078000.00,2755000.00,3502000.00,4087000.00,3293000.00,3039000.00,3248000.00,3136000.00,2719000.00,2428000.00,2832000.00,3568000.00,2154000.00,2012000.00,2474000.00,2607000.00,2620000.00,2514000.00,3044000.00,2409000.00,2437000.00,2920000.00,73768000.00,2835000.00,31884000.00,53661000.00,56860000.00,61111000.00,53970000.00,76954000.00,69533000.00,80955000.00,106885000.00,103982000.00,84431000.00,69405000.00,71732000.00,83497000.00,87330000.00,88348000.00,80015000.00,75799000.00,95113000.00,95824000.00,57698000.00,74889000.00,91239000.00,67505000.00,42841000.00,24804000.00,31617000.00,45725000.00,38411000.00,31319000.00,34829000.00,24276000.00,32756000.00,16251000.00,13527000.00,24809000.00,25209000.00,46223000.00,45700000.00,16300000.00,22100000.00,14200000.00,14500000.00,10900000.00,28900000.00,28300000.00,,,,,,,,
sellingAndMarketingExpenses,,,,,,,,,,,,,,,,11998000.00,,,,,,,,,,,,,,,,,,,,,,,,,,,,,,,,47000.00,,47000.00,,20000.00,,,20000.00,6562000.00,16000.00,,,5262000.00,5262000.00,,,,,,,,,,,,,,,,,,,,,,,,,,,,,,,,,,,,,,,,,,,,,,,,,,
grossProfit,13575000.00,10968000.00,14000000.00,9566000.00,9754000.00,6811000.00,4401000.00,-17315000.00,1231000.00,-3945000.00,-3005000.00,-31480000.00,7730000.00,13562000.00,-90927000.00,-93051000.00,-3539000.00,-20101000.00,21970000.00,-189239000.00,8081000.00,6346000.00,-33835000.00,25895000.00,28235000.00,2963000.00,18515000.00,-27829000.00,38986000.00,10701000.00,-27829000.00,-127324000.00,-33888000.00,-3422000.00,-49302000.00,-831000.00,-4958000.00,-4268000.00,-4074000.00,8297000.00,-3933000.00,-3840000.00,-3693000.00,18278000.00,-4944000.00,-3602000.00,-4077000.00,11186000.00,-12071000.00,-3648000.00,-2950000.00,12521000.00,6571000.00,11153000.00,9323000.00,-14336000.00,-63477000.00,3652000.00,49607000.00,-217984000.00,-58178000.00,16268000.00,21942000.00,-114811000.00,-124500000.00,160252000.00,-149491000.00,-332454000.00,-202708000.00,-3960000.00,55235000.00,-608612000.00,52764000.00,86846000.00,51486000.00,-166057000.00,125666000.00,97024000.00,127363000.00,-75006000.00,76470000.00,68929000.00,12007000.00,58202000.00,81104000.00,72824000.00,54000000.00,79155000.00,21461000.00,54818000.00,22372000.00,25709000.00,44278000.00,43217000.00,66021000.00,68000000.00,19700000.00,40000000.00,22800000.00,23500000.00,24000000.00,55800000.00,66300000.00,,,,,,,,
reconciledDepreciation,,,,,-3913000.00,-1874000.00,-1820000.00,,-1445000.00,-1297000.00,,,,,,,,,,,,,,,,,,,,,,,,,,,,,,,,,2000.00,12000.00,11000.00,12000.00,12000.00,12000.00,12000.00,12000.00,12000.00,12000.00,11000.00,10000.00,9000.00,,,1948000.00,2770000.00,3156000.00,1783000.00,3432000.00,2495000.00,4036000.00,-1091000.00,6442000.00,7790000.00,-32213000.00,18420000.00,25549000.00,17415000.00,-53592000.00,28733000.00,22033000.00,16989000.00,80301000.00,-35530000.00,21501000.00,18270000.00,-62499000.00,39637000.00,26454000.00,1063000.00,1089000.00,1043000.00,1002000.00,1100000.00,1123000.00,4452000.00,1878000.00,1258000.00,1191000.00,1260000.00,1272000.00,1163000.00,900000.00,700000.00,500000.00,600000.00,400000.00,500000.00,300000.00,200000.00,,,,,,,,
ebit,,,5578000.00,21391000.00,16210000.00,5568000.00,6683000.00,9374000.00,3449000.00,-9093000.00,-9400000.00,14620000.00,6391000.00,6469000.00,-103311000.00,20373000.00,-12429000.00,-30107000.00,9677000.00,-70568000.00,-6211000.00,-7977000.00,-52436000.00,,8824000.00,-20124000.00,-6687000.00,,16092000.00,-16619000.00,-54225000.00,,-72543000.00,-21867000.00,-62679000.00,,,3526000.00,,5821000.00,,,1019000.00,15488000.00,4821000.00,3640000.00,12021000.00,8186000.00,-10727000.00,1029000.00,20688000.00,9063000.00,4920000.00,9298000.00,4966000.00,26933000.00,-205105000.00,-31885000.00,113882000.00,-226868000.00,-161758000.00,-13167000.00,67946000.00,-233596000.00,-87357000.00,208946000.00,-47877000.00,180560000.00,71783000.00,99182000.00,178318000.00,-60359000.00,187508000.00,170131000.00,104806000.00,162592000.00,156743000.00,116365000.00,136595000.00,125698000.00,94416000.00,84674000.00,10212000.00,11446000.00,18064000.00,18209000.00,10672000.00,11051000.00,-22068000.00,5444000.00,-6058000.00,2131000.00,6617000.00,6384000.00,8778000.00,10300000.00,-22900000.00,6300000.00,22800000.00,-3600000.00,-49100000.00,14100000.00,27500000.00,,,,,,,,
ebitda,4816000.00,5129000.00,5653000.00,10699000.00,10477000.00,3694000.00,2828000.00,3334000.00,2100000.00,-5177000.00,-3141000.00,20711000.00,6397568.00,12603000.00,-78338000.00,34960000.00,16245000.00,2610000.00,43509000.00,-33394000.00,26653000.00,22078000.00,-21576000.00,35900000.00,37659000.00,11337000.00,23656000.00,-10745000.00,41746000.00,9732000.00,-25471000.00,28907000.00,-31968000.00,16823000.00,-25715000.00,-1861000.00,21265000.00,33589000.00,13798000.00,5819000.00,7862000.00,7968000.00,1021000.00,15500000.00,4832000.00,3652000.00,12033000.00,8198000.00,-10715000.00,1041000.00,20700000.00,9075000.00,4931000.00,9308000.00,4975000.00,1382000.00,46332000.00,-29937000.00,116652000.00,-223712000.00,-159975000.00,-9735000.00,70441000.00,-229560000.00,-88448000.00,215388000.00,-40087000.00,148347000.00,90203000.00,124731000.00,195733000.00,-113951000.00,216241000.00,192164000.00,121795000.00,242893000.00,121213000.00,137866000.00,154865000.00,63199000.00,134053000.00,111128000.00,11275000.00,12535000.00,19107000.00,19211000.00,11772000.00,12174000.00,-17616000.00,7322000.00,-4800000.00,3322000.00,7877000.00,7656000.00,9941000.00,11200000.00,-22200000.00,6800000.00,23400000.00,-3200000.00,-48600000.00,14400000.00,27700000.00,14900000.00,14900000.00,14900000.00,14800000.00,6200000.00,6200000.00,6200000.00,6200000.00
depreciationAndAmortization,,,75000.00,-10692000.00,-5733000.00,-1874000.00,-1820000.00,-6040000.00,-1349000.00,-1297000.00,,6091000.00,6568.00,,,,,,,,,,,,,,,,,,,,,,,,,,,-2000.00,,,2000.00,12000.00,11000.00,12000.00,12000.00,12000.00,12000.00,12000.00,12000.00,12000.00,11000.00,10000.00,9000.00,-25551000.00,251437000.00,1948000.00,2770000.00,3156000.00,1783000.00,3432000.00,2495000.00,4036000.00,-1091000.00,6442000.00,7790000.00,-32213000.00,18420000.00,25549000.00,17415000.00,-53592000.00,28733000.00,22033000.00,16989000.00,80301000.00,-35530000.00,21501000.00,18270000.00,-62499000.00,39637000.00,26454000.00,1063000.00,1089000.00,1043000.00,1002000.00,1100000.00,1123000.00,4452000.00,1878000.00,1258000.00,1191000.00,1260000.00,1272000.00,1163000.00,900000.00,700000.00,500000.00,600000.00,400000.00,500000.00,300000.00,200000.00,,,,,,,,
nonOperatingIncomeNetOther,,,,,,,,,-1313000.00,-9032000.00,-6763000.00,8120000.00,3952000.00,9797000.00,-100068000.00,23308000.00,-8231000.00,-26683000.00,13803000.00,-68910000.00,-2257000.00,-4516000.00,-48139000.00,,13368000.00,-15970000.00,-1762000.00,,20722000.00,-8947000.00,-49890000.00,,-69298000.00,-18036000.00,,,,,,,,,,,,,,,,,,,,,,,,,,,,,,,,,,,,,,,,,,,,,,,,,,,,,,,,,,,,,,,,,,,,,,,,,,,,,
operatingIncome,4816000.00,5129000.00,5578000.00,21391000.00,16210000.00,5568000.00,2828000.00,9374000.00,2100000.00,-5177000.00,-3141000.00,14620000.00,6391000.00,12603000.00,-78338000.00,34960000.00,16245000.00,2610000.00,43509000.00,-33394000.00,26653000.00,22078000.00,-21576000.00,35900000.00,37659000.00,11337000.00,23656000.00,-10745000.00,41746000.00,9732000.00,-25471000.00,28907000.00,-31968000.00,16823000.00,-25715000.00,-1861000.00,21265000.00,33589000.00,13798000.00,5819000.00,7862000.00,7968000.00,1019000.00,15488000.00,4821000.00,3640000.00,12021000.00,8186000.00,-10727000.00,1029000.00,20688000.00,9063000.00,4920000.00,9298000.00,4966000.00,26933000.00,46332000.00,-31885000.00,113882000.00,-226868000.00,-161758000.00,-13167000.00,67946000.00,-233596000.00,-87357000.00,208946000.00,-47877000.00,180560000.00,71783000.00,99182000.00,178318000.00,-60359000.00,187508000.00,170131000.00,104806000.00,162592000.00,156743000.00,116365000.00,136595000.00,125698000.00,94416000.00,84674000.00,10212000.00,11446000.00,18064000.00,18209000.00,10672000.00,11051000.00,-22068000.00,5444000.00,-6058000.00,2131000.00,6617000.00,6384000.00,8778000.00,10300000.00,-22900000.00,6300000.00,22800000.00,-3600000.00,-49100000.00,14100000.00,27500000.00,14900000.00,14900000.00,14900000.00,14800000.00,6200000.00,6200000.00,6200000.00,6200000.00
otherOperatingExpenses,1142000.00,2676000.00,1656000.00,7751000.00,1505000.00,1872000.00,1753000.00,4725000.00,2897000.00,1349000.00,1242000.00,4025000.00,1197.00,1431000.00,1385000.00,15015000.00,1365000.00,1191000.00,1260000.00,135994000.00,1121000.00,1400000.00,1257000.00,5367000.00,1095000.00,1350000.00,1480000.00,10597000.00,1200000.00,2160000.00,793000.00,1351000.00,897000.00,39746000.00,2752000.00,3498000.00,4083000.00,3289000.00,3036000.00,3244000.00,3133000.00,2715000.00,2424000.00,2828000.00,23314000.00,17077000.00,35525000.00,7835000.00,5620000.00,12507000.00,49872000.00,7840000.00,14314000.00,14086000.00,4357000.00,494617000.00,25131000.00,20979000.00,78792000.00,68906000.00,15022000.00,3575000.00,116344000.00,102857000.00,111886000.00,170546000.00,397078000.00,1214123000.00,302115000.00,225024000.00,253064000.00,258603000.00,265508000.00,204798000.00,164787000.00,182778000.00,149066000.00,100766000.00,103160000.00,160787000.00,103464000.00,75534000.00,34091000.00,46756000.00,63040000.00,54615000.00,43328000.00,68104000.00,43529000.00,49374000.00,28430000.00,23578000.00,37661000.00,36833000.00,57243000.00,57700000.00,42600000.00,33700000.00,,27100000.00,73100000.00,41700000.00,38800000.00,14900000.00,14900000.00,14900000.00,14800000.00,6200000.00,6200000.00,6200000.00,6200000.00
interestExpense,8759000.00,8165000.00,8347000.00,7838000.00,5972000.00,4459000.00,3242000.00,1833000.00,1914000.00,1958000.00,2501000.00,3083000.00,1632000.00,2369000.00,15832000.00,21218000.00,23982000.00,26135000.00,25915000.00,26550000.00,22526000.00,19193000.00,16556000.00,14952000.00,13968000.00,12528000.00,10066000.00,6693000.00,7390000.00,6703000.00,6693000.00,5421000.00,5165000.00,4575000.00,3728000.00,3454000.00,2976000.00,2676000.00,2285000.00,2391000.00,2314000.00,2220000.00,1604000.00,1783000.00,1248000.00,1117000.00,817000.00,827000.00,657000.00,592000.00,432000.00,327000.00,324000.00,276000.00,228000.00,11000.00,310000.00,582000.00,2763000.00,14313000.00,25387000.00,21858000.00,23650000.00,52583000.00,112072000.00,143231000.00,169551000.00,164891000.00,165237000.00,128189000.00,153483000.00,211393000.00,156373000.00,103725000.00,74822000.00,52968000.00,44265000.00,34276000.00,32066000.00,24656000.00,22972000.00,19721000.00,1646000.00,665000.00,608000.00,430000.00,370000.00,346000.00,322000.00,334000.00,81000.00,700000.00,424000.00,319000.00,222000.00,100000.00,200000.00,500000.00,500000.00,200000.00,1600000.00,1500000.00,1700000.00,14900000.00,14900000.00,14900000.00,14800000.00,6200000.00,6200000.00,6200000.00,6200000.00
taxProvision,199000.00,1387000.00,109000.00,-45000.00,1074000.00,802000.00,2287000.00,808000.00,436000.00,-76000.00,398000.00,,,,,0.00,0.00,0.00,0.00,,,,,,,,,,,,,,,,,,,,,,,,,,,,,,,,,,,,,,,,,,,,,,,,,,,,,,,,,,,,,,,,,,,,,,,,,,,,,,,,,,,,,,,,,,,,
interestIncome,13575000.00,12716000.00,14000000.00,14726000.00,12646000.00,8763000.00,7406000.00,5880000.00,6346000.00,7045000.00,6259000.00,9497000.00,5410000.00,6134000.00,24973000.00,28255000.00,28674000.00,32717000.00,33832000.00,,,,,,,,,,,,,,,,,,,,,,,,,,,,,,,,,,,,,,,,,,,,,,,,,,,,,,,,,,,,,,,,,,,,,,,,,,,,,,,,,,,,,,,,,,,,
netInterestIncome,4816000.00,4551000.00,5653000.00,7100000.00,6674000.00,4304000.00,4164000.00,1118000.00,4432000.00,5087000.00,3758000.00,6414000.00,3778000.00,3765000.00,9141000.00,7037000.00,4692000.00,6582000.00,7917000.00,,,,,,,,,,,,,,,,,,,,,,,,,,,,,,,,,,,,,,,,,,,,,,,,,,,,,,,,,,,,,,,,,,,,,,,,,,,,,,,,,,,,,,,,,,,,
extraordinaryItems,,,,,,,,,,,,,,,,,,0.00,0.00,0.00,0.00,0.00,0.00,,,,,,,,,,,,,,,,,,,,,,,,,,,,,,,,,,,,,,,,,,,,,,,,,,,,,,,,,,,,,,,,,,,,,,,,,,,,,,,,,,,,,,,,
nonRecurring,,,,,,,,,,,,,,,,,,0.00,0.00,0.00,0.00,0.00,0.00,,,,,,,,,,,,,,,,,,,,,,,,,,,,,,,,,,,,,,,,,,,,,,,,,,,,,,,,,,,,,,,,,,,,,,,,,,,,,,,,,,,,,,,,
otherItems,,,,,,,,,,,,,,,,,,0.00,0.00,0.00,0.00,0.00,0.00,,,,,,,,,,,,,,,,,,,,,,,,,,,,,,,,,,,,,,,,,,,,,,,,,,,,,,,,,,,,,,,,,,,,,,,,,,,,,,,,,,,,,,,,
incomeTaxExpense,199000.00,1387000.00,109000.00,-45000.00,1074000.00,802000.00,2287000.00,808000.00,436000.00,-76000.00,398000.00,76000.00,1632000.00,,,,774000.00,774000.00,278000.00,-33639000.00,9628000.00,6493000.00,18251000.00,13707000.00,823000.00,16737000.00,8336000.00,-546000.00,15543000.00,-9865000.00,-546000.00,4675000.00,15497000.00,5647000.00,12742000.00,27450000.00,5442000.00,12074000.00,4480000.00,-36569000.00,2455000.00,2554000.00,-3762000.00,-162092000.00,450000.00,379000.00,442000.00,419000.00,259000.00,346000.00,471000.00,705000.00,-560000.00,249000.00,112000.00,-3308000.00,3585000.00,-310000.00,9555000.00,27311000.00,-18123000.00,-9974000.00,-806000.00,-15817000.00,15288000.00,55011000.00,-31550000.00,11859000.00,-26062000.00,1240000.00,-1719000.00,-142000.00,8090000.00,13163000.00,5572000.00,23032000.00,20329000.00,910000.00,14890000.00,21084000.00,14483000.00,6181000.00,2843000.00,692000.00,2343000.00,430000.00,370000.00,346000.00,322000.00,334000.00,81000.00,700000.00,1239000.00,785000.00,2139000.00,100000.00,200000.00,500000.00,,200000.00,-15300000.00,5200000.00,10200000.00,-14900000.00,-14900000.00,-14900000.00,-14800000.00,-6200000.00,-6200000.00,-6200000.00,-6200000.00
totalRevenue,-3181000.00,10968000.00,1802000.00,9566000.00,9754000.00,6811000.00,4401000.00,8215000.00,3119000.00,-3945000.00,-3005000.00,14534000.00,7730000.00,13562000.00,-90927000.00,30427000.00,-3539000.00,-20101000.00,21970000.00,-58286000.00,8081000.00,6346000.00,-33835000.00,25895000.00,28235000.00,2963000.00,18515000.00,-27829000.00,38986000.00,10701000.00,-27829000.00,27269000.00,-33888000.00,16079000.00,-26132000.00,-831000.00,23347000.00,35297000.00,15671000.00,8297000.00,9581000.00,9672000.00,3195000.00,18267000.00,8605000.00,6233000.00,15350000.00,11186000.00,-7795000.00,4182000.00,23284000.00,12521000.00,7734000.00,12148000.00,9323000.00,4435000.00,23026000.00,18210000.00,49607000.00,48219000.00,60424000.00,49278000.00,92282000.00,74154000.00,-49757000.00,282104000.00,13178000.00,175761000.00,-82795000.00,117922000.00,185216000.00,-105847000.00,183528000.00,208359000.00,162953000.00,245132000.00,243655000.00,178449000.00,221291000.00,220931000.00,161988000.00,128718000.00,47893000.00,58202000.00,81104000.00,72824000.00,54000000.00,79155000.00,21461000.00,54818000.00,22372000.00,25709000.00,44278000.00,43217000.00,66021000.00,68000000.00,19700000.00,40000000.00,22800000.00,23500000.00,24000000.00,55800000.00,66300000.00,,,,,,,,
totalOperatingExpenses,1142000.00,2676000.00,1656000.00,3712000.00,1505000.00,1872000.00,1753000.00,4725000.00,2897000.00,1349000.00,1242000.00,4025000.00,1197.00,1431000.00,1385000.00,15015000.00,1365000.00,1191000.00,1260000.00,5041000.00,1121000.00,1400000.00,1257000.00,5367000.00,1095000.00,1350000.00,1480000.00,10597000.00,1200000.00,-2160000.00,793000.00,1351000.00,897000.00,20245000.00,2752000.00,3498000.00,4083000.00,3289000.00,3036000.00,3244000.00,3133000.00,2715000.00,2424000.00,2828000.00,9765000.00,7242000.00,16098000.00,-7835000.00,1344000.00,4677000.00,23638000.00,-7840000.00,-15477000.00,13091000.00,-4357000.00,475846000.00,-25131000.00,-35537000.00,-78792000.00,-197297000.00,-103580000.00,-29435000.00,46004000.00,-291822000.00,37143000.00,48694000.00,234409000.00,705908000.00,182202000.00,103142000.00,123083000.00,-244162000.00,134744000.00,83285000.00,53320000.00,-228411000.00,31077000.00,19341000.00,9232000.00,-135150000.00,17946000.00,15745000.00,-1795000.00,-46756000.00,-63040000.00,-54615000.00,-43328000.00,-68104000.00,-43529000.00,-49374000.00,-28430000.00,-23578000.00,-37661000.00,-36833000.00,-57243000.00,-57700000.00,-42600000.00,-33700000.00,,-27100000.00,-73100000.00,-41700000.00,-38800000.00,14900000.00,14900000.00,14900000.00,14800000.00,6200000.00,6200000.00,6200000.00,6200000.00
costOfRevenue,-16756000.00,-1748000.00,-12198000.00,,,,,25530000.00,1888000.00,,,46014000.00,,,,123478000.00,,0.00,0.00,130953000.00,0.00,0.00,0.00,,,,,,,,,154593000.00,,19501000.00,23170000.00,,28305000.00,39565000.00,19745000.00,,13514000.00,13512000.00,6888000.00,-11000.00,13549000.00,9835000.00,19427000.00,,4276000.00,7830000.00,26234000.00,,1163000.00,995000.00,,18771000.00,86503000.00,14558000.00,,266203000.00,118602000.00,33010000.00,70340000.00,188965000.00,74743000.00,121852000.00,162669000.00,508215000.00,119913000.00,121882000.00,129981000.00,502765000.00,130764000.00,121513000.00,111467000.00,411189000.00,117989000.00,81425000.00,93928000.00,295937000.00,85518000.00,59789000.00,35886000.00,,,,,,,,,,,,,,,,,,,,,,,,,,,,
totalOtherIncomeExpenseNet,-11230000.00,1704000.00,-7687000.00,-17047000.00,-11705000.00,-4459000.00,-3242000.00,-10374000.00,-1914000.00,-1958000.00,-2501000.00,-3159000.00,-1632000.00,-2369000.00,-15832000.00,-21218000.00,-23982000.00,-26135000.00,-25915000.00,-26550000.00,-22526000.00,-19193000.00,-16556000.00,-14952000.00,-13968000.00,-12528000.00,-10066000.00,-8436000.00,-7390000.00,-6703000.00,-6693000.00,-5421000.00,-5165000.00,-4575000.00,-3728000.00,-3454000.00,-2976000.00,-2676000.00,-2285000.00,-2391000.00,-2314000.00,-2220000.00,-1604000.00,-1783000.00,-1248000.00,-1117000.00,-817000.00,-827000.00,-657000.00,-592000.00,-432000.00,-327000.00,-324000.00,-276000.00,-228000.00,11000.00,-310000.00,-5140000.00,-9663000.00,-14313000.00,-25387000.00,-21858000.00,-23650000.00,-52583000.00,-112072000.00,-143231000.00,-169551000.00,-164891000.00,-165237000.00,-128189000.00,-153483000.00,-211393000.00,-156373000.00,-103725000.00,-74822000.00,-52968000.00,-44265000.00,-34276000.00,-32066000.00,-24656000.00,-22972000.00,-19721000.00,-1646000.00,-665000.00,-72000.00,,,,,,,-700000.00,-424000.00,-319000.00,-222000.00,,,,,,-1600000.00,-1500000.00,-1700000.00,,,,,,,,
discontinuedOperations,,,,,,,,,,,,,,,,,,0.00,0.00,0.00,0.00,0.00,0.00,,,,,,,,,,,,,,,,,,,,,,,,,,,,,,,,,,,,,,,,,,,,,,,,,,,,,,,,,,,,,,,,,,,,,,,,,,,,,,,,,,,,,,,,
netIncomeFromContinuingOps,-6613000.00,4868000.00,-2218000.00,4389000.00,3431000.00,307000.00,-2701000.00,3834000.00,-250000.00,-7059000.00,-6040000.00,11461000.00,4759000.00,10234000.00,-94170000.00,27410000.00,-7737000.00,-23525000.00,17594000.00,-26305000.00,-5501000.00,-3608000.00,-56383000.00,,22868000.00,-17928000.00,5254000.00,,18813000.00,12894000.00,-31618000.00,,-52630000.00,6601000.00,-42185000.00,,,18839000.00,,,,,,,,,,,,,,,,,,,,,,,,,,,,,,,,,,,,,,,,,,,,,,,,,,,,,,,,,,,,,,,,,,,,,,,,,
netIncomeApplicableToCommonShares,,,-2878000.00,,3431000.00,-400000.00,-3443000.00,3095000.00,-981000.00,-7782000.00,-6763000.00,10728000.00,4033000.00,9476000.00,-94944000.00,26636000.00,-8511000.00,-24299000.00,17316000.00,-26458000.00,-5652000.00,-3757000.00,-56520000.00,,22785000.00,-17963000.00,5254000.00,,18813000.00,12894000.00,-31618000.00,,-52630000.00,6601000.00,-42185000.00,,,18839000.00,,,,,,,,,,,,,,,,,,,,,,,,,,,,,,,,,,,,,,,,,,,,,,,,,,,,,,,,,,,,,,,,,,,,,,,,,
preferredStockAndOtherAdjustments,,,660000.00,,675000.00,707000.00,742000.00,739000.00,731000.00,723000.00,723000.00,733000.00,726000.00,758000.00,774000.00,774000.00,774000.00,774000.00,278000.00,153000.00,151000.00,149000.00,137000.00,,83000.00,35000.00,,,,,,,,,,,,,,,,,,,,,,,,,,,,,,,,,,,,,,,,,,,,,,,,,,,,,,,,,,,,,,,,,,,,,,,,,,,,,,,,,,,,,
