,2023-09-30,2023-06-30,2023-03-31,2022-12-31,2022-09-30,2022-06-30,2022-03-31,2021-12-31,2021-09-30,2021-06-30,2021-03-31,2020-12-31,2020-09-30,2020-06-30,2020-03-31,2019-12-31,2019-09-30,2019-06-30,2019-03-31,2018-12-31,2018-09-30,2018-06-30,2018-03-31,2017-12-31,2017-09-30,2017-06-30,2017-03-31,2016-12-31,2016-09-30,2016-06-30,2016-03-31,2015-12-31,2015-09-30,2015-06-30,2015-03-31,2014-12-31,2014-09-30,2014-06-30,2014-03-31,2013-12-31,2013-09-30,2013-06-30,2013-03-31,2012-12-31,2012-09-30,2012-06-30,2012-03-31,2011-12-31,2011-09-30,2011-06-30,2011-03-31,2010-12-31,2010-09-30,2010-06-30,2010-03-31,2009-12-31,2009-09-30,2009-06-30,2009-03-31,2008-12-31,2008-09-30,2008-06-30,2008-03-31,2007-12-31,2007-09-30,2007-06-30,2007-03-31,2006-12-31,2006-09-30,2006-06-30,2006-03-31,2005-12-31,2005-09-30,2005-06-30,2005-03-31,2004-12-31,2004-09-30,2004-06-30,2004-03-31,2003-12-31
date,2023-09-30,2023-06-30,2023-03-31,2022-12-31,2022-09-30,2022-06-30,2022-03-31,2021-12-31,2021-09-30,2021-06-30,2021-03-31,2020-12-31,2020-09-30,2020-06-30,2020-03-31,2019-12-31,2019-09-30,2019-06-30,2019-03-31,2018-12-31,2018-09-30,2018-06-30,2018-03-31,2017-12-31,2017-09-30,2017-06-30,2017-03-31,2016-12-31,2016-09-30,2016-06-30,2016-03-31,2015-12-31,2015-09-30,2015-06-30,2015-03-31,2014-12-31,2014-09-30,2014-06-30,2014-03-31,2013-12-31,2013-09-30,2013-06-30,2013-03-31,2012-12-31,2012-09-30,2012-06-30,2012-03-31,2011-12-31,2011-09-30,2011-06-30,2011-03-31,2010-12-31,2010-09-30,2010-06-30,2010-03-31,2009-12-31,2009-09-30,2009-06-30,2009-03-31,2008-12-31,2008-09-30,2008-06-30,2008-03-31,2007-12-31,2007-09-30,2007-06-30,2007-03-31,2006-12-31,2006-09-30,2006-06-30,2006-03-31,2005-12-31,2005-09-30,2005-06-30,2005-03-31,2004-12-31,2004-09-30,2004-06-30,2004-03-31,2003-12-31
filing_date,2023-10-27,2023-07-28,2023-05-05,2023-02-17,2022-11-04,2022-07-29,2022-05-06,2022-02-18,2021-10-29,2021-07-30,2021-05-07,2021-02-19,2020-10-30,2020-07-31,2020-05-08,2020-02-14,2019-11-01,2019-08-02,2019-05-10,2019-02-15,2018-11-02,2018-08-03,2018-05-04,2018-02-23,2017-11-03,2017-08-04,2017-05-05,2017-03-03,2016-11-09,2016-08-05,2016-05-06,2016-02-26,2015-11-06,2015-07-31,2015-05-01,2015-02-13,2014-11-07,2014-08-01,2014-05-01,2014-02-14,2013-11-08,2013-08-02,2013-05-03,2013-02-15,2012-11-02,2012-08-03,2012-05-04,2012-03-02,2011-11-04,2011-08-05,2011-05-06,2011-03-04,2010-11-05,2010-08-06,2010-05-07,2010-03-09,2009-11-06,2009-08-07,2009-05-11,2009-03-09,2008-11-10,2008-08-08,2008-05-08,2008-03-05,2007-11-09,2007-08-07,2007-05-07,2007-02-28,2006-11-08,2006-08-09,2006-05-09,2006-03-15,2005-11-09,2005-08-09,2005-05-13,2005-03-31,2004-11-12,2004-08-03,2004-05-13,
currency_symbol,USD,USD,USD,USD,USD,USD,USD,USD,USD,USD,USD,USD,USD,USD,USD,USD,USD,USD,USD,USD,USD,USD,USD,USD,USD,USD,USD,USD,USD,USD,USD,USD,USD,USD,USD,USD,USD,USD,USD,USD,USD,USD,USD,USD,USD,USD,USD,USD,USD,USD,USD,USD,USD,USD,USD,USD,USD,USD,USD,USD,USD,USD,USD,USD,USD,USD,USD,USD,USD,USD,USD,USD,USD,USD,USD,USD,USD,USD,USD,USD
totalAssets,15902689000.00,16157627000.00,16588224000.00,17038985000.00,17762129000.00,17579590000.00,16308906000.00,15073845000.00,12169584000.00,9060800000.00,8130859000.00,7660986000.00,6689218000.00,6390124000.00,6934650000.00,6239160000.00,5395634000.00,5601730000.00,4597725000.00,4612175000.00,4534260000.00,4204320000.00,3748768000.00,3625945000.00,3058177862.00,2935445368.00,2914427834.00,2970786246.00,2650220728.00,1916746481.00,1872420460.00,1827391944.00,1847430495.00,1833045973.00,1901690415.00,1880422590.00,1917155437.00,1902972869.00,1900310225.00,1877472482.00,1976560005.00,1933342583.00,1856950128.00,1701881280.00,1666978182.00,1690969525.00,1753500765.00,1776714330.00,1749448086.00,1763634233.00,1766684286.00,1731207928.00,1798000000.00,1821517810.00,1946563701.00,2060774772.00,2191883597.00,2302770048.00,2495754371.00,2579236489.00,2768697205.00,2902069766.00,2822290232.00,2901493534.00,2931272757.00,2921308320.00,2500892065.00,2204345211.00,1817013838.00,1662820528.00,1597557160.00,1396075357.00,1234819116.00,1205872607.00,1053956113.00,912295177.00,877981908.00,743274328.00,549413662.00,338164000.00
intangibleAssets,392203000.00,394410000.00,396634000.00,401471000.00,403886000.00,411534000.00,422036000.00,422734000.00,417283000.00,418653000.00,406980000.00,379974000.00,335235000.00,313288000.00,288954000.00,286420000.00,283688000.00,276648000.00,277639000.00,273770000.00,259401000.00,257021000.00,255732000.00,252608000.00,247875659.00,243083459.00,238931168.00,227742986.00,224297210.00,0.00,0.00,0.00,0.00,0.00,0.00,0.00,0.00,0.00,0.00,0.00,0.00,0.00,0.00,0.00,0.00,0.00,0.00,0.00,0.00,0.00,,,,,,,,,,,,,,,,,,,,,,,,,,,,,,
earningAssets,,,,,,,,,,,,,,,,,,,,,,,,,,,,,,,,,,,,,,,,,,,,,,,,,,,,,,,,,,,,,,,,,,,,,,,,,,,,,,,,
otherCurrentAssets,,,,,1466407000.00,1306887000.00,854049000.00,-84318000.00,-12664000.00,-11084000.00,240523000.00,-12449000.00,741401000.00,455219000.00,1295763000.00,5818122000.00,-5011000.00,-16986000.00,-1975000.00,-1287000.00,-97505000.00,-10162000.00,-3719000.00,-688000.00,-12613313.00,-5628805.00,-37030187.00,-1464732.00,-493412.00,-781782.00,28154683.00,586938.00,16976936.00,8741947.00,-10995.00,14345218.00,25802275.00,-358110.00,11163350.00,11379618.00,11487320.00,-25283.00,-458876.00,-24094.00,-363808.00,3657984.00,45576567.00,65704490.00,47085781.00,43692326.00,19048000.00,19048000.00,19048000.00,19048000.00,19048000.00,19048000.00,,,,,,,,,,,,,,,,,,,,,,,,
totalLiab,12662188000.00,12997986000.00,13430767000.00,13967106000.00,14808123000.00,14666594000.00,13536858000.00,12523861000.00,10034177000.00,7104033000.00,6460167000.00,6178301000.00,5365982000.00,5132348000.00,5708600000.00,4883133000.00,4197238000.00,4415752000.00,3520342000.00,3546609000.00,3567788000.00,3260808000.00,2860898000.00,2761389000.00,2212434653.00,2097463770.00,2154761951.00,2223748318.00,1924789186.00,1351073266.00,1311065949.00,1262301169.00,1281766484.00,1276823533.00,1350764213.00,1344967119.00,1382989035.00,1426381550.00,1432419929.00,1439876200.00,1538808285.00,1536118513.00,1493561108.00,1470620158.00,1454654049.00,1478576929.00,1572920385.00,1603653797.00,1551777935.00,1556574584.00,1547122455.00,1524792685.00,1563400000.00,1578443771.00,1843064999.00,1962140802.00,1968936188.00,2030828226.00,2209301930.00,2298241821.00,2309923896.00,2432890780.00,2386880349.00,2433376191.00,2441832729.00,2429478592.00,2129601561.00,1842765882.00,1463339824.00,1296901286.00,1235343086.00,1044775284.00,883200313.00,858696083.00,723690229.00,589292273.00,582061920.00,455010791.00,394567669.00,183417000.00
totalStockholderEquity,3104785000.00,3023708000.00,3021506000.00,2936996000.00,2820839000.00,2779477000.00,2638785000.00,2418122000.00,2008873000.00,1832858000.00,1528431000.00,1344371000.00,1193037000.00,1105906000.00,1076178000.00,1184610000.00,1028014000.00,1017019000.00,909243000.00,895238000.00,797313000.00,769999000.00,714606000.00,695825000.00,680501908.00,674579943.00,596936316.00,587140735.00,570619035.00,565673215.00,561354511.00,565090775.00,565664011.00,556222440.00,550926202.00,535455471.00,534166402.00,476591319.00,467890296.00,437596282.00,436787642.00,395288632.00,361453763.00,229329349.00,210392352.00,210459835.00,178647618.00,171126405.00,195736016.00,205124578.00,217626942.00,204415381.00,234600000.00,241135000.00,101559276.00,96693606.00,220949249.00,270002356.00,284570267.00,281005649.00,458951142.00,469178986.00,367879894.00,395263085.00,413077142.00,414231249.00,304453048.00,296111077.00,289524411.00,300164571.00,296620636.00,287608517.00,287802298.00,283709184.00,269483751.00,262753173.00,247344723.00,239547000.00,111218807.00,111116000.00
deferredLongTermLiab,,,,,,,,,,,,,,,,,,,,,0.00,0.00,0.00,0.00,0.00,0.00,0.00,0.00,0.00,0.00,0.00,0.00,0.00,0.00,0.00,0.00,0.00,77123133.00,77123133.00,77123133.00,77123133.00,77123133.00,77123133.00,77123133.00,0.00,0.00,0.00,0.00,77123133.00,77123133.00,,,,,,,,,,,,,,,,,,,,,,,,,,,,,,
otherCurrentLiab,-517759000.00,-543048000.00,-3650876000.00,-3841814000.00,-706528000.00,-436736000.00,-585748000.00,-3758700000.00,,,,,,,-1495405000.00,-1324824000.00,-1038848000.00,-1300086000.00,-719842000.00,-812221000.00,-865514000.00,-621504000.00,-342263000.00,-229573000.00,-262426537.00,-221415453.00,-575876736.00,-622136790.00,-143060399.00,-212071941.00,-136926292.00,-81752135.00,-68463494.00,-272337195.00,-350375374.00,-128486200.00,-16106110.00,111696000.00,-76986533000.00,140800000.00,-76903733000.00,-76905233000.00,-76902233000.00,-76891333000.00,212991292.00,161141466.00,125115446.00,5637292.00,66133973.00,73495944.00,-76964433000.00,166063014.00,-76942533000.00,-77091073760.00,-77308513196.00,-77356989835.00,-77385315493.00,-77439504704.00,-77436644121.00,-76878033000.00,-76960133000.00,-76971533000.00,-76873933000.00,-76885133000.00,-76896033000.00,-76866633000.00,117400000.00,103300000.00,80264336.00,79373398.00,85000000.00,94200000.00,85300000.00,93200000.00,79200000.00,74600000.00,69200000.00,78000000.00,,
commonStock,1885000.00,1831000.00,1838000.00,1782000.00,1715000.00,1685000.00,1602000.00,1514000.00,1430000.00,1417000.00,1337000.00,1232000.00,1159000.00,1122000.00,1106000.00,1097000.00,948000.00,942000.00,860000.00,840000.00,757000.00,686000.00,625000.00,617000.00,617026.00,613499.00,518502.00,514013.00,514013.00,513814.00,513814.00,509625.00,536132.00,536132.00,535937.00,531280.00,531280.00,531280.00,527870.00,517870.00,517870.00,457877.00,457178.00,339000.00,304000.00,304000.00,268037.00,267787.00,265287.00,264237.00,264237.00,257568.00,300000.00,257568.00,256668.00,256668.00,256668.00,256668.00,254218.00,254218.00,254316.00,250171.00,208855.00,207987.00,207367.00,204667.00,175098.00,173888.00,173235.00,172679.00,171128.00,170514.00,170295.00,168792.00,167411.00,164672.00,160225.00,154715.00,81996.00,82000.00
capitalStock,635569000.00,635515000.00,635522000.00,635466000.00,635399000.00,635369000.00,635336000.00,557677000.00,363065000.00,224044000.00,,,,,,,,,,,,,,,,,,,,,,,,,,,,,,,,,,,,,,,,,,,,,,,,,,,,,,,,,,,,,,,,,,,,,,
retainedEarnings,104821000.00,107561000.00,107697000.00,97049000.00,79531000.00,83271000.00,75828000.00,62532000.00,10674000.00,-12084000.00,-35498000.00,-63442000.00,-120539000.00,-167165000.00,-177589000.00,-60920000.00,-65790000.00,-72321000.00,-74589000.00,-74133000.00,-78316000.00,-87128000.00,-88528000.00,-101926000.00,-112069714.00,-117379709.00,-118263597.00,-125134403.00,-137441120.00,-140103326.00,-142631782.00,-136118001.00,-133491962.00,-141187730.00,-144038797.00,-152483322.00,-150966676.00,-207803092.00,-212748410.00,-212231319.00,-209207115.00,-207260372.00,-205076703.00,-207558257.00,-203849948.00,-203130388.00,-216857715.00,-221015880.00,-193230327.00,-190784443.00,-180426093.00,-180689667.00,-139500000.00,-138130776.00,-267215160.00,-293585378.00,-159892614.00,-115754033.00,-67197038.00,-62939722.00,51338745.00,64362458.00,65591339.00,65665951.00,63050138.00,54997135.00,34157839.00,27732489.00,23262914.00,22281046.00,24871061.00,21452789.00,23177398.00,24418388.00,10761064.00,8813138.00,258703.00,-338428.00,-703373.00,
otherLiab,,,,,363023000.00,344267000.00,264466000.00,339824000.00,322347000.00,287369000.00,194962000.00,264312000.00,181072000.00,228302000.00,179384000.00,161015000.00,151654000.00,132058000.00,122635000.00,152346000.00,131507000.00,115192000.00,110236000.00,230153000.00,203990000.00,207883000.00,192382000.00,205630000.00,183998000.00,79660000.00,89032000.00,89112000.00,105160000.00,87151000.00,77594000.00,84960000.00,86531000.00,150898000.00,169270000.00,161086000.00,164633000.00,162182000.00,165177000.00,176029000.00,180932000.00,175355000.00,156816000.00,165274000.00,164562000.00,158819000.00,156757000.00,181495000.00,181905000.00,176229000.00,184866000.00,182822000.00,170204000.00,170040000.00,227677000.00,245095000.00,163204000.00,151603000.00,181697000.00,165214000.00,150764000.00,178914000.00,50570000.00,37854000.00,36902000.00,28707000.00,19482000.00,30483000.00,21544000.00,29695000.00,18356000.00,14411000.00,12022000.00,22781000.00,13000000.00,10888000.00
goodWill,92551000.00,93723000.00,94896000.00,96069000.00,97242000.00,98414000.00,99587000.00,100760000.00,101933000.00,103106000.00,104278000.00,105451000.00,106716000.00,108040000.00,109371000.00,110700000.00,112026000.00,113364000.00,114764000.00,116165000.00,117565000.00,118965000.00,120366000.00,121766000.00,123166816.00,119688979.00,96089432.00,97489884.00,99932986.00,0.00,0.00,0.00,0.00,0.00,0.00,0.00,0.00,0.00,0.00,0.00,0.00,0.00,0.00,0.00,0.00,0.00,0.00,0.00,0.00,0.00,,,,,,,,,,,,,,,,,,,,,,,,,,,,,,
otherAssets,14914840000.00,15217542000.00,15090621000.00,17024099900.00,17746850681.00,17564317293.00,1880222000.00,2587457000.00,11686921000.00,8742036000.00,7766353000.00,7216007000.00,6390298000.00,5897902000.00,6602949000.00,137573000.00,120706000.00,119235000.00,291865000.00,94419000.00,92938000.00,84626000.00,83170000.00,504915000.00,492852000.00,475597000.00,444329000.00,432262000.00,744749000.00,85523000.00,125106000.00,131966000.00,166008000.00,155664000.00,158922000.00,152393000.00,173162000.00,176370000.00,176282000.00,219275000.00,233691000.00,296843000.00,299491000.00,285418000.00,293964000.00,304987000.00,345549000.00,332006000.00,305997000.00,305919000.00,-69947812970.00,-1729476720072.00,-27251885000.00,-21426903323.00,-90179981566.00,-2058713997228.00,-25323170364.00,-27496965755.00,-12155862021.00,-2576657252511.00,-24150569004.00,-53768463020.00,-22245061960.00,-2898592040466.00,-11752198634.00,-7069521304.00,-5634512968.00,-2202140865789.00,-30735896017.00,1609725979.00,-31571719580.00,-1394679281643.00,1135681098.00,1026798506.00,924431045.00,-911382881823.00,753097344.00,628942213.00,429627220.00,332048000.00
cash,895298000.00,846362000.00,774544000.00,534357000.00,389651000.00,341991000.00,350814000.00,404580000.00,380730000.00,215658000.00,260228000.00,339528000.00,192204000.00,384182000.00,222330000.00,299687000.00,135285000.00,198917000.00,124505000.00,160063000.00,92598000.00,106968000.00,102548000.00,104374000.00,84751397.00,80759389.00,104843232.00,138645430.00,71613974.00,160177704.00,145132766.00,188708687.00,115612829.00,130063658.00,105434483.00,50417745.00,72874163.00,47813740.00,32704172.00,60389552.00,64658561.00,50712074.00,77964567.00,29188889.00,40848637.00,64281810.00,53455266.00,55236479.00,59352275.00,42396026.00,67144569.00,101124564.00,26300000.00,22123807.00,56093924.00,64624275.00,27264044.00,29517467.00,14212369.00,832041.00,22860628.00,46195338.00,12961360.00,22219541.00,14405394.00,9946584.00,8106495.00,7756857.00,8508391.00,6386148.00,5786181.00,19427309.00,15283852.00,103107951.00,29271330.00,6401701.00,16650785.00,6166645.00,5329340.00,6115000.00
cashAndEquivalents,895298000.00,846362000.00,774544000.00,534357000.00,389651000.00,341991000.00,350814000.00,404580000.00,380730000.00,215658000.00,,,,,,,,,,,,,,,,,,,,,,,,,,,,,,,,,,,,,,,,,,,,,,,,,,,,,,,,,,,,,,,,,,,,,,
totalCurrentLiabilities,517759000.00,543048000.00,3650876000.00,3841814000.00,706528000.00,436736000.00,585748000.00,722879000.00,652958000.00,465450000.00,549734000.00,2234883000.00,1449940000.00,1235613000.00,351068000.00,353464000.00,346916000.00,321592000.00,312653000.00,323406000.00,304072000.00,289000000.00,283800000.00,299000000.00,299900000.00,284400000.00,279200000.00,284500000.00,288000000.00,47100000.00,47000000.00,54500000.00,54000000.00,50400000.00,47600000.00,51900000.00,55200000.00,133900000.00,136600000.00,140800000.00,219400000.00,217900000.00,220900000.00,231800000.00,236600000.00,231000000.00,212500000.00,167200000.00,166500000.00,160700000.00,158700000.00,183500000.00,183800000.00,178200000.00,186800000.00,184800000.00,172200000.00,172000000.00,229600000.00,245100000.00,163000000.00,151600000.00,249200000.00,238000000.00,227100000.00,256500000.00,117400000.00,103300000.00,101100000.00,94500000.00,85000000.00,94200000.00,85300000.00,93200000.00,79200000.00,74600000.00,69200000.00,78000000.00,,
currentDeferredRevenue,,,,,,,,,,,,,,,,,,,,,,,,,,,,,,,,,,,,,,77123133000.00,77123133000.00,,77123133000.00,77123133000.00,77123133000.00,77123133000.00,77123133000.00,77123133000.00,77123133000.00,77123133000.00,77123133000.00,77123133000.00,77123133000.00,77123133000.00,77123133000.00,77123133000.00,77123133000.00,77123133000.00,77123133000.00,77123133000.00,77123133000.00,77123133000.00,77123133000.00,77123133000.00,77123133000.00,77123133000.00,77123133000.00,77123133000.00,,,,,,,,,,,,,,
netDebt,8500804000.00,8621908000.00,12219071000.00,12966205000.00,10061373000.00,9751622000.00,9021246000.00,11652121000.00,6490803000.00,4982884000.00,4177852000.00,5485136000.00,4844233000.00,4434251000.00,5203627000.00,4322251000.00,3802968000.00,3971906000.00,3174928000.00,3154806000.00,3263271000.00,2960133000.00,2579956000.00,2426862000.00,1923693544.00,1808821069.00,1857536527.00,1879472628.00,1669176797.00,1111235170.00,1076900974.00,984480233.00,1060993187.00,1059609731.00,1167735093.00,1209591223.00,1223584166.00,1227670149.00,982240065.00,1059275860.00,1150934642.00,1222127214.00,1201015071.00,1134739813.00,1151958022.00,1128043340.00,1364575513.00,1383144094.00,1327863873.00,1357105100.00,1322474068.00,170329382.00,1353300000.00,1378245546.00,1599949961.00,1712037537.00,1768159867.00,1826882812.00,1921264275.00,1991587396.00,1972184027.00,2036337094.00,2007095690.00,2001004797.00,1540118361.00,1571163174.00,1499473865.00,1417375678.00,972465297.00,1007038289.00,914537234.00,581240068.00,459054553.00,427700913.00,385988670.00,167956816.00,185106130.00,141412019.00,126963101.00,
shortTermDebt,517759000.00,543048000.00,3650876000.00,3841814000.00,706528000.00,436736000.00,585748000.00,4481579000.00,652958000.00,465450000.00,549734000.00,2234883000.00,1449940000.00,1235613000.00,1846473000.00,1678288000.00,1385764000.00,1621678000.00,1032495000.00,1135627000.00,1169586000.00,910504000.00,626063000.00,528573000.00,562326537.00,505815453.00,855076736.00,906636790.00,431060399.00,259171941.00,183926292.00,136252135.00,122463494.00,322737195.00,397975374.00,180386200.00,71306110.00,22204000.00,248206026.00,159125023.00,158582338.00,101097436.00,49403813.00,130661619.00,-77123133000.00,69858534.00,193750554.00,161562708.00,100366027.00,87204056.00,,-77123133000.00,,144647708.00,370972817.00,416659206.00,433518566.00,483626353.00,542876161.00,,,,,,,,,,20835664.00,15126602.00,,,,,,,,,,
shortLongTermDebt,517759000.00,543048000.00,3650876000.00,418123000.00,706528000.00,436736000.00,585748000.00,722879000.00,652958000.00,465450000.00,549734000.00,2234883000.00,1449940000.00,1235613000.00,1846473000.00,1678288000.00,1385764000.00,1621678000.00,1032495000.00,217214000.00,165124000.00,155520000.00,177790000.00,54340000.00,117805556.00,1979329358.00,855076736.00,38704000.00,431060399.00,259171941.00,,30198315.00,,,,74025867.00,,,,,,,,,,,,,,,,,,,,,,,,,,,,,,,,,,,,,,,,,,,,
shortLongTermDebtTotal,9396102000.00,9468270000.00,12993615000.00,13500562000.00,10451024000.00,10093613000.00,9372060000.00,12056701000.00,6871533000.00,5198542000.00,4438080000.00,5824664000.00,5036437000.00,4818433000.00,5425957000.00,4621938000.00,3938253000.00,4170823000.00,3299433000.00,3314869000.00,3355869000.00,3067101000.00,2682504000.00,2531236000.00,2008444941.00,1889580458.00,1962379759.00,2018118058.00,1740790771.00,1271412874.00,1222033740.00,1173188920.00,1176606016.00,1189673389.00,1273169576.00,1260008968.00,1296458329.00,1275483889.00,1014944237.00,1119665412.00,1215593203.00,1272839288.00,1278979638.00,1163928702.00,1192806659.00,1192325150.00,1418030779.00,1438380573.00,1387216148.00,1399501126.00,1389618637.00,271453946.00,1379600000.00,1400369353.00,1656043885.00,1776661812.00,1795423911.00,1856400279.00,1935476644.00,1992419437.00,1995044655.00,2082532432.00,2020057050.00,2023224338.00,1554523755.00,1581109758.00,1507580360.00,1425132535.00,980973688.00,1013424437.00,920323415.00,600667377.00,474338405.00,530808864.00,415260000.00,174358517.00,201756915.00,147578664.00,132292441.00,
otherStockholderEquity,2998079000.00,2914316000.00,2278287000.00,2204481000.00,2105909000.00,2060837000.00,1927621000.00,1797913000.00,1635134000.00,1620898000.00,1473120000.00,1317109000.00,1222945000.00,1182449000.00,1163161000.00,1154932000.00,1003355000.00,998897000.00,893471000.00,879029000.00,785364000.00,766933000.00,713001000.00,707450000.00,702240622.00,701397021.00,624585307.00,621931995.00,619179982.00,618403101.00,617921438.00,616244196.00,615665587.00,615202274.00,614467267.00,612779858.00,612479050.00,614788753.00,613543345.00,606892329.00,606724394.00,565741671.00,565178510.00,476110306.00,456990306.00,456990306.00,439011179.00,439578543.00,441511995.00,443829013.00,443985010.00,440016797.00,443800000.00,443663021.00,443353421.00,443353421.00,443353421.00,442710170.00,440760957.00,440297825.00,439944484.00,435569373.00,365647329.00,358352775.00,352769910.00,342702825.00,270151246.00,266014383.00,264882898.00,267507331.00,265549180.00,266386267.00,266025383.00,262272544.00,258997497.00,254427982.00,247968777.00,241341916.00,112215649.00,
propertyPlantEquipment,,,,,,,,,,,1447000.00,1485000.00,2894000.00,12990000.00,13270000.00,13220000.00,13129000.00,13382000.00,14473000.00,14446000.00,14563000.00,14650000.00,16675000.00,16787000.00,17354720.00,17398560.00,18752812.00,19491805.00,19762787.00,0.00,31698213.00,60845509.00,70758676.00,71888049.00,84077726.00,84925641.00,90738137.00,120830942.00,110791226.00,111718177.00,112417656.00,124274290.00,125139264.00,124148199.00,0.00,0.00,0.00,0.00,148768296.00,151904031.00,,,,,,,,,,,,,,,,,,,,,,,,,,,,,,
totalCurrentAssets,895298000.00,846362000.00,774544000.00,14789031.00,15181077.00,15174293.00,14329097000.00,12385628000.00,380730000.00,215658000.00,260228000.00,339528000.00,192204000.00,384182000.00,222330000.00,6128460000.00,135285000.00,198917000.00,124505000.00,160063000.00,92598000.00,106968000.00,102548000.00,104374000.00,89458482.00,85861822.00,110150734.00,144048893.00,76828972.00,160618624.00,174134526.00,199399920.00,133911405.00,142128239.00,107992981.00,67299187.00,101833862.00,50619211.00,46925061.00,109182880.00,78945892.00,53223599.00,81517303.00,32741625.00,44401373.00,68146362.00,99171634.00,121597259.00,107014589.00,88082999.00,71489182000.00,104422982000.00,27357185000.00,23182596000.00,92025847000.00,64624275000.00,27381623000.00,29664440000.00,14506315000.00,832041000.00,26828906000.00,56307097000.00,24807403000.00,22219541000.00,14405394000.00,9946584000.00,8106495000.00,7756857000.00,32505399000.00,6386148.00,33141921000.00,19427309000.00,48910947.00,141091026.00,72623239.00,6401701000.00,66547966.00,60249380.00,62557891.00,
longTermInvestments,217967000.00,13984501000.00,14132116000.00,235677000.00,15577167000.00,15601778000.00,14573774000.00,13304817000.00,204581000.00,200949000.00,6881145000.00,6442585000.00,5742592000.00,5344558000.00,5758807000.00,5181819000.00,4543774000.00,4555557000.00,3664136000.00,3779752000.00,3670591000.00,3450771000.00,3048811000.00,2928060000.00,2381005790.00,2227296211.00,2254248579.00,2403048508.00,2008963875.00,1550245945.00,1645139791.00,1489873779.00,1551804769.00,1504175971.00,1631719629.00,1478726449.00,1558095084.00,1507174798.00,1590957917.00,1539857635.00,1605327323.00,1639534681.00,1503349947.00,102568222.00,,,,,1436727761.00,1435915886.00,,,,,,,,,,,,,,,,,,,,,,,,,,,,,,
netTangibleAssets,,2296301000.00,2292926000.00,2207243000.00,2089913000.00,2047379000.00,1905464000.00,1761199000.00,1545305000.00,1507125000.00,1334681000.00,1149448000.00,996849000.00,908366000.00,877307000.00,984409000.00,826487000.00,814154000.00,704978000.00,689571000.00,590240000.00,561526000.00,504732000.00,484551000.00,467826879.00,465382751.00,411338671.00,400142638.00,381177836.00,476377310.00,472058606.00,475794870.00,476368106.00,466926535.00,461630297.00,446159566.00,444870497.00,387295414.00,378594391.00,369941627.00,369132987.00,327633977.00,324138069.00,229329349.00,,,,,195736016.00,205124578.00,,,,,,,,,,,,,,,,,,,,,,,,,,,,,,
shortTermInvestments,,,,14254674.00,14791426.00,14832302.00,13978283000.00,11981048000.00,8993790000.00,,,,,,,,,,,,202736000.00,173686000.00,131659000.00,139398000.00,4707085.00,5102433.00,5307502.00,5403463.00,5214998.00,440920.00,411525.00,2022030.00,646682.00,823050.00,2558498.00,2499709.00,2529104.00,2805471.00,2776077.00,37315652.00,2746682.00,2511525.00,3552736.00,3552736.00,3552736000.00,3864552000.00,4276368000.00,4276368000.00,4276368000.00,4246973000.00,4344613000.00,3298418000.00,1088184000.00,1058789000.00,35931923000.00,27935000.00,117579000.00,146973000.00,293946000.00,93219000.00,3968278000.00,10111759000.00,11846043000.00,139136000.00,127095000.00,198550000.00,115043000.00,84772000.00,23997008000.00,,27355740000.00,35496000.00,33627095.00,37983075.00,43351909.00,,49897181.00,54082735.00,57228551.00,
netReceivables,211655000.00,73263000.00,113105000.00,77419000.00,24740000.00,53037000.00,53744000.00,84318000.00,12664000.00,11084000.00,19705000.00,12449000.00,23814000.00,8416000.00,13821000.00,10651000.00,5011000.00,16986000.00,1975000.00,1287000.00,97505000.00,10162000.00,3719000.00,688000.00,12613313.00,5628805.00,37030187.00,1464732.00,493412.00,781782.00,435552.00,8082265.00,674958.00,2499584.00,10995.00,36515.00,628320.00,358110.00,281462.00,98058.00,53329.00,25283.00,458876.00,24094.00,3916544.00,206568.00,139801.00,656290.00,576533.00,1994647.00,2149376.00,335048.00,7900000.00,22547950.00,8107875.00,15240255.00,,,15639345.00,,,,,,,,,,,,,,,,,,,,,
longTermDebt,8878343000.00,8928778000.00,9342739000.00,9658748000.00,9744496000.00,9656877000.00,8786312000.00,7575122000.00,6218575000.00,4733092000.00,3888346000.00,3589781000.00,3586497000.00,3582820000.00,3510767000.00,2875021000.00,2483961000.00,2480723000.00,2198634000.00,2111059000.00,2118184000.00,2088327000.00,1988265000.00,1884579000.00,1396118404.00,1333765005.00,1057303023.00,1061481268.00,1259730372.00,1012240933.00,278373161.00,278037124.00,286265290.00,366686194.00,374944202.00,621372768.00,679402219.00,707529889.00,750444237.00,855165412.00,951093203.00,1008339288.00,1014479638.00,1076428702.00,1182049000.00,1198689000.00,1180007000.00,1094626000.00,1372307829.00,1397754778.00,1378318000.00,1255206000.00,1378100000.00,1400370000.00,1656045000.00,1679159000.00,1798733000.00,1860789000.00,1981625000.00,1436512000.00,2146720000.00,2082532000.00,2008187000.00,1912419000.00,1524550000.00,1557345000.00,1507581000.00,1376891000.00,960139000.00,998298000.00,920324000.00,517299000.00,474338000.00,528231000.00,415260000.00,165772000.00,561379000.00,425713000.00,381568000.00,58631000.00
inventory,,,,,,,,,,,,,,,,,,,,,0.00,0.00,0.00,0.00,0.00,0.00,0.00,0.00,0.00,0.00,0.00,0.00,0.00,0.00,0.00,0.00,0.00,0.00,0.00,0.00,0.00,0.00,0.00,0.00,0.00,0.00,0.00,62084000.00,0.00,0.00,,41440000.00,,,,41440000.00,,,,,,,,,,,,,,,,,,,,,,,,
accountsPayable,,102495000.00,71762000.00,73587000.00,73036000.00,143004000.00,119608000.00,123211000.00,97928000.00,74568000.00,81661000.00,91690000.00,77106000.00,70716000.00,84550000.00,92248000.00,85621000.00,99515000.00,76657000.00,78662000.00,77544000.00,78494000.00,69416000.00,149829000.00,119357152.00,138424968.00,128228312.00,137058093.00,119407086.00,0.00,44426366.00,38057928.00,53916184.00,38686523.00,31431396.00,35625939.00,33430101.00,-77123133000.00,33797478.00,23120117.00,22911086.00,19459497.00,21673861.00,26141267.00,23608708.00,-77123133000.00,-77229499000.00,-77123133000.00,-77123133000.00,-77123133000.00,,17436986.00,3200000.00,1493052.00,1207379.00,1997629.00,863927.00,4745351.00,234960.00,,,,,,,,,,,,,,,,,,,,,
totalPermanentEquity,,,,,,,,,,,,,,,,,,,,,0.00,0.00,0.00,0.00,0.00,0.00,0.00,0.00,0.00,0.00,0.00,0.00,0.00,0.00,0.00,0.00,0.00,0.00,0.00,0.00,0.00,0.00,0.00,0.00,0.00,0.00,0.00,0.00,0.00,0.00,,,,,,,,,,,,,,,,,,,,,,,,,,,,,,
noncontrollingInterestInConsolidatedEntity,,135933000.00,135951000.00,134883000.00,133167000.00,133519000.00,133263000.00,131862000.00,126534000.00,123909000.00,142261000.00,138314000.00,130199000.00,151870000.00,149872000.00,171417000.00,170382000.00,168959000.00,168140000.00,170328000.00,169159000.00,173513000.00,173264000.00,168731000.00,165241301.00,163401655.00,162729567.00,159897193.00,154812507.00,0.00,0.00,0.00,0.00,0.00,0.00,0.00,0.00,0.00,0.00,0.00,964078.00,1935438.00,1935257.00,1931773.00,0.00,0.00,0.00,0.00,1934135.00,1935071.00,,,,,,,,,,,,,,,,,,,,,,,,,,,,,,
temporaryEquityRedeemableNoncontrollingInterests,,,,,,,,,,,,,,,,,,,,,0.00,0.00,0.00,0.00,0.00,0.00,0.00,0.00,0.00,0.00,0.00,0.00,0.00,0.00,0.00,0.00,0.00,0.00,0.00,0.00,0.00,0.00,0.00,0.00,0.00,0.00,0.00,0.00,0.00,0.00,,,,,,,,,,,,,,,,,,,,,,,,,,,,,,
accumulatedOtherComprehensiveIncome,-633684000.00,-633684000.00,,,,,,,,,,,,,,,,,,,176000.00,176000.00,176000.00,176000.00,205761.00,440919.00,587891.00,320917.00,-1142053.00,-2436279.00,-3744864.00,-4840950.00,-6341651.00,-7624141.00,-9334110.00,-14668250.00,-17173157.00,-20221527.00,-22728414.00,-25237253.00,-28902162.00,-31305199.00,-36420916.00,-39561700.00,-43052006.00,-43704083.00,-43773883.00,-47704045.00,-52810939.00,-48184229.00,-46196212.00,-55169317.00,-70000000.00,-64654813.00,-74835653.00,-53331105.00,-62768226.00,-57210449.00,-89247870.00,-96606672.00,-32586403.00,-31003016.00,-63605390.00,-29001389.00,-2988034.00,16288861.00,-68896.00,2152556.00,1167603.00,10165754.00,5991506.00,-438814.00,-1608539.00,-3188301.00,-479982.00,-690380.00,-1074449.00,-1642670.00,-406932.00,
additionalPaidInCapital,,,,,,,,,,,,,,,,,,,,,785364000.00,766933000.00,713001000.00,707450000.00,702240622.00,701397021.00,624585307.00,621931995.00,619179982.00,0.00,0.00,0.00,0.00,0.00,0.00,0.00,0.00,0.00,0.00,0.00,0.00,0.00,0.00,0.00,0.00,0.00,0.00,0.00,0.00,0.00,,,,,,,,,,,,,,,,,,,,,,,,,,,,,,
commonStockTotalEquity,,1831000.00,1838000.00,1782000.00,1715000.00,1685000.00,1602000.00,1514000.00,1430000.00,1417000.00,1337000.00,1232000.00,1159000.00,1122000.00,1106000.00,1097000.00,948000.00,942000.00,860000.00,840000.00,757000.00,686000.00,625000.00,617000.00,617026.00,613499.00,518502.00,514013.00,514013.00,513814.00,513814.00,509625.00,536132.00,536132.00,535937.00,531280.00,531280.00,531280.00,527870.00,517870.00,517870.00,457877.00,457178.00,339000.00,304000.00,304000.00,268037.00,267787.00,265287.00,264237.00,264237.00,257568.00,300000.00,257568.00,256668.00,256668.00,256668.00,256668.00,254218.00,254218.00,254316.00,250171.00,208855.00,207987.00,207367.00,204667.00,175098.00,173888.00,173235.00,172679.00,171128.00,170514.00,170295.00,168792.00,167411.00,164672.00,160225.00,154715.00,81996.00,
preferredStockTotalEquity,,633684000.00,633684000.00,633684000.00,633684000.00,633684000.00,633734000.00,556163000.00,361635000.00,222627000.00,89472000.00,89472000.00,89472000.00,89500000.00,89500000.00,89501000.00,89501000.00,89501000.00,89501000.00,89502000.00,89508000.00,89508000.00,89508000.00,89508000.00,89508213.00,89508213.00,89508213.00,89508213.00,89508213.00,89296000.00,89295905.00,89295905.00,89295905.00,89295905.00,89295905.00,89295905.00,89295905.00,89295905.00,89295905.00,67654655.00,67654655.00,67654655.00,37315694.00,0.00,0.00,0.00,0.00,0.00,0.00,0.00,,,,,,,,,,,,,38000.00,38000.00,38000.00,38000.00,38000.00,38000.00,38000.00,38000.00,38000.00,38000.00,38000.00,38000.00,38000.00,38000.00,31000.00,31000.00,31000.00,31000.00
retainedEarningsTotalEquity,,107561000.00,107697000.00,97049000.00,79531000.00,83271000.00,75828000.00,62532000.00,10674000.00,-12084000.00,-35498000.00,-63442000.00,-120539000.00,-167165000.00,-177589000.00,-60920000.00,-65790000.00,-72321000.00,-74589000.00,-74133000.00,-78316000.00,-87128000.00,-88528000.00,-101926000.00,-112069714.00,-117379709.00,-118263597.00,-125134403.00,-137441120.00,-140103326.00,-142631782.00,-136118001.00,-133491962.00,-141187730.00,-144038797.00,-152483322.00,-150966676.00,-207803092.00,-212748410.00,-212231319.00,-209207115.00,-207260372.00,-205076703.00,-207558257.00,0.00,0.00,0.00,0.00,-193230327.00,-190784443.00,,,,,,,,,,,,,,,,,,,,,,,,,,,,,,
treasuryStock,,,,,,,,,,,,,,,,,,,,,0.00,0.00,0.00,0.00,0.00,0.00,0.00,0.00,0.00,0.00,0.00,0.00,-17100916.00,-17100916.00,-17100916.00,-17100916.00,-17100916.00,-17100916.00,-17100916.00,-17100916.00,-17100916.00,-17100916.00,-17100916.00,-17100916.00,-17101000.00,-17101000.00,-17101000.00,-16416000.00,-13627700.00,-10825582.00,-10670000.00,-10670000.00,-7023000.00,-7023000.00,-7023000.00,-7023000.00,-7023000.00,-7023000.00,-7023000.00,-7023000.00,-7023000.00,-7023000.00,-7023000.00,-7023000.00,-7023000.00,-7023000.00,-7023000.00,-7023000.00,-6276000.00,,,,,,,,,,,
accumulatedAmortization,,,,,,,,,,,,,,,,,,,,,,,,,,,,,,,,,,,,,,,,,,,,,,,,,,,,,,,,,,,,,,,,,,,,,,,,,,,,,,,,
nonCurrrentAssetsOther,-610170000.00,-622426000.00,-723059000.00,-733120931.00,-742895758.00,-760390586.00,-680568000.00,-652894000.00,-621864000.00,-619602000.00,-604246000.00,-549772000.00,-535817000.00,-497298000.00,-418061000.00,-416919000.00,4732756000.00,4895625000.00,3966337000.00,3964234000.00,3992075000.00,3646880000.00,3209733000.00,3095707000.00,2542787991.00,2440632345.00,2422662587.00,2462152167.00,2201984224.00,1717037683.00,1662946823.00,1595099759.00,1685043661.00,1665726305.00,1769954998.00,1805754628.00,1807769969.00,1844960080.00,1845928781.00,1726293644.00,1847188162.00,1770640031.00,1656450572.00,1563018697.00,1381322078.00,1367742115.00,1396975434.00,1432050919.00,1425739558.00,1453610779.00,-225315256.00,1626715808697.00,-1592800000.00,-65825133.00,-100698267.00,1996024535059.00,-133430961.00,-135295803.00,-145301392.00,2578269884601.00,-90360209.00,-363435786.00,-259949192.00,2879008318108.00,-278077391.00,-44245624.00,-28910033.00,2196516439920.00,-47510855.00,-46708401.00,-27355740.00,1376618432580.00,-50227071.00,-37983075.00,-56901829.00,905841638675.00,-58336598.00,-54082735.00,-57228551.00,
deferredLongTermAssetCharges,,,,,,,,,,,,,,,,,,,,,,,,,,,,,,,,,,,,,,,,,,,,,,,,,,,,,,,,,,,,,,,,,,,,,,,,,,,,,,,,
nonCurrentAssetsTotal,92551000.00,93723000.00,723059000.00,96069.00,97242.00,98414.00,99587000.00,100760000.00,101933000.00,103106000.00,104278000.00,105451000.00,106716000.00,108040000.00,109371000.00,110700000.00,5260349000.00,5402813000.00,4473220000.00,4452112000.00,4441662000.00,4097352000.00,3646220000.00,3521571000.00,2968719380.00,2849583546.00,2804277100.00,2826737353.00,2573391756.00,1756127857.00,1698285934.00,1627992024.00,1713519090.00,1690917734.00,1793697434.00,1813123403.00,1815321575.00,1852353658.00,1853385164.00,1768289602.00,1897614113.00,1880118984.00,1775432825.00,1669139655.00,1622576809.00,1622823163.00,1654329131.00,1655117071.00,1642433497.00,1675551234.00,225315256.00,1626784946000.00,1692700000.00,65825133.00,100698267.00,1996150497000.00,133430961.00,135295803.00,145301392.00,2578404448000.00,90360209.00,363435786.00,259949192.00,2879273993000.00,278077391.00,44245624.00,28910033.00,2196588354000.00,47510855.00,46708401.00,27355740.00,1376648048000.00,50227071.00,37983075.00,56901829.00,905893476000.00,58336598.00,54082735.00,57228551.00,
capitalLeaseObligations,,,,,,,,,,,,,,,,,,,,,,,,,,,,,,,,,,,,,,,,,,,,,,,,,,,,,,,,,,,,,,,,,,,,,,,,,,,,,,,,
longTermDebtTotal,12269784000.00,8928778000.00,9342739000.00,9658748000.00,9744496000.00,9656877000.00,8786312000.00,7575122000.00,6218575000.00,4733092000.00,3888346000.00,3589781000.00,3586497000.00,3582820000.00,3510767000.00,2875021000.00,2483961000.00,2480723000.00,2198634000.00,2111059000.00,2118184000.00,2088327000.00,1988265000.00,1884579000.00,1396118404.00,1333765005.00,1057303023.00,1061481268.00,1259730372.00,1012240933.00,278373161.00,278037124.00,286265290.00,366686194.00,374944202.00,621372768.00,679402219.00,707529889.00,750444237.00,855165412.00,951093203.00,1008339288.00,1014479638.00,1076428702.00,,,,,1372307829.00,1397754778.00,,,,,,,,,,,,,,,,,,,,,,,,,,,,,,
nonCurrentLiabilitiesOther,,387633000.00,365390000.00,392957000.00,357459000.00,317253000.00,328119000.00,343949000.00,317963000.00,281185000.00,275264000.00,261947000.00,252439000.00,243199000.00,266810000.00,237576000.00,241892000.00,213836000.00,212556000.00,221261000.00,202474000.00,183483000.00,177154000.00,198408000.00,134632560.00,119458344.00,114153880.00,118572167.00,114591329.00,44932044.00,804340130.00,809953982.00,819121516.00,548713621.00,546413241.00,507582212.00,598850605.00,600877961.00,322849055.00,325342515.00,329098525.00,330099159.00,330880663.00,160265437.00,,,,,81197998.00,78367295.00,,,,,,,,,,,,,,,,,,,,,,,,,,,,,,
nonCurrentLiabilitiesTotal,282428000.00,281737000.00,3650876000.00,280356.00,346040.00,263126.00,262483000.00,7575122000.00,6218575000.00,4733092000.00,3888346000.00,3589781000.00,3586497000.00,3582820000.00,5507404000.00,4701086000.00,4020704000.00,4263119000.00,3375829000.00,3393531000.00,3432875000.00,3145300000.00,2750400000.00,2631100000.00,2077800000.00,1976500000.00,2038300000.00,2099100000.00,1791600000.00,1304000000.00,1264100000.00,1207800000.00,1227800000.00,1226400000.00,1303200000.00,1279100000.00,1327800000.00,1292500000.00,1295800000.00,1299100000.00,1320400000.00,1320200000.00,1274600000.00,1240800000.00,1220000000.00,1249500000.00,1362400000.00,1438400000.00,1387200000.00,1397800000.00,1390400000.00,1343300000.00,1379600000.00,1402200000.00,1658200000.00,1779300000.00,1798700000.00,1860800000.00,1981600000.00,2053100000.00,2146700000.00,2281300000.00,2205200000.00,2268200000.00,2291100000.00,2250600000.00,2079000000.00,1804900000.00,1426400000.00,1268200000.00,1215900000.00,1014300000.00,861700000.00,829000000.00,705300000.00,574900000.00,561400000.00,425700000.00,132292441.00,
negativeGoodwill,,,,,,,,,,,,,,,,,,,,,,,,,,,,,,,,,,,,,,,,,,,,,,,,,,,,,,,,,,,,,,,,,,,,,,,,,,,,,,,,
warrants,,,,,,,,,,,,,,,,,,,,,,,,,,,,,,,,,,,,,,,,,,,,,,,,,,,,,,,,,,,,,,,,,,,,,,,,,,,,,,,,
preferredStockRedeemable,,,,,,,,,,,,,,,,,,,,,,,,,,,,,,,,,,,,,,,,,,,,,,,,,,,,,,,,,,,,,,,,,,,,,,,,,,,,,,,,
capitalSurpluse,2364395000.00,2280632000.00,2278287000.00,2204481000.00,2105909000.00,2060837000.00,1927621000.00,1797913000.00,1635134000.00,1620898000.00,1473120000.00,1317109000.00,1222945000.00,1182449000.00,1163161000.00,1154932000.00,1003355000.00,998897000.00,893471000.00,879029000.00,785364000.00,766933000.00,713001000.00,707450000.00,702240622.00,701397021.00,624585307.00,621931995.00,619179982.00,618403101.00,617921438.00,616244196.00,632766503.00,632303190.00,631568183.00,629880774.00,629579966.00,631889669.00,630644261.00,623993245.00,623825310.00,582842587.00,582279426.00,493211222.00,,,,,455139695.00,454654595.00,,,,,,,,,,,,,,,,,,,,,,,,,,,,,,
liabilitiesAndStockholdersEquity,15902689000.00,16157627000.00,16588224000.00,17038985000.00,17762129000.00,17579590000.00,16308906000.00,15073845000.00,12169584000.00,9060800000.00,8130859000.00,7660986000.00,6689218000.00,6390124000.00,6934650000.00,6239160000.00,5395634000.00,5601730000.00,4597725000.00,4612175000.00,4534260000.00,4204320000.00,3748768000.00,3625945000.00,3058177862.00,2935445368.00,2914427834.00,2970786246.00,2650220728.00,1916746481.00,1872420460.00,1827391944.00,1847430495.00,1833045973.00,1901690415.00,1880422590.00,1917155437.00,1902972869.00,1900310225.00,1877472482.00,1976560005.00,1933342583.00,1856950128.00,1701881280.00,1666978182.00,1690969525.00,1753500765.00,1776714330.00,1749448086.00,1763634233.00,1766684286.00,1731207928.00,1798000000.00,1821517810.00,1946563701.00,2060774772.00,2191883597.00,2302770048.00,2495754371.00,2579236489.00,2768697205.00,2902069766.00,2822290232.00,2901493534.00,2931272757.00,2921308320.00,2500892065.00,2204345211.00,1817013838.00,1662820528.00,1597557160.00,1396075357.00,1234819116.00,1205872607.00,1053956113.00,912295177.00,877981908.00,743274328.00,549413662.00,
cashAndShortTermInvestments,895298000.00,846362000.00,774544000.00,14789031.00,15181077.00,15174293.00,14329097000.00,12385628000.00,380730000.00,215658000.00,260228000.00,339528000.00,192204000.00,384182000.00,222330000.00,299687000.00,135285000.00,198917000.00,124505000.00,160063000.00,92598000.00,106968000.00,102548000.00,104374000.00,89458482.00,85861822.00,110150734.00,144048893.00,76828972.00,160618624.00,145544291.00,190730717.00,116259511.00,130886708.00,107992981.00,52917454.00,75403267.00,50619211.00,35480249.00,97705204.00,67405243.00,53223599.00,81517303.00,32741625.00,40848637.00,64281810.00,53455266.00,55236479.00,59352275.00,42396026.00,67144569.00,101124564.00,26300000.00,22123807.00,56093924.00,64624275.00,27264044.00,29517467.00,14212369.00,832041.00,22860628.00,46195338.00,12961360.00,22219541.00,14405394.00,9946584.00,8106495.00,7756857.00,8508391.00,6386148.00,5786181.00,19427309.00,15283852.00,103107951.00,29271330.00,6401701.00,16650785.00,6166645.00,5329340.00,
propertyPlantAndEquipmentGross,,,,,,,,,,,,,,,,,,,,,,,,,,,,,,,,,,,,,,,,,,,,,126460580.00,127077250.00,127909166.00,128397612.00,148768296.00,151904031.00,155181192.00,,23100000.00,,,,,,46478994.00,46478994.00,,46891971.00,,,,,,,,,,,,,,,,,,
propertyPlantAndEquipmentNet,,,,,,,,,,,,,,,,,,,,,,,,,,,,,,,,,,,,,,,,,,,,,126460580.00,127077250.00,127909166.00,128397612.00,148768296.00,151904031.00,155181192.00,,23100000.00,,,,,,,46478994.00,,46891971.00,,,,,,,,,,,,,,,,,,
accumulatedDepreciation,,,,,,,,,,,,,,,,,,,,,,,,,,,,,,,,,,,,,,,,,,,,,,,,,,,,,,,,,,,,,,,,,,,,,,,,,,,,,,,,
netWorkingCapital,,,,,,,,,,,,,,,,,,,,,,,,,,,,,,,,,,,,,,,,,,,,,,,,,,,,,,,,,,,,,,,,,,,,,,,,,,,,,,,,
netInvestedCapital,11867203000.00,11858294000.00,15381437000.00,12380183000.00,12638179000.00,12239406000.00,11377111000.00,10159960000.00,8518771000.00,6808773000.00,5877039000.00,7081928000.00,6140804000.00,5835423000.00,6415738000.00,,,,,,,,,,,,,,,,,,,,,,,,,,,,,,,,,,,,,,,,,,,,,,,,,,,,,,,,,,,,,,,,,
commonStockSharesOutstanding,221328818.00,216061876.00,214910974.00,209743771.00,205865016.00,195013810.00,185431404.00,166104325.00,160270905.00,153616591.00,143958433.00,143958433.00,133997087.00,131882398.00,131217199.00,125498359.00,117468044.00,113624384.00,107869511.00,101148081.00,98435964.00,90055170.00,84699735.00,84699735.00,83918117.00,79064503.00,73730068.00,73268095.00,70271796.00,51741951.00,51095128.00,51095128.00,50962516.00,50955648.00,50832736.00,50832736.00,50477308.00,50701742.00,49752813.00,49752813.00,43832271.00,43555495.00,34236689.00,34236689.00,28038044.00,25267459.00,24344154.00,24344154.00,25239590.00,25440380.00,25785629.00,25785629.00,25477410.00,25574203.00,25387410.00,25387410.00,25387410.00,25333564.00,25142410.00,25142410.00,24990710.00,24721660.00,24403381.00,24403381.00,24173877.00,21873322.00,21029957.00,21029957.00,21067847.00,21073987.00,20920197.00,20920197.00,20803163.00,20593148.00,20509192.00,20468495.00,16242494.00,15210389.00,15473767.00,
investments,390507000.00,195466000.00,821510000.00,505761000.00,161668000.00,-870676000.00,-2028900000.00,-3025074000.00,-2763000.00,-4488000.00,-841688000.00,-373215000.00,-92722000.00,-178565000.00,-516860000.00,-311531000.00,-62154000.00,-479320000.00,-138967000.00,-134717000.00,-29514000.00,-367158000.00,-100211000.00,-620893763.00,-206668436.00,-148330166.00,45000365.00,7928000.00,-128938462.00,59143344.00,-125699487.00,33435622.00,-32526041.00,148844333.00,-167749284.00,71192646.00,-10267825.00,66657481.00,-5515833.00,24696958.00,-6545890.00,-137857889.00,-79505259.00,,,,,,,,,,,,,,,,,,,,,,,,,,,,,,,,,,,,,
changeToLiabilities,,,,,0.00,0.00,0.00,0.00,0.00,0.00,0.00,0.00,0.00,0.00,0.00,0.00,0.00,0.00,0.00,0.00,0.00,0.00,0.00,0.00,0.00,0.00,0.00,0.00,,,,0.00,3801694.00,3368859.00,-2461713.00,0.00,1503425.00,-443402.00,83686.00,-522431.00,1249392.00,4119559.00,-4160838.00,,,,,,,,,,,,,,,,,,,,,,,,,,,,,,,,,,,,,
totalCashflowsFromInvestingActivities,1418841000.00,200291000.00,828043000.00,505761000.00,18732000.00,-823979000.00,-2017636000.00,-2994130000.00,-1742119000.00,-1142733000.00,-871272000.00,-344929000.00,-83771000.00,-217170000.00,-510754000.00,-312212000.00,-54086000.00,-490045000.00,-138397000.00,-131659000.00,-32164000.00,-359078000.00,-158974000.00,-557107612.00,-224347418.00,-170849617.00,44355647.00,-196917000.00,-207892135.00,100524590.00,-113900286.00,56000280.00,-31932310.00,149376674.00,-148710572.00,90150580.00,-7623215.00,66688014.00,-4263474.00,24295295.00,-4422268.00,-137575164.00,-82374849.00,-46533678.00,6147000.00,33773000.00,0.00,-40348973.00,-11232659.00,-3789844.00,16138000.00,237812000.00,170726000.00,130027000.00,69362000.00,151722000.00,118115000.00,95457000.00,37962000.00,231166000.00,119519000.00,67187000.00,68683000.00,,,,,,,,,,,,,,,,,
netBorrowings,,-155348000.00,-172919000.00,-656723000.00,71245000.00,234928000.00,-192227000.00,1247074000.00,2877019000.00,650515000.00,-27442000.00,783111000.00,212765000.00,-614020000.00,411046000.00,158141000.00,-237537000.00,582537000.00,-18613000.00,-8941852000.00,29459000.00,1807028000.00,-1725338000.00,-2320109574.00,-1564394899.00,-2051610254.00,-2564051273.00,378560000.00,-1492660275.00,-293777258.00,76023877.00,25884094.00,10938916.00,-132460293.00,386909957.00,-22482827.00,32404101.00,-51939919.00,-55026399.00,-35101190.00,-25786080.00,81707772.00,6650418.00,,,,,,,,,,,,,,,,,,,,,,,,,,,,,,,,,,,,,
totalCashFromFinancingActivities,-376156000.00,-594857000.00,-540035000.00,-858321000.00,116949000.00,1158298000.00,1157442000.00,2717493000.00,2956012000.00,838723000.00,375451000.00,827996000.00,137240000.00,-597165000.00,759824000.00,781131000.00,-270804000.00,935134000.00,-54291000.00,19193000.00,260993000.00,407709000.00,128612000.00,503798097.00,148353368.00,-87909856.00,-151397609.00,407642416.00,-25328923.00,-99329192.00,66486770.00,16347399.00,1402495.00,-141996296.00,201455583.00,-118581594.00,21347466.00,-60490063.00,-27994877.00,-28567916.00,8952556.00,99075802.00,129294863.00,32307462.00,-99754.00,-43552640.00,11664969.00,20696660.00,18409568.00,-7444818.00,-36810900.00,2071985.00,-42672245.00,-93198025.00,-88416772.00,-5428230.00,-32774244.00,-66478271.00,-32664183.00,-152604190.00,-95659680.00,36176979.00,-90869793.00,-52069434.00,25283898.00,226710251.00,264843171.00,351055247.00,140998965.00,37563457.00,181841126.00,133976359.00,23099287.00,111305209.00,117044687.00,16999483.00,135653815.00,178712174.00,205923380.00,
changeToOperatingActivities,,,,,-18052000.00,6706000.00,-11792000.00,-75464000.00,-259000.00,7700000.00,-4898000.00,9318000.00,-2081000.00,89985000.00,-90282000.00,-13362000.00,30281000.00,-10750000.00,-14501000.00,88263000.00,-72161000.00,-5346000.00,-18961000.00,-308000.00,4017822.00,32190876.00,-42460721.00,-4624000.00,1812456.00,4143899.00,,2625000.00,,,,-2212738.00,,,,,,,,,,,,,,,,,,,,,,,,,,,,,,,,,,,,,,,,,,,,
changeInCash,71228000.00,-236160000.00,231223000.00,-64017000.00,182239000.00,262039000.00,-23366000.00,-59388000.00,485910000.00,-67519000.00,-4731000.00,234531000.00,-176562000.00,-47368000.00,15835000.00,185231000.00,-190041000.00,99002000.00,75701000.00,45335000.00,14680000.00,46447000.00,-9565000.00,19622603.00,3992008.00,-24083843.00,-33802198.00,67031456.00,-88563730.00,15044938.00,-43575921.00,73095858.00,-14450829.00,24629175.00,55016738.00,-22456418.00,25060423.00,15109568.00,-27685380.00,-4269009.00,13946487.00,-27252493.00,48775678.00,-11659748.00,-23433173.00,10826544.00,-1781213.00,-4115796.00,16956249.00,-24748543.00,-33979995.00,74855563.00,4145194.00,-33970117.00,-8530351.00,37360231.00,-2253423.00,15305098.00,13380328.00,-22028587.00,-23334710.00,33233978.00,-9258181.00,7814147.00,4458810.00,1840089.00,349638.00,-751534.00,2122243.00,599967.00,-13641128.00,4143457.00,-87824099.00,73836621.00,22869629.00,-10249084.00,10484140.00,837305.00,-786185.00,
beginPeriodCashFlow,1243228000.00,1479388000.00,1248165000.00,1312182000.00,1129943000.00,867904000.00,891270000.00,950658000.00,464748000.00,532267000.00,536998000.00,302467000.00,479029000.00,526397000.00,510562000.00,325331000.00,515372000.00,416370000.00,340669000.00,295334000.00,280654000.00,234207000.00,243772000.00,84751397.00,80759389.00,104843232.00,138645430.00,71613974.00,160177704.00,145132766.00,188708687.00,115612829.00,130063658.00,105434483.00,50417745.00,72874163.00,47813740.00,32704172.00,60389552.00,64658561.00,50712074.00,77964567.00,29188889.00,40848637.00,64281810.00,53455266.00,55236479.00,59352275.00,42396026.00,67144569.00,101124564.00,26269001.00,22123807.00,56093924.00,64624275.00,27264044.00,29517467.00,14212369.00,832041.00,22860628.00,46195338.00,12961360.00,22219541.00,14405394.00,9946584.00,8106495.00,7756857.00,8508391.00,6386148.00,5786181.00,19427309.00,15283852.00,103107951.00,29271330.00,6401701.00,16650785.00,6166645.00,5329340.00,6115525.00,
endPeriodCashFlow,1314456000.00,1243228000.00,1479388000.00,1248165000.00,1312182000.00,1129943000.00,867904000.00,891270000.00,950658000.00,464748000.00,532267000.00,536998000.00,302467000.00,479029000.00,526397000.00,510562000.00,325331000.00,515372000.00,416370000.00,340669000.00,295334000.00,280654000.00,234207000.00,104374000.00,84751397.00,80759389.00,104843232.00,138645430.00,71613974.00,160177704.00,145132766.00,188708687.00,115612829.00,130063658.00,105434483.00,50417745.00,72874163.00,47813740.00,32704172.00,60389552.00,64658561.00,50712074.00,77964567.00,29188889.00,40848637.00,64281810.00,53455266.00,55236479.00,59352275.00,42396026.00,67144569.00,101124564.00,26269001.00,22123807.00,56093924.00,64624275.00,27264044.00,29517467.00,14212369.00,832041.00,22860628.00,46195338.00,12961360.00,22219541.00,14405394.00,9946584.00,8106495.00,7756857.00,8508391.00,6386148.00,5786181.00,19427309.00,15283852.00,103107951.00,29271330.00,6401701.00,16650785.00,6166645.00,5329340.00,
totalCashFromOperatingActivities,56877000.00,158406000.00,-56785000.00,288543000.00,46558000.00,-72280000.00,836828000.00,217249000.00,-727983000.00,236491000.00,491090000.00,-248536000.00,-230031000.00,766967000.00,-233235000.00,-283688000.00,134849000.00,-346087000.00,268389000.00,157801000.00,-214149000.00,-2184000.00,20797000.00,72932548.00,79986058.00,234675630.00,73239764.00,-346585843.00,131281632.00,13849540.00,3837595.00,748179.00,16078986.00,17248797.00,2271727.00,5974596.00,11336172.00,8911617.00,4572971.00,3612.00,9416199.00,11246869.00,1855664.00,8713529.00,4292700.00,7595322.00,-435500.00,4303858.00,5989496.00,2624252.00,-13307228.00,5697850.00,6118205.00,-1437390.00,10524836.00,9181365.00,7863384.00,24287620.00,8082916.00,18928226.00,19992797.00,-1446284.00,12928340.00,24273181.00,-10352533.00,118061753.00,27705980.00,24109433.00,16502609.00,9358852.00,15123477.00,9683174.00,2687766.00,41701685.00,19163345.00,13714661.00,-3495545.00,14433795.00,3420751.00,
issuanceOfCapitalStock,83992000.00,26924000.00,82744000.00,96099000.00,44523000.00,130264000.00,215371000.00,366503000.00,153612000.00,392044000.00,,,,,,,,,,,,,,,,,,,,,,,,,,,,,,,,,,,,,,,,,,,,,,,,,,,,,,,,,,,,,,,,,,,,,,
depreciation,18186000.00,17991000.00,18040000.00,17984000.00,16860000.00,16809000.00,16955000.00,16737000.00,16679000.00,16455000.00,15959000.00,14903000.00,14338000.00,13852000.00,13769000.00,13797000.00,13967000.00,14233000.00,14194000.00,14399000.00,13685000.00,13782000.00,13711000.00,13617792.00,13540394.00,13643564.00,13785250.00,16010526.00,9395289.00,443112.00,877533.00,1299250.00,1250761.00,1447642.00,1438677.00,1595018.00,1806683.00,2158353.00,1811683.00,1922205.00,1868670.00,1827595.00,1632131.00,1612605.00,1574512.00,1540217.00,1176755.00,1820565.00,1800461.00,1898034.00,432465.00,192317.00,167984.00,166114.00,43739.00,68782.00,120877.00,283022.00,283022.00,24204.00,237853.00,-3719.00,493521.00,1277796.00,866683.00,-1000059.00,443061.00,63172.00,-204754.00,-44502.00,-33736.00,-763468.00,-15400.00,362484.00,250478.00,-1679066.00,123960.00,,,
otherCashflowsFromInvestingActivities,1418841000.00,4825000.00,6533000.00,-78523000.00,-142936000.00,46697000.00,11264000.00,30944000.00,48391000.00,-27881000.00,-29584000.00,28286000.00,8953000.00,-38706000.00,6336000.00,-413000.00,7988000.00,-10640000.00,772000.00,3116000.00,-2561000.00,8234000.00,-58697000.00,63896126.00,-17550165.00,-22204899.00,-526062.00,12333000.00,-65384289.00,41407364.00,12190892.00,22762956.00,1225482.00,1031837.00,19932831.00,19998422.00,4110893.00,960261.00,2530698.00,1934561.00,3852778.00,1421817.00,-69923.00,3062000.00,2407000.00,1441000.00,813000.00,413000.00,626000.00,699000.00,,,3000000.00,2250000.00,1000000.00,20500000.00,,,,,,,,,,,,,,,,,,,,,,,,
dividendsPaid,-98013000.00,-93486000.00,-90530000.00,-87493000.00,83147000.00,79000000.00,72099000.00,65658000.00,54087000.00,58098000.00,49219000.00,41409000.00,70926000.00,1889000.00,35141000.00,32561000.00,29323000.00,28537000.00,24994000.00,22327000.00,20813000.00,17656000.00,14855000.00,13616329.00,12999393.00,12933980.00,10631298.00,10116329.00,10114396.00,9598422.00,9537107.00,9536695.00,9536421.00,9536003.00,8454374.00,8454372.00,8454135.00,8430454.00,7802157.00,7801680.00,7170942.00,6246191.00,4158685.00,3441070.00,2670900.00,1872503.00,58792.00,57699.00,58636.00,57311.00,122244.00,3655.00,50960.00,57900.00,58230.00,117183.00,3619.00,4000.00,115208.00,6039940.00,15599599.00,12956886.00,12779404.00,12729291.00,12687166.00,10845728.00,10338231.00,9937577.00,9874388.00,9742919.00,14579223.00,13522301.00,11865112.00,11285886.00,9532467.00,8660551.00,6516355.00,1195756.00,3115836.00,
changeToInventory,,,,,,,,,,,,,,,,,,,,,0.00,0.00,0.00,0.00,0.00,0.00,0.00,0.00,0.00,0.00,0.00,0.00,0.00,0.00,0.00,0.00,0.00,0.00,0.00,0.00,0.00,0.00,0.00,0.00,0.00,0.00,0.00,0.00,0.00,0.00,,,,,,,,,,,,,,,,,,,,,,,,,,,,,,
changeToAccountReceivables,,,,,,,,,,,,,,,,,,,,,0.00,0.00,0.00,0.00,0.00,0.00,0.00,0.00,0.00,0.00,0.00,0.00,0.00,0.00,0.00,0.00,0.00,0.00,0.00,0.00,0.00,0.00,0.00,0.00,0.00,0.00,0.00,0.00,0.00,0.00,,,,,,,,,,,,,,,,,,,,,,,,,,,,,,
salePurchaseOfStock,2126011000.00,-27761000.00,-9671000.00,-546000.00,44523000.00,130264000.00,215371000.00,-32550000.00,-3492000.00,-112756000.00,637061000.00,-9748000.00,-31255000.00,-1470000.00,-11291000.00,-11574000.00,-236209000.00,1110950000.00,,-10066000.00,743061000.00,750050000.00,198786000.00,460631332.00,76225000.00,76225000.00,0.00,0.00,0.00,0.00,0.00,0.00,0.00,0.00,0.00,-6684119910.00,6800000.00,-15143.00,126579877.00,-134040858987.00,57934902.00,31226419.00,134529694.00,684764.00,18900000.00,18900000.00,-684764.00,-2788452.00,-2802118.00,0.00,,,,,,,,,,,,,,-74654608175.00,,,-3360104193.00,506160488.00,,,-930920094.00,,,,539667799.00,-158231187498.00,,,,
otherCashflowsFromFinancingActivities,-4847000.00,2597929000.00,1935411000.00,6786296000.00,8481181000.00,4320831000.00,4746717000.00,3162426000.00,9595020000.00,7450330000.00,-14675000.00,774560000.00,412388000.00,-541761000.00,1091222000.00,958613000.00,-4266000.00,-12765000.00,-26278000.00,-40558000.00,-241334000.00,-11968000.00,-8333000.00,-19441820.00,380352761.00,-74975876.00,-128075225.00,699008745.00,-15214527.00,-62618327.00,76066434.00,545939506.00,82038797.00,-124139795.00,650544990.00,-73727404.00,95902449.00,34440789.00,-33904301.00,74564859.00,-77975955.00,111406749.00,-34642419.00,40771652.00,94713015.00,24765062.00,29274773.00,-30649608.00,26635908.00,19581169.00,-29372651.00,38275498.00,-31863064.00,42887181.00,-13793440.00,35058726.00,25492737.00,34909716.00,9578530.00,-13301685.00,105321466.00,163255135.00,75795804.00,-16433542.00,54749291.00,663958549.00,-2578405.00,-12241166.00,269813132.00,127913179.00,-6732435.00,806288350.00,194454125.00,218676332.00,-8457680.00,-3562692.00,146344519.00,246596682.00,234435891.00,
changeToNetincome,,-25243000.00,-117123000.00,197144000.00,-37005000.00,-245408000.00,739608000.00,179980000.00,-821884000.00,136368000.00,416104000.00,-359974000.00,-291266000.00,621189000.00,-150064000.00,-308488000.00,68378000.00,-374258000.00,247591000.00,23638000.00,-178978000.00,-24475000.00,-1054000.00,35067681.00,52118952.00,185362117.00,93894250.00,-275531000.00,117827546.00,-3664567.00,-854055.00,-7493164.00,-8474059.00,335215.00,-11085195.00,-3361145.00,-75410787.00,-7561480.00,-191209.00,470016.00,1583049.00,505655.00,-584785.00,,,,,,,,,,,,,,,,,,,,,,,,,,,,,,,,,,,,,
capitalExpenditures,0,0,0,0,0,0,0,0,0,0,0,230000,7497000,101000,230000,268000,80000,85000,202000,58000,89000,154000,66000,109975,128817,314552,118656,23408,193688,39655687,8956284,21396265,631751,499496,17588233,17926651,1479307,929728,1278339,2336224,1729156,1139092,2799667,40720078,39875836,0,0,0,0,0,0,63258543,0,0,0,35874876,22065162,0,0,0,0,0,0,0,0,0,0,0,0,0,0,0,0,0,0,0,0,0,0,
changeReceivables,,,,,,,,,,,,,,,,,,,,,,,,,,,,,,,,,2519286.00,-1945256.00,-1179481.00,,109790.00,449110.00,-1836582.00,-600158.00,1418589.00,1006716.00,-2189651.00,,,,,,,,,,,,,,,,,,,,,,,,,,,,,,,,,,,,,
cashFlowsOtherOperating,,72326000.00,-59948000.00,-33311000.00,-12352000.00,68202000.00,336000.00,-105844000.00,-24104000.00,-14840000.00,-22083000.00,-16167000.00,-50824000.00,77836000.00,-28584000.00,-33609000.00,9287000.00,-23465000.00,-23402000.00,70818000.00,-86281000.00,-16103000.00,-28928000.00,-7036150.00,-9643860.00,17358454.00,-58383444.00,,-12367237.00,5796291.00,-61383.00,4269076.00,-276477.00,1498965.00,-2867175.00,-106502.00,19172400.00,-614043.00,-1366644.00,-4655770.00,-911384.00,225890.00,146250.00,,,,,,,,,,,,,,,,,,,,,,,,,,,,,,,,,,,,,
exchangeRateChanges,,,,,,,,,,,,,,,,,,,,,,,,,,,,,,,,,,,,,,,,,,,,,,,,,,,,,,,,,,,,,,,,,,,,,,,,,,,,,,,,
cashAndCashEquivalentsChanges,,-236160000.00,231223000.00,-64017000.00,182239000.00,262039000.00,-23366000.00,-59388000.00,485910000.00,-67519000.00,-4731000.00,234531000.00,-176562000.00,-47368000.00,15835000.00,185231000.00,-190041000.00,99002000.00,75701000.00,45335000.00,14680000.00,46447000.00,-9565000.00,19623033.00,3992008.00,-24083843.00,-33802198.00,,-88563730.00,15044938.00,-43575921.00,73095858.00,-14450829.00,24629175.00,55016738.00,-22456418.00,25060423.00,15109568.00,-27685380.00,-4269009.00,13946487.00,-27252493.00,48775678.00,,,,,,,,,,,,,,,,,,,,,,,,,,,,,,,,,,,,,
changeInWorkingCapital,-190478000.00,52732000.00,-71468000.00,-47447000.00,-18052000.00,6706000.00,-11792000.00,-75464000.00,-259000.00,7700000.00,-4898000.00,9318000.00,-2081000.00,89985000.00,-90282000.00,-13362000.00,30281000.00,-10750000.00,-14501000.00,88263000.00,-72161000.00,-5346000.00,-18961000.00,7074023.00,4017822.00,32190876.00,-42460721.00,-9727155.00,1812456.00,4143899.00,-61383.00,-4875781.00,11005429.00,2963062.00,-6468321.00,105745.00,1578851.00,-567842.00,-3329492.00,-6737422.00,2821503.00,4228512.00,-6072152.00,5475138.00,-814073.00,3115257.00,-6834258.00,5128087.00,4547788.00,-502370.00,-16901250.00,1205580.00,-1040228.00,-3264357.00,6114357.00,7392518.00,6784573.00,18498284.00,1023950.00,-3237001.00,-635234.00,-19873313.00,-7021824.00,507599.00,-29832370.00,93776925.00,2204798.00,2750458.00,1181626.00,-3035775.00,-7411770.00,-2753418.00,-4779357.00,5790905.00,6339338.00,2587045.00,-12827628.00,6004767.00,206638.00,
stockBasedCompensation,3047000.00,3193000.00,5901000.00,2643000.00,3089000.00,3146000.00,6095000.00,1943000.00,2611000.00,2045000.00,3330000.00,1760000.00,3485000.00,284000.00,3517000.00,1940000.00,2316000.00,1502000.00,3756000.00,1257000.00,1193000.00,1100000.00,2545000.00,1006639.00,847128.00,681711.00,2304522.00,573366.00,777080.00,481663.00,1681431.00,552102.00,463313.00,735202.00,1692066.00,300808.00,292797.00,1248818.00,147016.00,167935.00,182716.00,677681.00,571810.00,-578190.00,,524590.00,53600.00,921550.00,486150.00,,,-310500.00,1853626000.00,310500.00,,-2414796.00,1.00,1951663.00,463132.00,3047479000.00,1906843000.00,,581137000.00,2454957000.00,,,451560000.00,2329689000.00,,,422415000.00,,,,92027.00,324343000.00,448564.00,,114201.00,
otherNonCashItems,133499000.00,-1481000.00,-114668000.00,202545000.00,-28987000.00,-186352000.00,747361000.00,147457000.00,-839330000.00,126080000.00,391103000.00,-397117000.00,-347347000.00,597877000.00,-71979000.00,-331851000.00,42844000.00,-389393000.00,239102000.00,2515000.00,-192972000.00,-36517000.00,-246000.00,27364869.00,38532142.00,170737984.00,73840005.00,-385113929.00,104822184.00,800218.00,852174.00,-134250.00,-8137128.00,156302.00,-9481447.00,775526.00,17912059.00,1568557.00,-1393654.00,-1387726.00,-883844.00,-640862.00,-214661.00,-700211.00,1417956.00,339743.00,379045.00,-418339.00,-385787.00,11529445.00,2840712.00,19207367.00,-10746770.00,-218551269.00,-22060770.00,98950.00,-4606147.00,-18115184.00,-26267033.00,130379550.00,17814292.00,6702743.00,6751851.00,-247814318.00,-2127015.00,-6400137.00,8324722.00,6888651.00,4669481.00,2642977.00,7214736.00,3856813.00,-989240.00,12681924.00,2867888.00,4252247.00,1574151.00,2649081.00,-4416.00,
freeCashFlow,56877000.00,158406000.00,-56785000.00,288543000.00,46558000.00,-72280000.00,836828000.00,217249000.00,-727983000.00,236491000.00,491090000.00,-248306000.00,-230031000.00,766967000.00,-233465000.00,-283956000.00,134929000.00,-346172000.00,268187000.00,157743000.00,-214238000.00,-2338000.00,20731000.00,72822573.00,79857241.00,234361078.00,73121108.00,-346562435.00,131087944.00,53505227.00,12793879.00,22144444.00,15447235.00,16749301.00,19859960.00,23901247.00,12815479.00,7981889.00,3294632.00,-2332612.00,7687043.00,10107777.00,-944003.00,-32006549.00,-35583136.00,7595322.00,-435500.00,4303858.00,5989496.00,2624252.00,-13307228.00,68956393.00,6118205.00,-1437390.00,10524836.00,45056241.00,29928546.00,24287620.00,8082916.00,18928226.00,19992797.00,-1446284.00,12928340.00,24273181.00,-10352533.00,118061753.00,27705980.00,24109433.00,16502609.00,9358852.00,15123477.00,9683174.00,2687766.00,41701685.00,19163345.00,13714661.00,-3495545.00,14433795.00,3420751.00,
researchDevelopment,,,,,,,,,,,,,,,,,,,,0.00,0.00,0.00,0.00,0.00,0.00,0.00,0.00,0.00,0.00,0.00,0.00,0.00,0.00,0.00,0.00,0.00,0.00,0.00,0.00,0.00,0.00,0.00,0.00,0.00,0.00,0.00,0.00,0.00,0.00,0.00,0.00,0.00,0.00,0.00,0.00,0.00,0.00,0.00,0.00,0.00,0.00,0.00,0.00,0.00,0.00,0.00,0.00,0.00,0.00,0.00,0.00,0.00,0.00,0.00,0.00,0.00,0.00,0.00,0.00,0.00
effectOfAccountingCharges,,,,,,,,,,,,,,,,,,,,0.00,0.00,0.00,0.00,0.00,0.00,0.00,0.00,0.00,0.00,0.00,0.00,0.00,0.00,0.00,0.00,0.00,0.00,0.00,0.00,0.00,0.00,0.00,0.00,0.00,0.00,0.00,0.00,0.00,0.00,0.00,0.00,0.00,0.00,0.00,0.00,0.00,0.00,0.00,0.00,0.00,0.00,0.00,0.00,0.00,0.00,0.00,0.00,0.00,0.00,0.00,0.00,0.00,0.00,0.00,0.00,0.00,0.00,0.00,0.00,0.00
incomeBeforeTax,100414000.00,98885000.00,110275000.00,111046000.00,78680000.00,93467000.00,88117000.00,139305000.00,95969000.00,95216000.00,93602000.00,137602000.00,115506000.00,66166000.00,-82726000.00,48683000.00,49839000.00,41752000.00,29996000.00,57579000.00,42805000.00,29111000.00,28284000.00,28398225.00,30678572.00,21746495.00,30044708.00,31429655.00,16726034.00,12126878.00,3023326.00,6910656.00,17232189.00,12387070.00,16898899.00,6937726.00,65290551.00,13354522.00,7342103.00,4950120.00,5171443.00,4202316.00,7227218.00,-886419.00,2389305.00,15024709.00,-940736.00,-26298291.00,-2201693.00,-10300857.00,10.00,-41633774.00,-1282521.00,130941897.00,1040.00,-307583578000.00,-1740.00,-48556995000.00,-4253738000.00,-74442775000.00,4004558000.00,14407470000.00,15038082000.00,17145104.00,21442031000.00,40685024.00,22848581.00,50413807000.00,10856256000.00,12041000.00,15354247000.00,50387023000.00,8471762.00,22866372.00,9705641.00,25072682000.00,9158000.00,5779948.00,3104327.00,4716000.00
minorityInterest,-6789000.00,6826000.00,7585000.00,-8233000.00,6002000.00,6992000.00,6816000.00,11700000.00,-8347000.00,123909000.00,9743000.00,14196000.00,13836000.00,8110000.00,-10934000.00,7181000.00,7363000.00,6598000.00,5468000.00,9838000.00,7799000.00,5557000.00,8991000.00,7523585.00,5661184.00,4493627.00,6441604.00,8482000.00,3649432.00,154812507.00,0.00,159897000.00,0.00,0.00,0.00,159897000.00,0.00,0.00,0.00,108000.00,16715.00,53833.00,53651.00,53000.00,54000.00,54000.00,54000.00,54000.00,54045.00,53878.00,54000.00,54000.00,55000.00,53000.00,54000.00,52000.00,59000.00,57000.00,18505000.00,167000.00,-2118000.00,2118000.00,2333000.00,2829000.00,3842000.00,6638000.00,3680000.00,3182000.00,2380000.00,2145000.00,3397000.00,2072000.00,1881000.00,5127000.00,2201000.00,1924000.00,1524000.00,1236000.00,1192000.00,1308000.00
sellingGeneralAdministrative,39810000.00,41310000.00,42399000.00,42089000.00,38811000.00,38900000.00,42025000.00,43149000.00,41973000.00,43700000.00,42974000.00,42728000.00,32962000.00,34438000.00,34252000.00,28456000.00,32861000.00,29022000.00,31764000.00,26386000.00,27775000.00,26815000.00,29494000.00,25265159.00,25194433.00,24497944.00,23841464.00,19516013.00,17541679.00,7161412.00,7028342.00,6192054.00,7602059.00,7641138.00,6965206.00,5900004.00,25137671.00,6052548.00,5835949.00,5494693.00,5795322.00,5768678.00,5883639.00,22289758.00,13845004.00,7073586.00,6645011.00,8999997.00,6666362.00,5919226.00,5235879.00,24353086.00,5739097.00,6245871.00,5082948.00,5764681.00,12364962.00,12469113.00,5196703.00,5201631.00,4487975.00,2686002.00,1977343.00,4071159.00,1989437.00,1879311.00,1441148.00,2494158.00,2239320.00,1154477.00,1154931.00,58141.00,1756999.00,1329515.00,1154209.00,2298443.00,498356.00,709943.00,727507.00,0.00
sellingAndMarketingExpenses,12367000.00,12584000.00,13623000.00,13030000.00,13225000.00,13188000.00,14548000.00,11868000.00,11757000.00,11133000.00,10818000.00,8335000.00,9356000.00,8606000.00,11052000.00,9205000.00,10882000.00,10481000.00,9761000.00,9291000.00,9994000.00,8873000.00,8915000.00,7602250.00,7606936.00,7834927.00,7693887.00,7309027.00,5903031.00,1719337.00,2655476.00,3540669.00,3179534.00,2907804.00,2897810.00,2093042.00,2330033.00,3194845.00,1982219.00,2144160.00,3300071.00,2969733.00,2189283.00,,,,,,,,,,,,,,,,,,,,,,,,,,,,,,,,,,,,,
grossProfit,-4347000.00,132458000.00,139273000.00,196916911.00,134321189.00,144660100.00,101017000.00,10700000.00,97525000.00,96241000.00,86014000.00,21528000.00,85913000.00,74061000.00,6597000.00,-26940000.00,62142000.00,53937000.00,42496000.00,-4645000.00,55757000.00,39519000.00,41893000.00,-24225393.00,-25128153674.00,-23265891857.00,-20981044076.00,-49785781447.00,-14169140742.00,-23238259359.00,-5435127300.00,-44062924995.00,-7912431367.00,-15789272183.00,-11352016715.00,-14134116210.00,-10880172628.00,-3529126598.00,-3612108612.00,20992422.00,-2973536229.00,-2945844818.00,-3061017530.00,-10102986027.00,-2282703044.00,-2363402691.00,-2467877802.00,-11148851911.00,-2308782449.00,-3024347106.00,-2077645320.00,237047192.00,-1843354464.00,-1994862736.00,-1894416853.00,-10148332004.00,-2126492830.00,-3505673443.00,-2323159336.00,-8010280996.00,-1880605531.00,-2662523529.00,-1953210076.00,-9220167740.00,-1955448670.00,-1816995735.00,-1406793696.00,-4565761861.00,-1102366196.00,17320819.00,-1132521294.00,-4190740574.00,13698036.00,36654552.00,14028594.00,-2286605080.00,11260107.00,8017096.00,4947296.00,0.00
reconciledDepreciation,18186000.00,17991000.00,2624000.00,17984000.00,16860000.00,16809000.00,16955000.00,16737000.00,16679000.00,16455000.00,15959000.00,14903000.00,14338000.00,13852000.00,13769000.00,13797000.00,13967000.00,14233000.00,14194000.00,14399000.00,13685000.00,13782000.00,13711000.00,13617792.00,13540394.00,13643564.00,13785250.00,16010526.00,9395289.00,443112.00,877533.00,1299250.00,1250761.00,1447642.00,1438677.00,1595018.00,1806683.00,2158353.00,1811683.00,1922205.00,1868670.00,1827595.00,1632131.00,1612605.00,1574512.00,1540217.00,1176755.00,1820565.00,1800461.00,1898034.00,432465.00,192317.00,167984.00,166114.00,43739.00,68782.00,120877.00,283022.00,283022.00,24204.00,237853.00,-3719.00,493521.00,1277796.00,866683.00,-1000059.00,443061.00,63172.00,-204754.00,-44502.00,-33736.00,-763468.00,-15400.00,362484.00,250478.00,-1679066.00,123960.00,,,
ebit,301250000.00,282202000.00,93325000.00,-2339990.53,-16636463.90,-16625814.00,138659000.00,210359000.00,143182000.00,132877000.00,126043000.00,163450000.00,139558000.00,99358000.00,-21810000.00,101640000.00,90540000.00,83438000.00,66393000.00,103227000.00,74554000.00,61438000.00,52680000.00,47248999.00,48866805.00,37664254.00,43039942.00,57730524.00,30042830.00,25370366.00,15771939.00,19225296.00,29117552.00,23979832.00,30826266.00,20693175.00,77624585.00,24577119.00,18057069.00,15221585.00,15720737.00,14481556.00,17815811.00,9282303.00,11845412.00,25916825.00,14521622.00,-16370894.00,8974716.00,5438016.00,13308098.00,-26879148.00,13801875.00,147065467.00,44461053.00,-114622743.00,-23337542.00,-27465874.00,14897078.00,-86941556.00,30774196.00,39585328.00,44008891.00,54589696.00,60365269.00,79213007.00,54961100.00,43767808.00,34262045.00,31372814.00,33704559.00,24609501.00,20934220.00,32556931.00,18031794.00,16400514.00,13226031.00,0.00,0.00,0.00
ebitda,303536000.00,300193000.00,95949000.00,300009.47,223536.10,183186.00,155614000.00,212224000.00,159861000.00,149332000.00,142002000.00,178353000.00,153896000.00,113210000.00,-8041000.00,103487000.00,104507000.00,97671000.00,80587000.00,105141000.00,88239000.00,75220000.00,66391000.00,60866791.00,62407199.00,51307818.00,56825192.00,59623014.00,39438119.00,25813478.00,16649472.00,20524546.00,30368313.00,25427474.00,32264943.00,22288193.00,79431268.00,26735472.00,19868752.00,17143790.00,17589407.00,16309151.00,19447942.00,10894908.00,13419924.00,27457042.00,15698377.00,-14550329.00,10765461.00,7336050.00,13740563.00,-26686831.00,13969859.00,147231581.00,44504792.00,-114553961.00,-23216665.00,-27182852.00,15180100.00,-86917352.00,31012049.00,39581609.00,44502412.00,55867492.00,61231952.00,78212948.00,55404161.00,43830980.00,34057291.00,31328312.00,33670823.00,23846033.00,20918820.00,32919415.00,18282272.00,14721448.00,13349991.00,9090492.00,5728220.00,
depreciationAndAmortization,2286000.00,17991000.00,2624000.00,2640000.00,16860000.00,16809000.00,16955000.00,1865000.00,16679000.00,16455000.00,15959000.00,14903000.00,14338000.00,13852000.00,13769000.00,1847000.00,13967000.00,14233000.00,14194000.00,1914000.00,13685000.00,13782000.00,13711000.00,13617792.00,13540394.00,13643564.00,13785250.00,1892490.00,9395289.00,443112.00,877533.00,1299250.00,1250761.00,1447642.00,1438677.00,1595018.00,1806683.00,2158353.00,1811683.00,1922205.00,1868670.00,1827595.00,1632131.00,1612605.00,1574512.00,1540217.00,1176755.00,1820565.00,1790745.00,1898034.00,432465.00,192317.00,167984.00,166114.00,43739.00,68782.00,120877.00,283022.00,283022.00,24204.00,237853.00,-3719.00,493521.00,1277796.00,866683.00,-1000059.00,443061.00,63172.00,-204754.00,-44502.00,-33736.00,-763468.00,-15400.00,362484.00,250478.00,-1679066.00,123960.00,,,
nonOperatingIncomeNetOther,,4313000.00,14326000.00,-4581000.00,1486000.00,6547000.00,5862000.00,2932000.00,5086000.00,4759000.00,22109000.00,20896000.00,30490000.00,18816000.00,2038000.00,-5809000.00,3718000.00,3264000.00,2023000.00,10000.00,-5988000.00,1387000.00,746000.00,-4706388.00,995312.00,-2944.00,7879020.00,,4929375.00,15390235.00,2504995.00,5116996.00,6013042.00,1534025.00,2790827.00,2642117.00,77071963.00,7891759.00,40048.00,40937.00,1086049.00,-81804.00,3681115.00,,,,,,8817785.00,1951146.00,,,,,,,,,,,,,,,,,,,,,,,,,,,,,,
operatingIncome,1450000.00,1430000.00,93325000.00,-2339990.53,-16636463.90,-16625814.00,138659000.00,195487000.00,-22034000.00,-28514000.00,-27581000.00,3976000.00,1033000.00,751000.00,2192000.00,9674000.00,2237000.00,3147000.00,2803000.00,10095000.00,2651000.00,2964000.00,2910000.00,10973000.00,2668055000.00,2863259000.00,3223204000.00,14881275000.00,2960940000.00,4426555000.00,5331532000.00,27666252000.00,7202851000.00,7201834000.00,8450343000.00,32641249000.00,8443877000.00,9001383000.00,8661515000.00,15221585.00,6939947000.00,8231822000.00,8895434000.00,30173754000.00,7884029000.00,8312794000.00,9023161000.00,24168370000.00,7807389000.00,8264317000.00,5420186000.00,-26879148.00,806751000.00,985271000.00,303455000.00,916246000.00,385112000.00,1587692000.00,1470796000.00,3150466000.00,1422330000.00,39585328.00,44008891.00,264648114896.00,60365269.00,79213007.00,54961100.00,169056462728.00,34262045.00,31372814.00,33704559.00,117337038723.00,20934220.00,32556931.00,18031794.00,55645703806.00,13226031.00,9090492.00,5728220.00,0.00
otherOperatingExpenses,41289000.00,42675000.00,43782000.00,42783.00,39177.00,39442.00,42560000.00,297000.00,42122000.00,43829000.00,43117000.00,149278000.00,34262000.00,35473000.00,36695000.00,10220.00,35424000.00,32713000.00,34160000.00,224336000.00,30212000.00,31671000.00,32290000.00,191995591.00,27777178000.00,25946606000.00,23679368000.00,63348471000.00,17035683000.00,27127453000.00,9770781000.00,67324354000.00,13962071000.00,21786827000.00,17758568000.00,42085683000.00,18173118000.00,10975628000.00,10160087000.00,27000000.00,9130061000.00,10130012000.00,9953798000.00,38136958000.00,9474245000.00,9956239000.00,9810085000.00,33327450000.00,9614253000.00,10245807000.00,5889275000.00,37000000.00,2957338000.00,3593115000.00,2339807000.00,11565529000.00,2744949000.00,5122876000.00,3723129000.00,11090904000.00,3292437000.00,2722002000.00,2014343000.00,9245087205.00,2039437000.00,1906311000.00,1485148000.00,4586134943.00,1151596000.00,29000000.00,1179931000.00,4202927887.00,19948312.00,16956687.00,15154209.00,2298336252.00,1965924.00,617137.00,613306.00,0.00
interestExpense,229180000.00,227195000.00,219373000.00,207538000.00,160452000.00,107067000.00,82559000.00,67883000.00,55560000.00,46378000.00,42184000.00,40044000.00,37888000.00,41302000.00,49982000.00,48186000.00,48064000.00,48284000.00,41865000.00,42999000.00,39548000.00,37884000.00,33387000.00,26374359.00,23849417.00,20411386.00,19436838.00,20664442.00,16966228.00,13243488.00,12748613.00,12314640.00,11885363.00,11592762.00,13927367.00,13755449.00,12334034.00,11222597.00,10591378.00,10444109.00,10645725.00,10333073.00,10642244.00,9824542.00,9510083.00,9770807.00,11761400.00,11411004.00,11407229.00,15792751.00,13040949.00,13504372.00,15209936.00,16177468.00,18087260.00,19062718.00,20797420.00,21091121.00,19150816.00,21296971.00,28198310.00,27857322.00,31304099.00,37444592.00,39625100.00,38527983.00,32112519.00,29360656.00,23405789.00,21576662.00,18350312.00,15266254.00,12462458.00,9690559.00,8326153.00,7846079.00,5592059.00,3310544.00,2623893.00,1700000.00
taxProvision,5854000.00,5553000.00,8029000.00,4318000.00,-374000.00,5352000.00,8188000.00,12929000.00,9905000.00,10959000.00,12492000.00,24900000.00,17785000.00,12077000.00,-14370000.00,4073000.00,6623000.00,4350000.00,-10000.00,,,,,,,,,,,,,,,,,,,,,,,,,,,,,,,,,,,,,,,,,,,,,,,,,,,,,,,,,,,,,
interestIncome,336474000.00,335737000.00,327947000.00,320597000.00,4748000.00,201328000.00,166698000.00,144315000.00,125480000.00,105148000.00,91144000.00,19403000.00,32358000.00,83080000.00,88526000.00,81983000.00,80509000.00,82171000.00,2151000.00,,,,,,,,,,,,,,,,,,,,,,,,,,,,,,,,,,,,,,,,,,,,,,,,,,,,,,,,,,,,,
netInterestIncome,107294000.00,108542000.00,108574000.00,113059000.00,99326000.00,94261000.00,84139000.00,76432000.00,69920000.00,58770000.00,48960000.00,46114000.00,43813000.00,41778000.00,38544000.00,33797000.00,32445000.00,33887000.00,29412000.00,,,,,,,,,,,,,,,,,,,,,,,,,,,,,,,,,,,,,,,,,,,,,,,,,,,,,,,,,,,,,
extraordinaryItems,,,,,,,,,,,,,,,,,,,,0.00,0.00,0.00,0.00,0.00,0.00,0.00,0.00,0.00,0.00,0.00,0.00,0.00,0.00,0.00,0.00,0.00,0.00,0.00,0.00,0.00,0.00,0.00,0.00,5328000.00,0.00,0.00,0.00,0.00,0.00,0.00,0.00,1021000.00,0.00,0.00,0.00,0.00,0.00,0.00,0.00,0.00,0.00,0.00,0.00,0.00,0.00,0.00,0.00,0.00,0.00,0.00,0.00,0.00,0.00,0.00,0.00,0.00,0.00,0.00,0.00,0.00
nonRecurring,,7672000.00,3177000.00,11411000.00,412000.00,-1949000.00,-662000.00,-5096000.00,-3272000.00,549000.00,1652000.00,36191000.00,-2227000.00,2395000.00,-21537000.00,,,-1000000.00,,0.00,-10170000.00,2000000.00,0.00,500000.00,1700000.00,1500000.00,1200000.00,50892944.00,6406258.00,11945734.00,3109910.00,3134000.00,0.00,0.00,0.00,250000.00,0.00,0.00,0.00,0.00,0.00,0.00,0.00,0.00,0.00,0.00,0.00,0.00,0.00,750000.00,0.00,0.00,0.00,0.00,0.00,0.00,0.00,0.00,0.00,0.00,0.00,0.00,0.00,0.00,0.00,0.00,0.00,0.00,0.00,0.00,0.00,0.00,0.00,0.00,0.00,0.00,0.00,0.00,0.00,0.00
otherItems,,,,,,,,,,,,,,,,,,,,0.00,0.00,0.00,0.00,0.00,0.00,0.00,0.00,0.00,0.00,0.00,0.00,0.00,0.00,0.00,0.00,0.00,0.00,0.00,0.00,0.00,0.00,0.00,0.00,0.00,0.00,0.00,0.00,0.00,0.00,0.00,0.00,0.00,0.00,0.00,0.00,0.00,0.00,0.00,0.00,0.00,0.00,0.00,0.00,0.00,0.00,0.00,0.00,0.00,0.00,0.00,0.00,0.00,0.00,0.00,0.00,0.00,0.00,0.00,0.00,0.00
incomeTaxExpense,-5854000.00,5553000.00,8029000.00,4318000.00,-374000.00,5352000.00,8188000.00,12929000.00,9905000.00,10959000.00,12492000.00,24900000.00,17785000.00,12077000.00,-14370000.00,4072000.00,6623000.00,4350000.00,-10000.00,8635000.00,5381000.00,4499000.00,-8784000.00,-2885000.00,6708000.00,3435000.00,6101000.00,525000.00,300000.00,5825136488.00,-4183887387.00,18174638482.00,8152793363.00,3308398762.00,6574053367.00,93048488300.00,54970578034.00,2475896597.00,-8650923502.00,-203915.00,4085393920.00,4284119930.00,3546102810.00,-275000.00,275000.00,600000.00,-1401558.00,-51823016390.00,-11019477900.00,-12252002590.00,-5407145041.00,760000.00,-1462548940.00,1800000.00,-285366700.00,-100900614000.00,-364316320.00,-50123595879.00,-5705383184.00,6787069000.00,1428672000.00,2679464000.00,2333290000.00,1800000.00,701862000.00,9000000.00,6085000.00,36006655.00,10845399744.00,21576662.00,15338892753.00,41043775.00,0.00,0.00,0.00,16518247.00,5592059.00,0.00,0.00,0.00
totalRevenue,35463000.00,173768000.00,181672000.00,196959000.00,134360000.00,144699000.00,143042000.00,182496000.00,139498000.00,139941000.00,128988000.00,165908000.00,118875000.00,108499000.00,40849000.00,96162000.00,95003000.00,83959000.00,74260000.00,107825000.00,83532000.00,68334000.00,71387000.00,71100607.00,66279326.00,58792143.00,60419924.00,61664553.00,47538258.00,32929641.00,19098700.00,23595005.00,21054633.00,29910817.00,21463285.00,20758628.00,26086372.00,23421402.00,23840388.00,20992422.00,21785771.00,22833182.00,22621470.00,16532510.00,18738956.00,18414309.00,16900198.00,10364964.00,14951551.00,11085894.00,10408680.00,237047192.00,10271536.00,606264.00,10536147.00,5943996.00,10006170.00,4237557.00,68824664.00,25873140.00,26237469.00,23478471.00,24132924.00,30229361.00,33988330.00,62315265.00,34354304.00,24921810.00,18229804.00,17320819.00,22409706.00,16428036.00,14646348.00,37611239.00,15182803.00,13666978.00,11260107.00,8634233.00,5560602.00,10169000.00
totalOperatingExpenses,1479000.00,1365000.00,1383000.00,694.00,366.00,542.00,535000.00,297000.00,149000.00,129000.00,143000.00,-112102000.00,1300000.00,1035000.00,117000000.00,88000000.00,93000000.00,89000000.00,86000000.00,92000000.00,85000000.00,77000000.00,76000000.00,69000000.00,57000000.00,58000000.00,56000000.00,51000000.00,48000000.00,23000000.00,29000000.00,27000000.00,24000000.00,28000000.00,29000000.00,29000000.00,30000000.00,30000000.00,27000000.00,27000000.00,28000000.00,28000000.00,27000000.00,26000000.00,24000000.00,26000000.00,27000000.00,26000000.00,23000000.00,30000000.00,21000000.00,37000000.00,22000000.00,24000000.00,24000000.00,23000000.00,25000000.00,47000000.00,22000000.00,24000000.00,33000000.00,36000000.00,37000000.00,32000000.00,50000000.00,27000000.00,44000000.00,27000000.00,31000000.00,29000000.00,25000000.00,11000000.00,19000000.00,16000000.00,14000000.00,-1935806.00,1965924.00,1073396.00,780924.00,0.00
costOfRevenue,39810000.00,41310000.00,42399000.00,42089.00,38811.00,38900.00,42025000.00,171796000.00,41973000.00,43700000.00,42974000.00,144380000.00,32962000.00,34438000.00,34252000.00,123102000.00,32861000.00,30022000.00,31764000.00,112470000.00,27775000.00,28815000.00,29494000.00,95326000.00,25194433000.00,23324684000.00,21041464000.00,49847446000.00,14216679000.00,23271189000.00,5454226000.00,44086520000.00,7933486000.00,15819183000.00,11373480000.00,14154874838.00,10906259000.00,3552548000.00,3635949000.00,16810000.00,2995322000.00,2968678000.00,3083639000.00,10119518537.00,2301442000.00,2381817000.00,2484778000.00,11159216875.00,2323734000.00,3035433000.00,2088054000.00,45986000.00,1853626000.00,1995469000.00,1904953000.00,10154276000.00,2136499000.00,3509911000.00,2391984000.00,8036154136.00,1906843000.00,2686002000.00,1977343000.00,9250397101.00,1989437000.00,1879311000.00,1441148000.00,4590683671.00,1120596000.00,5279000.00,1154931000.00,4207168610.00,948312.00,956687.00,1154209.00,2300272058.00,2102000.00,617137.00,613306.00,0.00
totalOtherIncomeExpenseNet,98964000.00,93142000.00,16950000.00,113385990.53,95316463.90,110092814.00,-50542000.00,-56182000.00,13260000.00,15131000.00,11631000.00,61388000.00,83983000.00,46599000.00,-86956000.00,48675326.00,43884000.00,35341000.00,25170000.00,51332000.00,46142000.00,24760000.00,24628000.00,13260225.00,27015205000.00,18886180000.00,18942484000.00,23767447762.00,8835719000.00,5811893000.00,-4196636000.00,18162323842.00,8140908000.00,3296806000.00,6560126000.00,60321253824.00,54958244000.00,2464674000.00,-8661514880.00,-10271465.00,-2854553000.00,-3947702000.00,-5349331000.00,-44364535278.00,-9413919000.00,-14032163000.00,-15059444000.00,-75978885450.00,-18826867000.00,-20516320000.00,-5420185990.00,-14754626.00,-2269300000.00,-30755614000.00,-303453960.00,-308499824000.00,-385113740.00,-50144687000.00,-5724534000.00,-77593241000.00,2582228000.00,14367884672.00,14994073109.00,-180877187501.00,21381665731.00,-38527983.00,-32112519.00,-118642655728.00,10821993955.00,0.00,15320542441.00,-66950015723.00,-12462458.00,-9690559.00,-8326153.00,-30573021806.00,0.00,-3310544.00,-2623893.00,0.00
discontinuedOperations,,,,,,,,,,,,,,,,,,,,0.00,0.00,0.00,0.00,0.00,0.00,0.00,0.00,0.00,0.00,0.00,0.00,0.00,0.00,0.00,0.00,0.00,0.00,0.00,123588.00,-364407.00,-79716.00,0.00,0.00,0.00,0.00,0.00,0.00,0.00,-186491.00,0.00,0.00,0.00,0.00,0.00,0.00,0.00,0.00,0.00,0.00,0.00,0.00,0.00,0.00,0.00,0.00,0.00,0.00,0.00,0.00,0.00,0.00,0.00,0.00,0.00,0.00,0.00,0.00,0.00,0.00,0.00
netIncomeFromContinuingOps,95055000.00,93332000.00,102246000.00,106726000.00,79054000.00,88115000.00,79929000.00,126376000.00,86064000.00,84257000.00,81110000.00,110260000.00,97721000.00,54089000.00,-65913000.00,49580000.00,45779000.00,40093000.00,30006000.00,48947000.00,37424000.00,24612000.00,37068000.00,31283225.00,23970572.00,18311495.00,23943708.00,86085032.00,16426034.00,12126878.00,3023326.00,6910656.00,9069469.00,12387070.00,5889737.00,-49826054.00,122177919.00,13354522.00,7342103.00,5141883.00,5171443.00,4202316.00,7227218.00,0.00,0.00,0.00,0.00,0.00,-2201693.00,-10300857.00,0.00,0.00,0.00,0.00,0.00,0.00,0.00,0.00,0.00,0.00,0.00,0.00,0.00,0.00,0.00,0.00,0.00,0.00,0.00,0.00,0.00,0.00,0.00,0.00,0.00,0.00,0.00,0.00,0.00,0.00
netIncomeApplicableToCommonShares,77924000.00,76164000.00,84319000.00,88153000.00,62710000.00,69909000.00,64057000.00,106003000.00,72804000.00,69126000.00,69479000.00,96617000.00,81997000.00,44091000.00,-59310000.00,35543000.00,33965000.00,28916000.00,22650000.00,37219000.00,27737000.00,17167000.00,26189000.00,21870930.00,16420958.00,11929438.00,15613674.00,20534000.00,10888172.00,10238000.00,1134896.00,5022226.00,15343759.00,10498640.00,15010469.00,5049296.00,63402121.00,11466057.00,5874761.00,3367171.00,3664679.00,2995866.00,6640239.00,14025000.00,2148000.00,14632000.00,347000.00,0.00,-2442229.00,-10354735.00,658000.00,111889000.00,-129763000.00,129763000.00,26392000.00,0.00,0.00,0.00,0.00,-2796000.00,2796000.00,11898000.00,12705000.00,15345000.00,20740000.00,31685000.00,16764000.00,14407000.00,10857000.00,9796000.00,15354000.00,9343000.00,8472000.00,22866000.00,9706000.00,8555000.00,7634000.00,5780000.00,3104000.00,0.00
preferredStockAndOtherAdjustments,,10342000.00,10342000.00,10342000.00,10342000.00,11214000.00,9056000.00,8673000.00,4913000.00,6414000.00,1888000.00,1890000.00,1888000.00,1888000.00,1888000.00,1890000.00,1888000.00,1888000.00,1888000.00,1890000.00,1888000.00,1888000.00,1888000.00,1888710.00,1888430.00,1888430.00,1888430.00,,1888430.00,1888430.00,1888430.00,1888430.00,1888430.00,1888430.00,1888430.00,1888430.00,1888430.00,1888465.00,1590930.00,1410305.00,1410333.00,1152617.00,533328.00,,,,,,,,,,,,,,,,,,,,,,,,,,,,,,,,,,,,,
