,2023-10-31,2023-07-31,2023-04-30,2023-01-31,2022-10-31,2022-07-31,2022-04-30,2022-01-31,2021-10-31,2021-07-31,2021-04-30,2021-01-31,2020-10-31,2020-08-31,2020-07-31,2020-05-31,2020-04-30,2020-02-29,2020-01-31,2019-11-30,2019-10-31,2019-08-31,2019-07-31,2019-04-30,2019-02-28,2019-01-31,2018-10-31,2018-07-31,2018-04-30,2018-01-31,2017-10-31,2017-07-31,2017-04-30,2017-01-31,2016-10-31,2016-07-31,2016-04-30,2016-01-31,2015-10-31,2015-07-31,2015-04-30,2015-01-31,2014-10-31,2014-07-31,2014-04-30,2014-01-31,2013-10-31,2013-07-31,2013-04-30,2013-01-31,2012-10-31,2012-07-31,2012-04-30,2012-01-31,2011-10-31,2011-07-31,2011-04-30,2011-01-31,2010-10-31,2010-07-31,2010-04-30,2010-01-31,2009-10-31,2009-07-31,2009-04-30,2009-01-31,2008-10-31,2008-07-31,2008-04-30,2008-01-31,2007-10-31,2007-07-31,2007-04-30,2007-01-31,2006-10-31,2006-07-31,2006-04-30,2006-01-31,2005-10-31,2005-07-31,2005-04-30,2005-01-31,2004-10-31,2004-07-31,2004-04-30,2004-01-31,2003-10-31,2003-07-31,2003-04-30,2003-01-31,2002-10-31,2002-07-31,2002-05-31,2002-04-30,2001-10-31,2001-07-31,2001-04-30,2001-01-31,2000-10-31,2000-07-31,2000-04-30,2000-01-31,1999-10-31,1999-07-31,1999-04-30,1999-01-31,1998-10-31,1998-07-31,1998-04-30,1998-01-31,1997-10-31,1997-07-31,1997-04-30,1997-01-31,1996-10-31,1996-07-31,1996-04-30,1996-01-31,1995-10-31,1995-07-31,1995-04-30,1995-01-31,1994-10-31,1994-07-31,1994-04-30,1994-01-31,1993-10-31,1993-07-31,1993-04-30,1993-01-31,1992-10-31,1992-07-31
date,2023-10-31,2023-07-31,2023-04-30,2023-01-31,2022-10-31,2022-07-31,2022-04-30,2022-01-31,2021-10-31,2021-07-31,2021-04-30,2021-01-31,2020-10-31,2020-08-31,2020-07-31,2020-05-31,2020-04-30,2020-02-29,2020-01-31,2019-11-30,2019-10-31,2019-08-31,2019-07-31,2019-04-30,2019-02-28,2019-01-31,2018-10-31,2018-07-31,2018-04-30,2018-01-31,2017-10-31,2017-07-31,2017-04-30,2017-01-31,2016-10-31,2016-07-31,2016-04-30,2016-01-31,2015-10-31,2015-07-31,2015-04-30,2015-01-31,2014-10-31,2014-07-31,2014-04-30,2014-01-31,2013-10-31,2013-07-31,2013-04-30,2013-01-31,2012-10-31,2012-07-31,2012-04-30,2012-01-31,2011-10-31,2011-07-31,2011-04-30,2011-01-31,2010-10-31,2010-07-31,2010-04-30,2010-01-31,2009-10-31,2009-07-31,2009-04-30,2009-01-31,2008-10-31,2008-07-31,2008-04-30,2008-01-31,2007-10-31,2007-07-31,2007-04-30,2007-01-31,2006-10-31,2006-07-31,2006-04-30,2006-01-31,2005-10-31,2005-07-31,2005-04-30,2005-01-31,2004-10-31,2004-07-31,2004-04-30,2004-01-31,2003-10-31,2003-07-31,2003-04-30,2003-01-31,2002-10-31,2002-07-31,2002-05-31,2002-04-30,2001-10-31,2001-07-31,2001-04-30,2001-01-31,2000-10-31,2000-07-31,2000-04-30,2000-01-31,1999-10-31,1999-07-31,1999-04-30,1999-01-31,1998-10-31,1998-07-31,1998-04-30,1998-01-31,1997-10-31,1997-07-31,1997-04-30,1997-01-31,1996-10-31,1996-07-31,1996-04-30,1996-01-31,1995-10-31,1995-07-31,1995-04-30,1995-01-31,1994-10-31,1994-07-31,1994-04-30,1994-01-31,1993-10-31,1993-07-31,1993-04-30,1993-01-31,1992-10-31,1992-07-31
filing_date,2023-11-21,2023-09-06,2023-05-25,2023-03-13,2022-11-23,2022-09-07,2022-05-26,2022-03-14,2021-11-23,2021-09-02,2021-06-02,2021-03-11,2020-12-03,2020-09-09,2020-09-09,2020-06-04,2020-06-04,2020-03-12,2020-03-12,2019-12-11,2019-12-11,2019-09-05,2019-09-05,2019-06-06,2019-03-14,2019-03-14,2018-12-12,2018-08-30,2018-06-01,2018-03-16,2017-12-07,2017-08-24,2017-05-23,2017-03-10,2016-12-02,2016-08-24,2016-05-25,2016-03-10,2015-12-04,2015-08-27,2015-05-27,2015-03-11,2014-12-05,2014-08-28,2014-05-29,2014-03-13,2013-12-09,2013-08-29,2013-05-30,2013-03-12,2012-11-29,2012-08-23,2012-05-24,2012-03-15,2011-11-30,2011-08-25,2011-05-26,2011-03-11,2010-11-19,2010-08-25,2010-06-09,2010-03-26,2009-12-02,2009-09-03,2009-06-04,2009-03-30,2008-12-04,2008-09-08,2008-06-05,2008-04-02,2007-12-06,2007-09-06,2007-06-07,2007-04-04,2006-12-01,2006-08-30,2006-05-31,2006-04-05,2005-12-05,2005-09-07,2005-06-03,2005-04-14,2004-12-06,2004-09-03,2004-06-07,2004-04-01,2003-12-05,2003-09-12,2003-06-13,2003-04-02,2002-12-17,2002-09-13,2002-06-12,2002-05-01,2001-12-05,2001-09-05,2001-06-07,2001-04-27,2000-12-11,2000-09-06,2000-06-01,2000-04-12,1999-11-24,1999-09-03,1999-06-10,1999-04-21,1998-11-24,1998-09-15,1998-06-12,1998-04-24,1997-12-09,1997-09-10,1997-06-16,1997-04-16,1996-11-27,1996-09-13,1996-06-14,1996-04-30,1995-10-31,1995-07-31,1995-04-30,1995-01-31,1994-10-31,1994-07-31,1994-04-30,1994-01-31,1993-10-31,1993-07-31,1993-04-30,1993-01-31,1992-10-31,1992-10-31
currency_symbol,,USD,USD,USD,USD,USD,USD,USD,USD,USD,USD,USD,USD,USD,USD,USD,USD,USD,USD,USD,USD,USD,USD,USD,USD,USD,USD,USD,USD,USD,USD,USD,USD,USD,USD,USD,USD,USD,USD,USD,USD,USD,USD,USD,USD,USD,USD,USD,USD,USD,USD,USD,USD,USD,USD,USD,USD,USD,USD,USD,USD,USD,USD,USD,USD,USD,USD,USD,USD,USD,USD,USD,USD,USD,USD,USD,USD,USD,USD,USD,USD,USD,USD,USD,USD,USD,USD,USD,USD,USD,USD,USD,USD,USD,USD,USD,USD,USD,USD,USD,USD,USD,USD,USD,USD,USD,USD,USD,USD,USD,USD,USD,USD,USD,USD,USD,USD,USD,USD,USD,USD,USD,USD,USD,USD,USD,USD,USD,USD,USD,USD,USD
totalAssets,3520786000.00,3431907000.00,3373894000.00,3420956000.00,3672477000.00,3629217000.00,3701518000.00,3786643000.00,3750015000.00,3495022000.00,3400666000.00,3434806000.00,3498215000.00,3627976000.00,3627976000.00,3630111000.00,3630111000.00,3328679000.00,3328679000.00,3452252000.00,3452252000.00,3359159000.00,3359159000.00,3255353000.00,1903378000.00,1903378000.00,1981482000.00,1850749000.00,1730914000.00,1816313000.00,1801780000.00,1686323000.00,1633193000.00,1782660000.00,1822540000.00,1693188000.00,1596296000.00,1612246000.00,1887836000.00,1760209000.00,1672760000.00,1691700000.00,1772072000.00,1680061000.00,1651877000.00,1694164000.00,1840086000.00,1780085000.00,1667044000.00,1756053000.00,1833133000.00,1978882000.00,1916452000.00,1950802000.00,1910452000.00,1866502000.00,1832338000.00,1879998000.00,1909124000.00,1849703000.00,1975190000.00,2138148000.00,2095908000.00,2010314000.00,1913297000.00,1963676000.00,1971419000.00,1945324000.00,1868495000.00,1867680000.00,1982823000.00,1847515000.00,1841083000.00,1987484000.00,1840294000.00,1736566000.00,1617258000.00,1605649000.00,1428583000.00,1463940000.00,1356623000.00,1293659000.00,1057225000.00,950872000.00,889049000.00,865071000.00,833363000.00,773984000.00,760026000.00,741339000.00,741107000.00,701740000.00,684563000.00,672721000.00,627424000.00,570303000.00,550783000.00,543046000.00,420822000.00,356799000.00,348512000.00,354628000.00,315503000.00,263682000.00,226947000.00,210948000.00,194999000.00,159720000.00,149785000.00,144795000.00,134570000.00,105410000.00,99730000.00,110438000.00,115594000.00,97360000.00,87901000.00,87901000.00,139700000.00,134500000.00,107300000.00,104100000.00,108400000.00,82900000.00,71400000.00,44300000.00,44300000.00,40100000.00,40100000.00,,,
intangibleAssets,88201000.00,90312000.00,92399000.00,94536000.00,96530000.00,98651000.00,100679000.00,102701000.00,52943000.00,54255000.00,56301000.00,57065000.00,37729000.00,38318000.00,38318000.00,39005000.00,39005000.00,39847000.00,39847000.00,40576000.00,40576000.00,41451000.00,41451000.00,42400000.00,43268000.00,43268000.00,44164000.00,45064000.00,45966000.00,46666000.00,46979000.00,47520000.00,48462000.00,49373000.00,49993000.00,50761000.00,51432000.00,51832000.00,46756000.00,47154000.00,47419000.00,47206000.00,47864000.00,48510000.00,49087000.00,49271000.00,44427000.00,44658000.00,37931000.00,38136000.00,38459000.00,38682000.00,39556000.00,39832000.00,40088000.00,40295000.00,40454000.00,40454000.00,6700000.00,,5300000.00,11413000.00,11210000.00,11165000.00,11181000.00,10831000.00,10706000.00,10741000.00,11370000.00,11402000.00,11479000.00,11722000.00,9950000.00,9950000.00,9950000.00,9950000.00,,9950000.00,10136000.00,10136000.00,10136000.00,10136000.00,10136000.00,10136000.00,10136000.00,10136000.00,15614000.00,23614000.00,23614000.00,23614000.00,23614000.00,23966000.00,23966000.00,23966000.00,23966000.00,24625000.00,,23780000.00,23780000.00,,,,,,,,,,,,,,,,,,,,,,,,,,,,,,,,,
earningAssets,,,,,,,,,,,,,,,,,,,,,,,,,,,,,,,,,,,,,,,,,,,,,,,,,,,,,,,,,,,,,,,,,,,,,,,,,,,,,,,,,,,,,,,,,,,,,,,,,,,,,,,,,,,,,,,,,,,,,,,,,,,,,,,,,,,,
otherCurrentAssets,103789000.00,117871000.00,127735000.00,102563000.00,146362000.00,171326000.00,139195000.00,122013000.00,66593000.00,118721000.00,88347000.00,120619000.00,130909000.00,155141000.00,155141000.00,144733000.00,144733000.00,65658000.00,65658000.00,54427000.00,54427000.00,69541000.00,69541000.00,70936000.00,102907000.00,102907000.00,87995000.00,93493000.00,87832000.00,78400000.00,61553000.00,110496000.00,94769000.00,77536000.00,77768000.00,90852000.00,82767000.00,77218000.00,143727000.00,136451000.00,136077000.00,132950000.00,126540000.00,127701000.00,132913000.00,129202000.00,158468000.00,162071000.00,144689000.00,132035000.00,124529000.00,142176000.00,123791000.00,123708000.00,111632000.00,139373000.00,133710000.00,101786000.00,103667000.00,140604000.00,135686000.00,107195000.00,106550000.00,108037000.00,108619000.00,105107000.00,97106000.00,110848000.00,133494000.00,82490000.00,88403000.00,105547000.00,97258000.00,81452000.00,76514000.00,70923000.00,67481000.00,12183000.00,75360000.00,75495000.00,104735000.00,73610000.00,61962000.00,61122000.00,50591000.00,44405000.00,51701000.00,48585000.00,52927000.00,47999000.00,47162000.00,49500000.00,45100000.00,42500000.00,47200000.00,60000000.00,49900000.00,43800000.00,30600000.00,36300000.00,31800000.00,20200000.00,19000000.00,28600000.00,21600000.00,10900000.00,13975000.00,14000000.00,11900000.00,10189000.00,11000000.00,10300000.00,9200000.00,8800000.00,8900000.00,9600000.00,7908000.00,7908000.00,8200000.00,9000000.00,5900000.00,3700000.00,10100000.00,9100000.00,10400000.00,6600000.00,6600000.00,2600000.00,2600000.00,,,
totalLiab,1782497000.00,1758908000.00,1754878000.00,1821793000.00,2209945000.00,2256294000.00,2318512000.00,2362971000.00,2353318000.00,2219491000.00,2225103000.00,2348141000.00,2430018000.00,2630076000.00,2630076000.00,2633128000.00,2633128000.00,2080826000.00,2080826000.00,2191867000.00,2191867000.00,2130582000.00,2130582000.00,2013602000.00,615823000.00,615823000.00,686070000.00,590172000.00,523533000.00,569522000.00,638581000.00,562024000.00,515320000.00,578091000.00,650580000.00,592791000.00,518988000.00,560870000.00,678563000.00,594531000.00,527355000.00,551954000.00,651825000.00,546214000.00,502719000.00,527986000.00,647377000.00,576412000.00,459919000.00,534866000.00,549562000.00,500468000.00,445921000.00,533951000.00,527910000.00,499515000.00,465874000.00,528927000.00,507840000.00,471713000.00,468833000.00,559631000.00,572603000.00,540457000.00,479827000.00,554645000.00,586615000.00,540007000.00,504025000.00,527216000.00,567899000.00,472677000.00,444983000.00,570172000.00,507507000.00,443178000.00,394159000.00,450097000.00,358881000.00,327688000.00,297728000.00,330173000.00,236782000.00,214596000.00,207763000.00,221401000.00,224852000.00,178154000.00,173980000.00,163857000.00,201564000.00,177719000.00,167064000.00,170669000.00,175520000.00,145171000.00,155772000.00,175351000.00,125778000.00,94777000.00,74883000.00,90127000.00,92655000.00,70282000.00,55818000.00,59751000.00,71499000.00,50324000.00,50976000.00,53987000.00,61144000.00,38596000.00,31905000.00,39382000.00,51031000.00,35765000.00,26891000.00,26891000.00,84700000.00,76600000.00,48100000.00,38300000.00,54900000.00,32800000.00,20100000.00,23000000.00,23000000.00,35700000.00,35700000.00,,,
totalStockholderEquity,1738289000.00,1672999000.00,1619016000.00,1599163000.00,1462532000.00,1372923000.00,1383006000.00,1423672000.00,1396697000.00,1275531000.00,1175563000.00,1086665000.00,1068197000.00,997900000.00,997900000.00,996983000.00,996983000.00,1247853000.00,1247853000.00,1260385000.00,1260385000.00,1228577000.00,1228577000.00,1241751000.00,1287555000.00,1287555000.00,1295412000.00,1260577000.00,1207381000.00,1246791000.00,1163199000.00,1124299000.00,1117873000.00,1204569000.00,1171960000.00,1100397000.00,1077308000.00,1051376000.00,1209273000.00,1165678000.00,1145405000.00,1139746000.00,1120247000.00,1133847000.00,1149158000.00,1166178000.00,1192709000.00,1203673000.00,1207125000.00,1221187000.00,1283571000.00,1478414000.00,1470531000.00,1416851000.00,1382542000.00,1366987000.00,1366464000.00,1351071000.00,1401284000.00,1377990000.00,1506357000.00,1578517000.00,1523305000.00,1469857000.00,1433470000.00,1409031000.00,1384804000.00,1405317000.00,1364470000.00,1340464000.00,1414924000.00,1374838000.00,1396100000.00,1417312000.00,1332787000.00,1293388000.00,1223099000.00,1155552000.00,1069702000.00,1136252000.00,1058895000.00,963486000.00,820443000.00,736276000.00,681286000.00,643670000.00,608511000.00,595830000.00,586046000.00,577482000.00,539543000.00,524021000.00,517499000.00,502052000.00,451904000.00,425132000.00,395011000.00,367695000.00,295044000.00,262022000.00,273629000.00,264501000.00,222848000.00,193400000.00,171129000.00,151197000.00,123500000.00,109396000.00,98809000.00,90808000.00,73426000.00,66814000.00,67825000.00,71056000.00,64563000.00,61595000.00,61010000.00,61010000.00,55000000.00,57900000.00,59200000.00,65800000.00,53500000.00,50100000.00,51300000.00,21300000.00,21300000.00,4400000.00,4400000.00,,,
deferredLongTermLiab,,,,,,,,,,,,,,,,,,,,,,,,,47377000.00,47377000.00,48220000.00,49569000.00,53630000.00,47977000.00,,50439000.00,,56551000.00,45114000.00,47677000.00,,54738000.00,50104000.00,53877000.00,,54516000.00,58988000.00,62779000.00,,59510000.00,65004000.00,67461000.00,,59571000.00,63220000.00,69598000.00,,73350000.00,71880000.00,77925000.00,,79131000.00,78606000.00,,83709000.00,,,,,,,,,,,,,,,,,,,,,,,,,,,,,,,,,,,,,,,,,,,,,,,,,,,,,,,,,,,,,,,,,,,,,,,
otherCurrentLiab,236302000.00,196927000.00,182689000.00,160867000.00,164822000.00,191068000.00,183259000.00,255917000.00,98160000.00,100663000.00,107252000.00,211765000.00,203669000.00,153032000.00,153032000.00,108234000.00,108234000.00,109875000.00,109875000.00,118753000.00,118753000.00,132702000.00,132702000.00,109193000.00,100687000.00,100687000.00,78709000.00,77300000.00,82897000.00,86898000.00,67834000.00,68971000.00,77421000.00,89776000.00,70418000.00,74251000.00,83714000.00,89175000.00,72020000.00,86127000.00,86800000.00,98417000.00,69605000.00,63561000.00,73881000.00,92578000.00,54071000.00,54413000.00,61163000.00,73086000.00,230301000.00,51036000.00,56562000.00,44970000.00,173655000.00,174920000.00,167764000.00,41001000.00,171058000.00,186297000.00,26866000.00,160273000.00,39925000.00,39765000.00,27284000.00,129248000.00,48280000.00,48934000.00,52845000.00,158293000.00,195631000.00,166835000.00,156714000.00,85620000.00,181989000.00,40397000.00,173526000.00,222426000.00,34923000.00,31784000.00,147938000.00,61898000.00,130546000.00,31049000.00,31272000.00,96057000.00,26776000.00,23696000.00,26126000.00,70907000.00,18616000.00,43934000.00,72096000.00,86510000.00,15258000.00,35616000.00,56293000.00,77915000.00,67738000.00,43438000.00,36508000.00,57725000.00,53259000.00,40481000.00,32499000.00,41200000.00,35733000.00,26317000.00,26987000.00,29381000.00,19921000.00,13613000.00,12798000.00,18952000.00,13029000.00,13750000.00,12384000.00,12384000.00,10500000.00,10000000.00,7900000.00,12600000.00,6900000.00,5500000.00,5400000.00,5600000.00,5600000.00,5600000.00,5600000.00,,,
commonStock,2496000.00,2496000.00,2496000.00,2496000.00,2496000.00,2496000.00,2496000.00,2496000.00,2496000.00,2496000.00,2496000.00,2496000.00,2496000.00,2496000.00,2496000.00,2496000.00,2496000.00,2496000.00,2496000.00,2496000.00,2496000.00,2496000.00,2496000.00,2496000.00,2496000.00,2496000.00,2496000.00,2496000.00,2496000.00,2496000.00,2496000.00,2496000.00,2496000.00,2496000.00,2496000.00,2496000.00,2496000.00,2496000.00,2496000.00,2496000.00,2496000.00,2496000.00,2496000.00,2496000.00,2496000.00,2496000.00,2496000.00,2496000.00,2496000.00,2496000.00,2496000.00,2496000.00,2496000.00,2496000.00,2496000.00,2496000.00,2496000.00,2496000.00,2496000.00,2496000.00,2496000.00,2486000.00,2486000.00,2486000.00,2486000.00,2485000.00,2485000.00,2485000.00,2485000.00,2481000.00,2481000.00,2481000.00,2473000.00,2461000.00,2453000.00,1698000.00,1620000.00,1608000.00,1605000.00,1603000.00,1590000.00,1517000.00,755000.00,750000.00,740000.00,735000.00,734000.00,734000.00,722000.00,733000.00,721000.00,721000.00,720000.00,718000.00,718000.00,718000.00,712000.00,704000.00,473000.00,473000.00,472000.00,467000.00,467000.00,466000.00,468000.00,461000.00,54967000.00,54840000.00,54325000.00,53837000.00,53339000.00,53284000.00,53276000.00,52900000.00,53951000.00,52535000.00,52501000.00,52501000.00,,,,,,,,,,,,,,
capitalStock,,2496000.00,2496000.00,2496000.00,2496000.00,2496000.00,2496000.00,,2496000.00,2496000.00,2496000.00,2496000.00,,,,,,,,,,,,,,,,,,,,,,,,,,,,,,,,,,,,,,,,,,,,,,,,,,,,,,,,,,,,,,,,,,,,,,,,,,,,,,,,,,,,,,,,,,,,,,,,,,,,,,,,,,,,,,,,,,,,,,,,
retainedEarnings,2234761000.00,2158294000.00,2130108000.00,2137126000.00,2080852000.00,2000021000.00,2224113000.00,2203772000.00,2185393000.00,2058448000.00,1951496000.00,1868613000.00,1865370000.00,1807687000.00,1807687000.00,1826413000.00,1826413000.00,2108292000.00,2108292000.00,2127312000.00,2127312000.00,2070077000.00,2070077000.00,2028627000.00,2054654000.00,2054654000.00,2002687000.00,1941536000.00,1904190000.00,1883592000.00,1812821000.00,1772233000.00,1774315000.00,1775775000.00,1744227000.00,1693371000.00,1675031000.00,1659267000.00,1602550000.00,1553380000.00,1545674000.00,1543085000.00,1506519000.00,1522856000.00,1542106000.00,1569851000.00,1587320000.00,1588094000.00,1592706000.00,1553058000.00,1522805000.00,1770546000.00,1774205000.00,1771464000.00,1744280000.00,1713778000.00,1716173000.00,1711929000.00,1745912000.00,1735503000.00,1749513000.00,1764049000.00,1726531000.00,1692990000.00,1691823000.00,1694161000.00,1682255000.00,1663156000.00,1624800000.00,1601784000.00,1482907000.00,1405414000.00,1350400000.00,1302345000.00,1171184000.00,1087012000.00,1031796000.00,978855000.00,882451000.00,820769000.00,774371000.00,726760000.00,636886000.00,583253000.00,553629000.00,528522000.00,493168000.00,483029000.00,474925000.00,468522000.00,429646000.00,402585000.00,392505000.00,379787000.00,335885000.00,305143000.00,289837000.00,274292000.00,225145000.00,195919000.00,193142000.00,180534000.00,143403000.00,119066000.00,102117000.00,89874000.00,64985000.00,51114000.00,41561000.00,35800000.00,18645000.00,12369000.00,13500000.00,17100000.00,10694000.00,8549000.00,8203000.00,8203000.00,2600000.00,4100000.00,12500000.00,12500000.00,500000.00,-2700000.00,-1300000.00,2100000.00,2100000.00,,,,,
otherLiab,,,,,,22894000.00,24055000.00,,24275000.00,23816000.00,24737000.00,,15627000.00,19604000.00,19604000.00,24633000.00,24633000.00,27335000.00,27335000.00,27896000.00,27896000.00,28302000.00,28302000.00,35142000.00,,73178000.00,78923000.00,82152000.00,88729000.00,84301000.00,,85741000.00,,94729000.00,84308000.00,87701000.00,,100502000.00,97188000.00,102387000.00,,98069000.00,105344000.00,106425000.00,,112508000.00,108920000.00,111613000.00,,98964000.00,106064000.00,114594000.00,,127700000.00,128550000.00,137023000.00,,142927000.00,141090000.00,,140487000.00,144781000.00,150676000.00,151606000.00,143375000.00,155438000.00,152882000.00,164001000.00,154292000.00,153692000.00,151038000.00,164787000.00,159411000.00,149724000.00,109708000.00,112469000.00,,99600000.00,88474000.00,93688000.00,87564000.00,84152000.00,76908000.00,21933000.00,21475000.00,18746000.00,18492000.00,15050000.00,9752000.00,5836000.00,5915000.00,8837000.00,7021000.00,4188000.00,1366000.00,1500000.00,1321000.00,1090000.00,1315000.00,1452000.00,1636000.00,,1617000.00,,,,,,,,,,,,,,,,,,,,,,,,,,,,,
goodWill,264825000.00,264964000.00,264896000.00,264945000.00,271209000.00,271406000.00,271398000.00,271416000.00,16389000.00,16365000.00,13395000.00,13267000.00,13135000.00,13114000.00,13114000.00,12968000.00,12968000.00,13157000.00,13157000.00,14890000.00,14890000.00,14875000.00,14875000.00,14821000.00,14899000.00,14899000.00,14898000.00,14926000.00,14962000.00,15070000.00,14972000.00,15069000.00,14772000.00,14887000.00,17315000.00,17399000.00,17520000.00,17186000.00,12978000.00,13006000.00,13243000.00,13096000.00,13512000.00,13616000.00,13598000.00,13530000.00,13792000.00,13814000.00,11434000.00,11484000.00,11492000.00,11445000.00,11544000.00,11469000.00,11511000.00,11668000.00,11710000.00,11472000.00,11395000.00,11364000.00,11413000.00,11210000.00,11165000.00,11181000.00,10831000.00,10706000.00,10741000.00,11370000.00,11402000.00,11479000.00,11722000.00,9950000.00,9950000.00,9950000.00,9950000.00,9950000.00,9950000.00,9950000.00,10136000.00,10000000.00,10136000.00,10136000.00,10136000.00,10136000.00,10136000.00,10136000.00,15614000.00,23614000.00,23614000.00,23614000.00,23966000.00,24000000.00,24000000.00,24000000.00,23966000.00,24600000.00,26416000.00,26600000.00,23780000.00,8200000.00,8200000.00,,,,,,,,,,,,,,,,,,,,,,,,,,,,,,,
otherAssets,,77899000.00,70727000.00,92721000.00,70727000.00,88992000.00,95517000.00,,93568000.00,91637000.00,76480000.00,,62058000.00,63335000.00,63335000.00,59173000.00,59173000.00,73709000.00,73709000.00,67729000.00,67729000.00,66185000.00,66185000.00,58634000.00,,56809000.00,63238000.00,61329000.00,63211000.00,123544000.00,,145400000.00,,159021000.00,173634000.00,177203000.00,,160748000.00,185285000.00,124955000.00,,111539000.00,126418000.00,116554000.00,,133187000.00,116017000.00,112224000.00,,1000.00,98223000.00,87668000.00,,84367000.00,81152000.00,75821000.00,,88488000.00,62468000.00,,229761000.00,251306000.00,257976000.00,260437000.00,233785000.00,274235000.00,298077000.00,315568000.00,367351000.00,394025000.00,221278000.00,229019000.00,204099000.00,247222000.00,307585000.00,190592000.00,,195838000.00,179459000.00,160185000.00,162018000.00,159932000.00,112806000.00,69646000.00,63239000.00,61962000.00,60759000.00,60519000.00,54548000.00,54496000.00,45982000.00,46592000.00,44478000.00,44607000.00,36960000.00,38489000.00,40171000.00,43731000.00,41012000.00,14801000.00,15041000.00,,18836000.00,,,,,,,,,,,,,,,,,,,,,,,,,,,,,
cash,240940000.00,175315000.00,117841000.00,170209000.00,82133000.00,98214000.00,228775000.00,434770000.00,740668000.00,773994000.00,716679000.00,850477000.00,692356000.00,898787000.00,898787000.00,855769000.00,855769000.00,361930000.00,361930000.00,214514000.00,214514000.00,267166000.00,267166000.00,304671000.00,333330000.00,333330000.00,279872000.00,323322000.00,289700000.00,413613000.00,257527000.00,192558000.00,225197000.00,378613000.00,291667000.00,247934000.00,238976000.00,260067000.00,363116000.00,327290000.00,326907000.00,410697000.00,280445000.00,262628000.00,327699000.00,418933000.00,354284000.00,345188000.00,383175000.00,509119000.00,544683000.00,696077000.00,713443000.00,719545000.00,380284000.00,389299000.00,474668000.00,667593000.00,630775000.00,425523000.00,535239000.00,693960000.00,512603000.00,500263000.00,418807000.00,473342000.00,332837000.00,353390000.00,338238000.00,116061000.00,104877000.00,123717000.00,69791000.00,59737000.00,121216000.00,331358000.00,168572000.00,130529000.00,216047000.00,202538000.00,250298000.00,275061000.00,273755000.00,223353000.00,212449000.00,251324000.00,92754000.00,119328000.00,106955000.00,194526000.00,115396000.00,109246000.00,120054000.00,180398000.00,72951000.00,75497000.00,113865000.00,133446000.00,70959000.00,19865000.00,34004000.00,76581000.00,52028000.00,49099000.00,63168000.00,71940000.00,44045000.00,36266000.00,44274000.00,48359000.00,12627000.00,4386000.00,14261000.00,34326000.00,8918000.00,16327000.00,17857000.00,17857000.00,3300000.00,500000.00,200000.00,10400000.00,200000.00,200000.00,11700000.00,100000.00,100000.00,300000.00,300000.00,,,
cashAndEquivalents,,,,,170209000.00,82133000.00,,,,0.00,,,,,,,,,,,,,,,,,,,,,,,,,,,,,,,,,,,,,,,,,,,,,,,,,,,,,,,,,,,,,,,,,,,,,,,,,,,,,,,,,,,,,,,,,,,,,,,,,,,,,,,,,,,,,,,,,,,,,,,,,,
totalCurrentLiabilities,831231000.00,762476000.00,716437000.00,768948000.00,685430000.00,718061000.00,737479000.00,842871000.00,869572000.00,769218000.00,744483000.00,858482000.00,894336000.00,840414000.00,840414000.00,662227000.00,662227000.00,751756000.00,751756000.00,810152000.00,810152000.00,763646000.00,763646000.00,649797000.00,542645000.00,542645000.00,607147000.00,508020000.00,434804000.00,485221000.00,552840000.00,471982000.00,420591000.00,493783000.00,562879000.00,498531000.00,418486000.00,463682000.00,578143000.00,492144000.00,428788000.00,453885000.00,546481000.00,439789000.00,395737000.00,415478000.00,538457000.00,464799000.00,347135000.00,435902000.00,443498000.00,385874000.00,318221000.00,405401000.00,396549000.00,362492000.00,322947000.00,387837000.00,367562000.00,331226000.00,324052000.00,408955000.00,420997000.00,397082000.00,324389000.00,401763000.00,422614000.00,385715000.00,350333000.00,376178000.00,403112000.00,313266000.00,295259000.00,460464000.00,395038000.00,338626000.00,294559000.00,361623000.00,265193000.00,240124000.00,213576000.00,253265000.00,214849000.00,181652000.00,176357000.00,189035000.00,194589000.00,153302000.00,152125000.00,141586000.00,176064000.00,153298000.00,144214000.00,149942000.00,153668000.00,121621000.00,131680000.00,149147000.00,124326000.00,93141000.00,73266000.00,88425000.00,92655000.00,70282000.00,55818000.00,59751000.00,71499000.00,50324000.00,50976000.00,53987000.00,61144000.00,38596000.00,31905000.00,39382000.00,51031000.00,35765000.00,26891000.00,26891000.00,84700000.00,76600000.00,48100000.00,38300000.00,54900000.00,32700000.00,20100000.00,15600000.00,15600000.00,28300000.00,28300000.00,,,
currentDeferredRevenue,19255000.00,17372000.00,,36483000.00,36483000.00,,,44167000.00,157158000.00,158550000.00,107738000.00,62181000.00,39794000.00,43165000.00,43165000.00,48503000.00,48503000.00,56974000.00,56974000.00,32411000.00,32411000.00,34742000.00,34742000.00,42025000.00,53997000.00,53997000.00,30392000.00,33185000.00,39918000.00,52347000.00,29475000.00,32573000.00,39744000.00,52966000.00,30130000.00,31532000.00,38508000.00,48274000.00,28259000.00,30502000.00,37385000.00,47888000.00,27712000.00,29092000.00,35578000.00,47194000.00,24689000.00,26389000.00,33435000.00,46458000.00,59203000.00,24342000.00,30783000.00,48761000.00,47254000.00,48585000.00,,48059000.00,50910000.00,,118844000.00,60156000.00,114489000.00,112700000.00,130434000.00,45447000.00,93897000.00,102286000.00,92225000.00,47004000.00,48935000.00,44194000.00,39971000.00,47732000.00,42100000.00,111893000.00,,46976000.00,115462000.00,95914000.00,,47754000.00,33644000.00,75039000.00,71476000.00,16816000.00,64921000.00,60488000.00,60702000.00,15846000.00,54368000.00,20521000.00,-2638000.00,20321000.00,57172000.00,36417000.00,28375000.00,24894000.00,,,,,,,,,,,,,,,,,,,,,,,,,,,,,,,,,,
netDebt,980977000.00,1108289000.00,1220862000.00,1197160000.00,1751648000.00,1744312000.00,1645827000.00,1371718000.00,1018955000.00,940606000.00,1036765000.00,952179000.00,1171801000.00,1220192000.00,1220192000.00,1418865000.00,1418865000.00,1238966000.00,1238966000.00,1431617000.00,1431617000.00,1350675000.00,1350675000.00,1290811000.00,-333330000.00,-333330000.00,-279872000.00,-323322000.00,-289700000.00,-413613000.00,-257527000.00,-192558000.00,-225197000.00,-378613000.00,-291667000.00,-247934000.00,-238976000.00,-260067000.00,-363116000.00,-327290000.00,-326907000.00,-410697000.00,-280445000.00,-262628000.00,-327699000.00,-418933000.00,-354284000.00,-345188000.00,-383175000.00,-509119000.00,-544683000.00,-696077000.00,-713443000.00,-719545000.00,-380284000.00,-389299000.00,-474668000.00,-667593000.00,-630775000.00,-425523000.00,-500374000.00,-663960000.00,-444998000.00,-407624000.00,-343807000.00,-398342000.00,-243971000.00,-264402000.00,-174611000.00,-103108000.00,-104877000.00,-123717000.00,-69791000.00,-59737000.00,-121216000.00,-320956000.00,-168572000.00,-70442000.00,-141604000.00,-133824000.00,-250298000.00,-275061000.00,-273755000.00,-207052000.00,-194957000.00,-232618000.00,-72667000.00,-99635000.00,-86408000.00,-173945000.00,-89804000.00,-83066000.00,-97280000.00,-156993000.00,-48559000.00,-49064000.00,-86674000.00,-104257000.00,-70959000.00,-19865000.00,-34004000.00,-76581000.00,-52028000.00,-49099000.00,-63168000.00,-71940000.00,-44045000.00,-36266000.00,-44274000.00,-48359000.00,-12627000.00,-4386000.00,-14261000.00,-34326000.00,-8918000.00,-16327000.00,-17857000.00,-17857000.00,36500000.00,28300000.00,16700000.00,-10400000.00,17900000.00,3200000.00,-11700000.00,7300000.00,7300000.00,18500000.00,18500000.00,,,
shortTermDebt,294898000.00,309517000.00,321430000.00,337258000.00,332160000.00,328348000.00,317844000.00,311005000.00,299693000.00,288534000.00,297561000.00,328624000.00,346321000.00,348921000.00,348921000.00,328366000.00,328366000.00,299161000.00,299161000.00,292312000.00,292312000.00,279207000.00,279207000.00,266819000.00,147290000.00,147290000.00,154686000.00,133288000.00,104215000.00,109273000.00,124815000.00,94959000.00,94569000.00,104837000.00,148220000.00,106057000.00,93572000.00,143444000.00,172875000.00,112370000.00,101364000.00,116434000.00,139816000.00,92334000.00,90575000.00,71834000.00,106469000.00,91877000.00,90759000.00,139484000.00,,138841000.00,97015000.00,127887000.00,,,,131054000.00,,,34865000.00,30000000.00,67605000.00,92639000.00,75000000.00,75000000.00,88866000.00,88988000.00,88995000.00,12953000.00,,,,155962000.00,,10402000.00,,,10422000.00,10377000.00,,67269000.00,,4832000.00,4832000.00,4832000.00,4874000.00,4593000.00,4528000.00,4225000.00,8929000.00,8780000.00,4112000.00,4044000.00,4040000.00,4204000.00,4189000.00,4300000.00,,,,,,,,,,,,,,,,,,,,,39800000.00,28800000.00,16900000.00,16900000.00,18100000.00,3400000.00,3400000.00,,,11400000.00,11400000.00,,,
shortLongTermDebt,,,,,,,,,,,,,,,,,,,,,,,,266819000.00,,,,,,,,,,,,,,,,,,,,,,,,,,,,,,,,,,,,,,,,,,,,,,,,,,,,,,,,,,,,,,,,,,,,,,,,,,,,,,,,,,,,,,,,,,,,,,,,,,,,,,,,,,,,
shortLongTermDebtTotal,1221917000.00,1283604000.00,1338703000.00,1367369000.00,1833781000.00,1842526000.00,1874602000.00,1806488000.00,1759623000.00,1714600000.00,1753444000.00,1802656000.00,1864157000.00,2118979000.00,2118979000.00,2274634000.00,2274634000.00,1600896000.00,1600896000.00,1646131000.00,1646131000.00,1617841000.00,1617841000.00,1595482000.00,,,,,,,,,,,,,,,,,,,,,,,,,,,,,,,,,,,,,34865000.00,30000000.00,67605000.00,92639000.00,75000000.00,75000000.00,88866000.00,88988000.00,163627000.00,12953000.00,,,,,,10402000.00,,60087000.00,74443000.00,68714000.00,,,,16301000.00,17492000.00,18706000.00,20087000.00,19693000.00,20547000.00,20581000.00,25592000.00,26180000.00,22774000.00,23405000.00,24392000.00,26433000.00,27191000.00,29189000.00,,,,,,,,,,,,,,,,,,,,,39800000.00,28800000.00,16900000.00,16900000.00,18100000.00,3400000.00,3400000.00,7400000.00,7400000.00,18800000.00,18800000.00,,,
otherStockholderEquity,-466103000.00,-476225000.00,-486811000.00,-507829000.00,-579549000.00,-589577000.00,-803288000.00,-741751000.00,-752143000.00,-748519000.00,-740619000.00,-743696000.00,-754996000.00,-764292000.00,-764292000.00,-776876000.00,-776876000.00,-829767000.00,-829767000.00,-833562000.00,-833562000.00,-807366000.00,-807366000.00,-754018000.00,-734763000.00,-734763000.00,-670633000.00,-650809000.00,-664369000.00,-608502000.00,-617320000.00,-620309000.00,-626267000.00,-537240000.00,-543603000.00,-566114000.00,-575735000.00,-580519000.00,-375976000.00,-371820000.00,-391721000.00,-395891000.00,-399644000.00,-407454000.00,-411537000.00,-418326000.00,-420590000.00,-411314000.00,-416872000.00,-363664000.00,-270909000.00,-322701000.00,-336702000.00,-385768000.00,-393408000.00,-381979000.00,-385778000.00,-391426000.00,-373875000.00,-379259000.00,-266708000.00,-204856000.00,-222190000.00,-241186000.00,-261287000.00,-273226000.00,-276618000.00,-286435000.00,-292168000.00,-299286000.00,-112501000.00,-62438000.00,16696000.00,90792000.00,133125000.00,179624000.00,163999000.00,154102000.00,174244000.00,316568000.00,285199000.00,223268000.00,170519000.00,154059000.00,134999000.00,111756000.00,111517000.00,111348000.00,110427000.00,110511000.00,112673000.00,137300000.00,152700000.00,131200000.00,130500000.00,141700000.00,131900000.00,100100000.00,77400000.00,77000000.00,93400000.00,94900000.00,97100000.00,108444000.00,72700000.00,65600000.00,32198000.00,8300000.00,7700000.00,24444000.00,6100000.00,6300000.00,6800000.00,6700000.00,6300000.00,5000000.00,24821000.00,24821000.00,76400000.00,77300000.00,69400000.00,75600000.00,75400000.00,74400000.00,74000000.00,40300000.00,40300000.00,25400000.00,25400000.00,,,
propertyPlantEquipment,,1797241000.00,1816371000.00,1868513000.00,1816371000.00,1938641000.00,1986254000.00,,1955334000.00,1813516000.00,1758710000.00,,1779773000.00,650397000.00,1930842000.00,667258000.00,1960027000.00,735120000.00,2154036000.00,764350000.00,2250483000.00,754031000.00,2216575000.00,744670000.00,742149000.00,742149000.00,735714000.00,732350000.00,732179000.00,724239000.00,,726168000.00,,710500000.00,707797000.00,708488000.00,,706221000.00,703586000.00,709261000.00,,694856000.00,714166000.00,732834000.00,,637417000.00,630206000.00,593879000.00,,509633000.00,537058000.00,544751000.00,,572104000.00,582162000.00,635540000.00,,641907000.00,643120000.00,,657131000.00,677880000.00,713142000.00,741019000.00,745086000.00,739702000.00,740240000.00,748265000.00,718639000.00,667691000.00,625568000.00,597948000.00,552218000.00,523487000.00,481645000.00,440868000.00,,356614000.00,345518000.00,351855000.00,351331000.00,349493000.00,353213000.00,310512000.00,299115000.00,277193000.00,278689000.00,288230000.00,277619000.00,270903000.00,267479000.00,270283000.00,263989000.00,262959000.00,257731000.00,251172000.00,235682000.00,201830000.00,183373000.00,140321000.00,122075000.00,,103103000.00,,,,,,,,,,,,,,,,,,,,,,,,,,,,,
totalCurrentAssets,1353418000.00,1201491000.00,1129501000.00,1100241000.00,1277105000.00,1177389000.00,1280539000.00,1396924000.00,1775530000.00,1601583000.00,1495780000.00,1522643000.00,1507786000.00,1582367000.00,1582367000.00,1558938000.00,1558938000.00,1047930000.00,1047930000.00,1078574000.00,1078574000.00,1020073000.00,1020073000.00,950603000.00,1046253000.00,1046253000.00,1123468000.00,997080000.00,874596000.00,968530000.00,930212000.00,817185000.00,763672000.00,901229000.00,936849000.00,826219000.00,729327000.00,723375000.00,1050347000.00,922975000.00,859639000.00,885305000.00,931488000.00,830673000.00,857581000.00,923560000.00,1093863000.00,1073982000.00,1036606000.00,1141800000.00,1197852000.00,1346463000.00,1259981000.00,1287488000.00,1205841000.00,1155141000.00,1101943000.00,1174410000.00,1187997000.00,962811000.00,1046004000.00,1167030000.00,1094452000.00,1004443000.00,899360000.00,925359000.00,907586000.00,859334000.00,806779000.00,1020834000.00,1155856000.00,1091198000.00,1070374000.00,1198254000.00,1208834000.00,1165695000.00,1064806000.00,1080672000.00,916543000.00,950591000.00,847198000.00,827640000.00,677067000.00,588518000.00,549894000.00,525623000.00,484614000.00,441817000.00,434627000.00,427878000.00,424232000.00,393273000.00,376997000.00,378030000.00,337763000.00,294450000.00,305222000.00,318661000.00,265700000.00,219683000.00,226573000.00,262562000.00,229710000.00,187135000.00,162980000.00,154504000.00,139040000.00,109824000.00,103404000.00,102473000.00,93503000.00,65353000.00,60614000.00,73760000.00,80136000.00,62863000.00,52701000.00,52701000.00,99800000.00,95800000.00,72500000.00,72800000.00,82200000.00,59900000.00,52200000.00,27700000.00,27700000.00,27300000.00,27300000.00,,,
longTermInvestments,,,,,,,,,,,,,,,,,,,,,,,,,,,,,,,,,,,,,,,,,,,,,,,,,,,,,,,648000.00,648000.00,,,,,,,,,,,,,,,,,,,,,,,,,,,,,,,,,,,,,,,,,,,,,,,,,,,,,,,,,,,,,,,,,,,,,,,,,,,,
netTangibleAssets,,,,,,1094793000.00,1002866000.00,,1010929000.00,1327365000.00,1105867000.00,,1016333000.00,1017333000.00,946468000.00,945010000.00,945010000.00,1194849000.00,1194849000.00,1204919000.00,1204919000.00,1172251000.00,1172251000.00,1184530000.00,1229388000.00,1229388000.00,1236350000.00,1200587000.00,1146453000.00,1185055000.00,,1101248000.00,,1054639000.00,1140309000.00,1104652000.00,,1008356000.00,982358000.00,1149539000.00,,1079444000.00,1058871000.00,1071721000.00,,1103377000.00,1134490000.00,1145201000.00,,1171567000.00,1233620000.00,1428287000.00,,1419431000.00,1365550000.00,1315024000.00,,1314300000.00,1339599000.00,,1366626000.00,,,,,,,,,,,,,,,,,,,,,,,,,,,,,,,,,,,,,,,,,,,,,,,,,,,,,,,,,,,,,,,,,,,,,,,
shortTermInvestments,,388000.00,384000.00,85249000.00,384000.00,104000.00,103000.00,,83602000.00,50000000.00,75000000.00,75000000.00,325507000.00,494041000.00,0.00,29956000.00,29956000.00,55000000.00,55000000.00,50000000.00,50000000.00,50000000.00,50000000.00,45000000.00,92135000.00,92135000.00,79856000.00,40000000.00,20000000.00,229500000.00,72000000.00,29800000.00,,113300000.00,82100000.00,74000000.00,,54700000.00,54700000.00,78500000.00,,92700000.00,95200000.00,75800000.00,,10002000.00,2930000.00,59678000.00,113041000.00,121873000.00,155000000.00,5995000.00,8587000.00,25499000.00,101036000.00,124697000.00,130513000.00,67102000.00,3700000.00,5800000.00,9025000.00,4675000.00,3300000.00,2525000.00,30525000.00,10511000.00,11100000.00,26936000.00,31195000.00,503878000.00,535905000.00,510888000.00,588926000.00,767376000.00,636711000.00,482732000.00,602796000.00,620989000.00,340328000.00,422636000.00,310999000.00,314546000.00,110885000.00,109258000.00,113819000.00,86488000.00,113324000.00,89638000.00,107066000.00,47047000.00,57576000.00,67756000.00,62377000.00,45085000.00,11853000.00,,10145000.00,27927000.00,28230000.00,46390000.00,63964000.00,91911000.00,63826000.00,21797000.00,11858000.00,13360000.00,13360000.00,,,,,,,,,,,,,,,,,,,,,,,,,
netReceivables,239374000.00,271333000.00,259074000.00,242386000.00,250879000.00,220803000.00,230469000.00,286683000.00,228461000.00,155361000.00,149056000.00,146102000.00,124560000.00,107243000.00,107243000.00,106751000.00,106751000.00,119064000.00,119064000.00,112304000.00,112304000.00,98604000.00,98604000.00,73836000.00,93477000.00,93477000.00,84074000.00,74153000.00,72800000.00,78304000.00,77113000.00,80673000.00,79432000.00,86634000.00,74812000.00,65282000.00,73283000.00,80912000.00,63775000.00,50693000.00,64010000.00,67894000.00,55875000.00,47028000.00,67720000.00,73882000.00,59277000.00,45965000.00,55193000.00,46321000.00,47432000.00,40202000.00,37472000.00,40310000.00,41138000.00,31530000.00,31464000.00,36721000.00,40346000.00,41793000.00,39637000.00,34746000.00,46584000.00,40799000.00,62176000.00,41471000.00,44634000.00,26697000.00,41651000.00,31920000.00,33603000.00,29783000.00,39553000.00,26045000.00,25762000.00,13290000.00,30645000.00,29146000.00,31332000.00,22151000.00,27417000.00,26432000.00,25493000.00,24945000.00,26249000.00,22820000.00,33039000.00,25230000.00,21474000.00,13598000.00,22182000.00,17971000.00,35172000.00,17627000.00,29693000.00,13859000.00,27561000.00,29466000.00,24508000.00,28546000.00,15031000.00,13471000.00,13020000.00,13276000.00,9733000.00,8560000.00,6086000.00,5153000.00,5771000.00,7647000.00,10968000.00,9021000.00,1637000.00,3556000.00,4094000.00,2667000.00,2467000.00,2467000.00,10800000.00,7300000.00,6100000.00,8700000.00,9500000.00,5400000.00,5400000.00,,,,,,,
longTermDebt,,3225000.00,30225000.00,8911000.00,30225000.00,411911000.00,376522000.00,,405807000.00,336249000.00,329718000.00,329718000.00,325290000.00,321081000.00,516953000.00,642972000.00,642972000.00,642972000.00,,,,,,1328663000.00,,,0.00,0.00,0.00,0.00,,0.00,,0.00,0.00,0.00,,0.00,0.00,0.00,,0.00,0.00,0.00,,0.00,0.00,0.00,,0.00,0.00,0.00,,0.00,0.00,0.00,,0.00,0.00,,0.00,,,,,,,,,,,,,,,,,,,,,,,,11469000.00,12660000.00,13874000.00,15213000.00,15100000.00,16019000.00,16356000.00,16663000.00,17400000.00,18662000.00,19361000.00,20352000.00,22229000.00,23002000.00,24889000.00,,,,,,,,,,,,,,,,,,,,,,,,,,,,,,,,,
inventory,769315000.00,636972000.00,624851000.00,585083000.00,797731000.00,687046000.00,682100000.00,553458000.00,739808000.00,503507000.00,466698000.00,405445000.00,559961000.00,421196000.00,421196000.00,421729000.00,421729000.00,446278000.00,446278000.00,647329000.00,647329000.00,534762000.00,534762000.00,456160000.00,424404000.00,424404000.00,591671000.00,466112000.00,404264000.00,398213000.00,534019000.00,433458000.00,364274000.00,358446000.00,492602000.00,422151000.00,334301000.00,305178000.00,479729000.00,408541000.00,332645000.00,278972000.00,468628000.00,393316000.00,329249000.00,291541000.00,518904000.00,461080000.00,340508000.00,332452000.00,481208000.00,462013000.00,376688000.00,378426000.00,571751000.00,470242000.00,331588000.00,301208000.00,409509000.00,349091000.00,326417000.00,326454000.00,425415000.00,352819000.00,279233000.00,294928000.00,421909000.00,341463000.00,262201000.00,286485000.00,393068000.00,321263000.00,274846000.00,263644000.00,348631000.00,267392000.00,195312000.00,210739000.00,253476000.00,227771000.00,153749000.00,137991000.00,204972000.00,169840000.00,146786000.00,120586000.00,193796000.00,159036000.00,146205000.00,124708000.00,181916000.00,148781000.00,114183000.00,91096000.00,175968000.00,145095000.00,103732000.00,84064000.00,111386000.00,88560000.00,81813000.00,60375000.00,81912000.00,74363000.00,56587000.00,49688000.00,74934000.00,54322000.00,41366000.00,36278000.00,58913000.00,41741000.00,35486000.00,27117000.00,58227000.00,34329000.00,24469000.00,24469000.00,77500000.00,79000000.00,60300000.00,50000000.00,62400000.00,45200000.00,30100000.00,21000000.00,21000000.00,24400000.00,24400000.00,,,
accountsPayable,300031000.00,238660000.00,212318000.00,234340000.00,188448000.00,198645000.00,236376000.00,231782000.00,314561000.00,221471000.00,231932000.00,255912000.00,304552000.00,295296000.00,295296000.00,177124000.00,177124000.00,285746000.00,285746000.00,366676000.00,366676000.00,316995000.00,316995000.00,231760000.00,240671000.00,240671000.00,343360000.00,264247000.00,207774000.00,236703000.00,330716000.00,275479000.00,208857000.00,246204000.00,314111000.00,286691000.00,202692000.00,182789000.00,304989000.00,263145000.00,203239000.00,191146000.00,309348000.00,254802000.00,195703000.00,203872000.00,353228000.00,292120000.00,161778000.00,176874000.00,213197000.00,171655000.00,133861000.00,183783000.00,222894000.00,187572000.00,155183000.00,167723000.00,196504000.00,144929000.00,143477000.00,158526000.00,198978000.00,151978000.00,91671000.00,152068000.00,191571000.00,145507000.00,116268000.00,157928000.00,207481000.00,146431000.00,138545000.00,171150000.00,213049000.00,175934000.00,121033000.00,139197000.00,104386000.00,102049000.00,65638000.00,76344000.00,84303000.00,70732000.00,68777000.00,71330000.00,98018000.00,64525000.00,60769000.00,50608000.00,94151000.00,80063000.00,70644000.00,39067000.00,77198000.00,45384000.00,42823000.00,42038000.00,56588000.00,49703000.00,36758000.00,30700000.00,39396000.00,29801000.00,23319000.00,18551000.00,35766000.00,24007000.00,23989000.00,24606000.00,41223000.00,24983000.00,19107000.00,20430000.00,38002000.00,22015000.00,14507000.00,14507000.00,34400000.00,37800000.00,23300000.00,25700000.00,29900000.00,23800000.00,14700000.00,10000000.00,10000000.00,11300000.00,11300000.00,,,
totalPermanentEquity,,,,,,,,,,,,,,,,,,,,,,,,,,,0.00,0.00,0.00,0.00,,0.00,,0.00,0.00,0.00,,0.00,0.00,0.00,,0.00,0.00,0.00,,0.00,0.00,0.00,,0.00,0.00,0.00,,0.00,0.00,0.00,,0.00,0.00,,0.00,,,,,,,,,,,,,,,,,,,,,,,,,,,,,,,,,,,,,,,,,,,,,,,,,,,,,,,,,,,,,,,,,,,,,,,
noncontrollingInterestInConsolidatedEntity,,,,,,,,,,,,,,,,,,,,,,,,,,,0.00,0.00,0.00,0.00,,0.00,,0.00,0.00,0.00,,0.00,0.00,0.00,,0.00,0.00,0.00,,0.00,0.00,0.00,,0.00,0.00,0.00,,0.00,0.00,0.00,,0.00,0.00,,0.00,,,,,,,,,,,,,,,,,,,,,,,,,,,,,,,,,,,,,,,,,,,,,,,,,,,,,,,,,,,,,,,,,,,,,,,
temporaryEquityRedeemableNoncontrollingInterests,,,,,,,,,,,,,,,,,,,,,,,,,,,0.00,0.00,0.00,0.00,,0.00,,0.00,0.00,0.00,,0.00,0.00,0.00,,0.00,0.00,0.00,,0.00,0.00,0.00,,0.00,0.00,0.00,,0.00,0.00,0.00,,0.00,0.00,,0.00,,,,,,,,,,,,,,,,,,,,,,,,,,,,,,,,,,,,,,,,,,,,,,,,,,,,,,,,,,,,,,,,,,,,,,,
accumulatedOtherComprehensiveIncome,-32865000.00,-11566000.00,-26777000.00,-32630000.00,-41267000.00,-40017000.00,-40315000.00,-40845000.00,-39049000.00,-36894000.00,-37810000.00,-40748000.00,-44673000.00,-47991000.00,-47991000.00,-55050000.00,-55050000.00,-33168000.00,-33168000.00,-35861000.00,-35861000.00,-36630000.00,-36630000.00,-35354000.00,-34832000.00,-34832000.00,-39138000.00,-32646000.00,-34936000.00,-30795000.00,-34798000.00,-30121000.00,-32671000.00,-36462000.00,-31160000.00,-29356000.00,-24484000.00,-29868000.00,-19797000.00,-18378000.00,-11044000.00,-9944000.00,10876000.00,15949000.00,16093000.00,12157000.00,23483000.00,24397000.00,28795000.00,29297000.00,29179000.00,28073000.00,30532000.00,28659000.00,29174000.00,32692000.00,33573000.00,28072000.00,26751000.00,19250000.00,21056000.00,16838000.00,16478000.00,15567000.00,448000.00,-14389000.00,-23318000.00,26111000.00,29353000.00,35485000.00,42037000.00,29381000.00,26531000.00,21714000.00,26025000.00,25054000.00,25684000.00,20987000.00,11402000.00,-2688000.00,-2265000.00,11941000.00,12283000.00,-1786000.00,-8082000.00,2657000.00,3092000.00,719000.00,-28000.00,-2284000.00,-3497000.00,-8345000.00,-14155000.00,-4841000.00,-7611000.00,-11198000.00,-13710000.00,-3671000.00,-4041000.00,-5683000.00,-6742000.00,-5690000.00,-9123000.00,-6235000.00,-2089000.00,-2419000.00,-2792000.00,-2397000.00,-2362000.00,-1992000.00,-2298000.00,-2579000.00,-2865000.00,71056000.00,-3156000.00,-2235000.00,-2440000.00,-24515000.00,-24000000.00,-23500000.00,-22700000.00,-22300000.00,-22400000.00,-21600000.00,-21400000.00,-21100000.00,-21100000.00,-21000000.00,-21000000.00,,,
additionalPaidInCapital,,,,,,,,,,,,,,,,,,,,,,,,,,,0.00,0.00,0.00,0.00,,0.00,,0.00,0.00,0.00,,0.00,0.00,0.00,,0.00,0.00,0.00,,0.00,0.00,0.00,,0.00,0.00,0.00,,0.00,0.00,0.00,,0.00,0.00,,0.00,,,,,,,,,,,,,,,,,,,,,,,,,,,,,,,,,,,,,,,,,,,,,,,,,,,,,,,,,,,,,,,,,,,,,,,
commonStockTotalEquity,,,,,,,,,,2496000.00,2496000.00,2496000.00,2496000.00,2496000.00,,2496000.00,,2496000.00,,2496000.00,,2496000.00,,2496000.00,2496000.00,2496000.00,2496000.00,2500000.00,2500000.00,2500000.00,2500000.00,2500000.00,,2500000.00,2500000.00,2500000.00,,2500000.00,2496000.00,2500000.00,,2496000.00,2500000.00,2500000.00,,2500000.00,2500000.00,2500000.00,,2500000.00,2500000.00,2500000.00,,2500000.00,2500000.00,2500000.00,,2500000.00,2500000.00,,2500000.00,2500000.00,2486000.00,2500000.00,2500000.00,2485000.00,2500000.00,2500000.00,2500000.00,2500000.00,2500000.00,2500000.00,2500000.00,2500000.00,2500000.00,2400000.00,,2400000.00,2300000.00,1600000.00,1590000.00,1500000.00,1500000.00,750000.00,1500000.00,735000.00,700000.00,700000.00,700000.00,700000.00,700000.00,700000.00,700000.00,700000.00,700000.00,700000.00,700000.00,700000.00,500000.00,500000.00,500000.00,,500000.00,500000.00,500000.00,,500000.00,54800000.00,54300000.00,,53300000.00,53300000.00,53300000.00,52900000.00,54000000.00,52500000.00,,52501000.00,,,,,,,,,,,,,,
preferredStockTotalEquity,,,,,,,,,,,,,,,,,,,,,,,,,,,0.00,0.00,0.00,0.00,,0.00,,0.00,0.00,0.00,,0.00,0.00,0.00,,0.00,0.00,0.00,,0.00,0.00,0.00,,0.00,0.00,0.00,,0.00,0.00,0.00,,0.00,0.00,,0.00,,,,,,,,,,,,,,,,,,,,,,,,,,,,,,,,,,,,,,,,,,,,,,,,,,,,,,,,,,,,,,,,,,,,,,,
retainedEarningsTotalEquity,,,,,,,,,,,,,,1865370000.00,,1826413000.00,,2108292000.00,,2127312000.00,,2070077000.00,,2028627000.00,2054654000.00,2054654000.00,2002687000.00,1941536000.00,1904190000.00,1883592000.00,,1812821000.00,,1774315000.00,1775775000.00,1744227000.00,,1675031000.00,1659267000.00,1602550000.00,,1543085000.00,1506519000.00,1522856000.00,,1569851000.00,1587320000.00,1588094000.00,,1553058000.00,1522805000.00,1770546000.00,,1774205000.00,1771464000.00,1713778000.00,,1716173000.00,1711929000.00,,1735503000.00,,,,,,,,,,,,,,,,,,,,,,,,,,,,,,,,,,,,,,,,,,,,,,,,,,,,,,,,,,,,,,,,,,,,,,,
treasuryStock,,,,,,,,,-1378106000.00,-1379407000.00,-1389053000.00,,-1407414000.00,-1410887000.00,,-1423226000.00,,-1407623000.00,,-1407953000.00,,-1375779000.00,,-1324461000.00,-1309692000.00,-1309692000.00,-1235949000.00,-1211158000.00,-1229402000.00,-1202272000.00,,-1206298000.00,,-1208779000.00,-1141130000.00,-1141522000.00,,-1159424000.00,-1171339000.00,-964269000.00,,-965566000.00,-966093000.00,-967148000.00,,-991334000.00,-997698000.00,-999219000.00,,-990729000.00,-870252000.00,-897372000.00,,-904402000.00,-938565000.00,-928656000.00,,-929171000.00,-938023000.00,,-919585000.00,-801473000.00,-759255000.00,-760197000.00,-767673000.00,-780962000.00,-786800000.00,-787373000.00,-792539000.00,-794411000.00,-792681000.00,-599077000.00,-541888000.00,-451544000.00,-362626000.00,-300399000.00,,-223665000.00,-216513000.00,-194201000.00,-55504000.00,-55172000.00,-45018000.00,-45018000.00,-45018000.00,-45018000.00,-45018000.00,-45015000.00,-44971000.00,-44930000.00,-44329000.00,-42283000.00,-32096000.00,-26415000.00,-24852000.00,-23770000.00,-23769000.00,-23674000.00,-22339000.00,-22339000.00,-22339000.00,,-6454000.00,,,,,,,,,,,,,,,,,,,,,,,,,,,,,
accumulatedAmortization,,,,,,,,,,,,,,,,,,,,,,,,,,,,,,,,,,,,,,,,,,,,,,,,,,,,,,,,,,,,,,,,,,,,,,,,,,,,,,,,,,,,,,,,,,,,,,,,,,,,,,,,,,,,,,,,,,,,,,,,,,,,,,,,,,,,
nonCurrrentAssetsOther,55735000.00,55909000.00,57693000.00,56238000.00,54857000.00,58500000.00,50591000.00,50142000.00,33884000.00,31576000.00,30485000.00,29013000.00,33083000.00,33111000.00,33111000.00,33561000.00,33561000.00,50985000.00,50985000.00,50896000.00,50896000.00,49426000.00,49426000.00,37683000.00,42747000.00,42747000.00,50442000.00,52771000.00,54106000.00,52464000.00,54424000.00,58661000.00,62379000.00,60124000.00,60268000.00,54169000.00,52893000.00,51340000.00,51442000.00,51629000.00,36445000.00,37202000.00,38444000.00,40894000.00,36199000.00,45551000.00,38712000.00,28311000.00,35479000.00,23718000.00,25073000.00,15064000.00,16688000.00,16384000.00,14045000.00,20750000.00,20379000.00,25465000.00,23981000.00,22956000.00,22268000.00,21688000.00,23401000.00,22064000.00,21017000.00,272370000.00,18745000.00,19944000.00,189775000.00,185561000.00,20652000.00,20223000.00,18557000.00,297635000.00,-7598000.00,2270000.00,-1957000.00,169509000.00,-17600000.00,151882000.00,-47327000.00,102670000.00,-8289000.00,-4085000.00,7648000.00,50623000.00,44905000.00,30934000.00,30882000.00,22368000.00,22626000.00,-53000.00,1402000.00,12994000.00,38442000.00,6343000.00,5075000.00,7130000.00,14801000.00,-12283000.00,18836000.00,7151000.00,7534000.00,8306000.00,3704000.00,3034000.00,3425000.00,4355000.00,4968000.00,3775000.00,2619000.00,2444000.00,2670000.00,2487000.00,2378000.00,2310000.00,1779000.00,1779000.00,5200000.00,1600000.00,1600000.00,1800000.00,1900000.00,2000000.00,1600000.00,1500000.00,1500000.00,400000.00,400000.00,,,
deferredLongTermAssetCharges,,,,,,,,,,,,,,,,,,22724000.00,,16833000.00,,16759000.00,,20951000.00,14062000.00,14062000.00,12796000.00,8558000.00,9105000.00,9344000.00,,29025000.00,,33408000.00,49250000.00,49627000.00,,38903000.00,64927000.00,17052000.00,,14035000.00,26598000.00,13534000.00,,24835000.00,19086000.00,25441000.00,,31282000.00,23199000.00,22477000.00,,16579000.00,13467000.00,2460000.00,,10030000.00,19616000.00,,28724000.00,,,,,,,,,,,,,,,,,,,,,,,,,,,,,,,,,,,,,,,,,,,,,,,,,,,,,,,,,,,,,,,,,,,,,,,
nonCurrentAssetsTotal,2167368000.00,2230416000.00,2244393000.00,2320715000.00,2395372000.00,2451828000.00,2420979000.00,2389719000.00,1974485000.00,1893439000.00,1904886000.00,1912163000.00,1990429000.00,2045609000.00,2045609000.00,2071173000.00,2071173000.00,2280749000.00,2280749000.00,2373678000.00,2373678000.00,2339086000.00,2339086000.00,2304750000.00,857125000.00,857125000.00,858014000.00,853669000.00,856318000.00,847783000.00,871568000.00,869138000.00,869521000.00,881431000.00,885691000.00,866969000.00,866969000.00,888871000.00,837489000.00,837234000.00,813121000.00,806395000.00,840584000.00,849388000.00,794296000.00,770604000.00,746223000.00,706103000.00,630438000.00,614253000.00,635281000.00,632419000.00,656471000.00,663314000.00,704611000.00,711361000.00,730395000.00,705588000.00,721127000.00,886892000.00,929186000.00,971118000.00,1001456000.00,1005871000.00,1013937000.00,1038317000.00,1063833000.00,1085990000.00,1061716000.00,846846000.00,826967000.00,756317000.00,770709000.00,789230000.00,631460000.00,570871000.00,552452000.00,524977000.00,512040000.00,513349000.00,509425000.00,466019000.00,380158000.00,362354000.00,339155000.00,339448000.00,348749000.00,332167000.00,325399000.00,313461000.00,316875000.00,308467000.00,307566000.00,294691000.00,289661000.00,275853000.00,245561000.00,224385000.00,155122000.00,137116000.00,121939000.00,92066000.00,85793000.00,76547000.00,63967000.00,56444000.00,55959000.00,49896000.00,46381000.00,42322000.00,41067000.00,40057000.00,39116000.00,36678000.00,35458000.00,34497000.00,35200000.00,35200000.00,39900000.00,38700000.00,34800000.00,31300000.00,26200000.00,23000000.00,19200000.00,16600000.00,16600000.00,12800000.00,12800000.00,,,
capitalLeaseObligations,,1280379000.00,1308478000.00,1358458000.00,1308478000.00,1421870000.00,1466004000.00,,1468795000.00,1423374000.00,1382920000.00,1423726000.00,1477366000.00,1543076000.00,1602026000.00,1631662000.00,1631662000.00,1631662000.00,1600896000.00,1600896000.00,1646131000.00,1646131000.00,1617841000.00,1617841000.00,,,,,,,,,,,,,,,,,,,,,,,,,,,,,,,,,,,,,,,,,,,,,,,,,,,,,,,,,,,,,,,,,,,,,,,,,,,,,,,,,,,,,,,,,,,,,,,,,,,,,,,,,,,,
longTermDebtTotal,,3225000.00,30225000.00,8911000.00,30225000.00,411911000.00,376522000.00,,405807000.00,336249000.00,331680000.00,,325290000.00,321081000.00,,642972000.00,,,,,,,,,,,,,,,,,,,,,,,,,,,,,,,,,,,,,,,,,,,,,,,,,,,,,,,,,,,,,,,,,,,,,,,,,,,,,,,,,,,,,,,,,,,,,,,,,,,,,,,,,,,,,,,,,,,,
nonCurrentLiabilitiesOther,,22345000.00,21168000.00,22734000.00,21168000.00,22894000.00,24055000.00,,24275000.00,23816000.00,24207000.00,24737000.00,15627000.00,1214601000.00,19604000.00,1327929000.00,24633000.00,1329070000.00,27335000.00,1381715000.00,27896000.00,1366936000.00,28302000.00,1363805000.00,25801000.00,22254000.00,30703000.00,32583000.00,35099000.00,36324000.00,,35302000.00,,38178000.00,39194000.00,40024000.00,,45764000.00,47084000.00,46543000.00,,43553000.00,46356000.00,43646000.00,,52998000.00,43916000.00,44152000.00,,39393000.00,42844000.00,44996000.00,,54350000.00,56670000.00,59098000.00,,63796000.00,62484000.00,,56778000.00,,,,,,,,,,,,,,,,,,,,,,,,,,,,,,,,,,,,,,,,,,,,,,,,,,,,,,,,,,,,,,,,,,,,,,,
nonCurrentLiabilitiesTotal,951266000.00,996432000.00,1038441000.00,1052845000.00,1524515000.00,1538233000.00,1581033000.00,1520100000.00,1483746000.00,1450273000.00,1480620000.00,1489659000.00,1535682000.00,1789662000.00,1789662000.00,1970901000.00,1970901000.00,1329070000.00,1329070000.00,1381715000.00,1381715000.00,1366936000.00,1366936000.00,1363805000.00,73178000.00,73178000.00,78923000.00,82152000.00,88729000.00,84301000.00,85741000.00,90042000.00,94729000.00,84308000.00,87701000.00,94260000.00,100502000.00,97188000.00,100420000.00,102387000.00,98567000.00,98069000.00,105344000.00,106425000.00,106982000.00,112508000.00,108920000.00,111613000.00,112784000.00,98964000.00,106064000.00,114594000.00,127700000.00,128550000.00,131361000.00,137023000.00,142927000.00,141090000.00,140278000.00,140487000.00,144781000.00,150676000.00,151606000.00,143375000.00,155438000.00,152882000.00,164001000.00,154292000.00,153692000.00,151038000.00,164787000.00,159411000.00,149724000.00,109708000.00,112469000.00,104552000.00,99600000.00,88474000.00,93688000.00,87564000.00,84152000.00,76908000.00,21933000.00,32944000.00,31406000.00,32366000.00,30263000.00,24852000.00,21855000.00,22271000.00,25500000.00,24421000.00,22850000.00,20727000.00,21852000.00,23550000.00,24092000.00,26204000.00,1452000.00,1636000.00,1617000.00,1702000.00,1702000.00,,,,,,,,,,,,,,,,,,,,,100000.00,100000.00,7400000.00,7400000.00,7400000.00,7400000.00,,,
negativeGoodwill,,,,,,,,,,,,,,,,,,,,,,,,,,,,,,,,,,,,,,,,,,,,,,,,,,,,,,,,,,,,,,,,,,,,,,,,,,,,,,,,,,,,,,,,,,,,,,,,,,,,,,,,,,,,,,,,,,,,,,,,,,,,,,,,,,,,
warrants,,,,,,,,,,,,,,,,,,,,,,,,,,,,,,,,,,,,,,,,,,,,,,,,,,,,,,,,,,,,,,,,,,,,,,,,,,,,,,,,,,,,,,,,,,,,,,,,,,,,,,,,,,,,,,,,,,,,,,,,,,,,,,,,,,,,
preferredStockRedeemable,,,,,,,,,,,,,,,,,,,,,,,,,,,,,,,,,,,,,,,,,,,,,,,,,,,,,,,,,,,,,,,,,,,,,,,,,,,,,,,,,,,,,,,,,,,,,,,,,,,,,,,,,,,,,,,,,,,,,,,,,,,,,,,,,,,,
capitalSurpluse,,334447000.00,324396000.00,97577000.00,324396000.00,389726000.00,380959000.00,,562973000.00,617388000.00,648434000.00,,663718000.00,655891000.00,,646350000.00,,577856000.00,,574391000.00,,568413000.00,,570443000.00,574929000.00,574929000.00,565316000.00,560349000.00,565033000.00,593770000.00,,588978000.00,,582512000.00,603890000.00,597919000.00,,583689000.00,590820000.00,588293000.00,,569675000.00,566449000.00,559694000.00,,573008000.00,577108000.00,587905000.00,,627065000.00,599343000.00,574671000.00,,567700000.00,552797000.00,546677000.00,,543393000.00,546597000.00,,540326000.00,,,,,,,,,,,,,,,,,,,,,,,,,,,,,,,,,,,,,,,,,,,,,,,,,,,,,,,,,,,,,,,,,,,,,,,
liabilitiesAndStockholdersEquity,3520786000.00,3431907000.00,3373894000.00,3420956000.00,3672477000.00,3629217000.00,3701518000.00,3786643000.00,3750015000.00,3495022000.00,3400666000.00,3434806000.00,3498215000.00,3627976000.00,3627976000.00,3630111000.00,3630111000.00,3328679000.00,3328679000.00,3452252000.00,3452252000.00,3359159000.00,3359159000.00,3255353000.00,1903378000.00,1903378000.00,1981482000.00,1850749000.00,1730914000.00,1816313000.00,1801780000.00,1686323000.00,1633193000.00,1782660000.00,1822540000.00,1693188000.00,1596296000.00,1612246000.00,1887836000.00,1760209000.00,1672760000.00,1691700000.00,1772072000.00,1680061000.00,1651877000.00,1694164000.00,1840086000.00,1780085000.00,1667044000.00,1756053000.00,1833133000.00,1978882000.00,1916452000.00,1950802000.00,1910452000.00,1866502000.00,1832338000.00,1879998000.00,1909124000.00,1849703000.00,1975190000.00,2138148000.00,2095908000.00,2010314000.00,1913297000.00,1963676000.00,1971419000.00,1945324000.00,1868495000.00,1867680000.00,1982823000.00,1847515000.00,1841083000.00,1987484000.00,1840294000.00,1736566000.00,1617258000.00,1605649000.00,1428583000.00,1463940000.00,1356623000.00,1293659000.00,1057225000.00,950872000.00,889049000.00,865071000.00,833363000.00,773984000.00,760026000.00,741339000.00,741107000.00,701740000.00,684563000.00,672721000.00,627424000.00,570303000.00,550783000.00,543046000.00,420822000.00,356799000.00,348512000.00,354628000.00,315503000.00,263682000.00,226947000.00,210948000.00,194999000.00,159720000.00,149785000.00,144795000.00,134570000.00,105410000.00,99730000.00,110438000.00,115594000.00,97360000.00,87901000.00,87901000.00,139700000.00,134500000.00,107300000.00,104100000.00,108400000.00,82900000.00,71400000.00,44300000.00,44300000.00,40100000.00,40100000.00,,,
cashAndShortTermInvestments,240940000.00,175315000.00,117841000.00,170209000.00,82133000.00,98214000.00,228775000.00,434770000.00,740668000.00,823994000.00,791679000.00,850477000.00,692356000.00,898787000.00,898787000.00,885725000.00,885725000.00,416930000.00,416930000.00,264514000.00,264514000.00,317166000.00,317166000.00,349671000.00,425465000.00,425465000.00,359728000.00,363322000.00,309700000.00,413613000.00,257527000.00,192558000.00,225197000.00,378613000.00,291667000.00,247934000.00,238976000.00,260067000.00,363116000.00,327290000.00,326907000.00,410697000.00,280445000.00,262628000.00,327699000.00,428935000.00,357214000.00,404866000.00,496216000.00,630992000.00,544683000.00,702072000.00,722030000.00,745044000.00,481320000.00,513996000.00,605181000.00,734695000.00,634475000.00,431323000.00,544264000.00,698635000.00,515903000.00,502788000.00,449332000.00,483853000.00,343937000.00,380326000.00,369433000.00,619939000.00,640782000.00,634605000.00,658717000.00,827113000.00,757927000.00,814090000.00,771368000.00,751518000.00,556375000.00,625174000.00,561297000.00,589607000.00,384640000.00,332611000.00,326268000.00,337812000.00,206078000.00,208966000.00,214021000.00,241573000.00,172972000.00,177002000.00,182431000.00,225483000.00,84804000.00,75497000.00,124010000.00,161373000.00,99189000.00,66255000.00,97968000.00,168492000.00,115854000.00,70896000.00,75026000.00,85300000.00,44045000.00,36266000.00,44274000.00,48359000.00,12627000.00,4386000.00,14261000.00,34326000.00,8918000.00,16327000.00,17857000.00,17857000.00,3300000.00,500000.00,200000.00,10400000.00,200000.00,200000.00,11700000.00,100000.00,100000.00,300000.00,300000.00,,,
propertyPlantAndEquipmentGross,,,,,,,,,,1744643000.00,1758710000.00,1779773000.00,1893708000.00,1930842000.00,,1960027000.00,,2154036000.00,,2250483000.00,,2216575000.00,,2188895000.00,742149000.00,,735714000.00,732400000.00,732200000.00,724200000.00,726200000.00,719100000.00,,707800000.00,708500000.00,700300000.00,,703600000.00,709261000.00,712300000.00,,694856000.00,717500000.00,732800000.00,,633000000.00,630100000.00,598500000.00,,500100000.00,537100000.00,544800000.00,,582200000.00,629500000.00,635500000.00,,643100000.00,652400000.00,,677900000.00,713100000.00,741019000.00,745100000.00,739700000.00,740240000.00,748300000.00,718600000.00,667700000.00,625600000.00,597900000.00,552200000.00,523500000.00,481600000.00,440900000.00,404400000.00,,345500000.00,339000000.00,338500000.00,349493000.00,339800000.00,375000000.00,299115000.00,339200000.00,278689000.00,288200000.00,277600000.00,270900000.00,267500000.00,270300000.00,264000000.00,263000000.00,257700000.00,251200000.00,235700000.00,201800000.00,183400000.00,140300000.00,122100000.00,103100000.00,,103100000.00,78300000.00,60200000.00,,53400000.00,45500000.00,41400000.00,,38400000.00,37600000.00,36400000.00,34200000.00,33100000.00,32200000.00,,33421000.00,,34700000.00,37100000.00,33200000.00,29500000.00,24300000.00,21000000.00,17600000.00,15100000.00,,12400000.00,,,
propertyPlantAndEquipmentNet,1737816000.00,1797241000.00,1816371000.00,1868513000.00,1938641000.00,1986254000.00,1955334000.00,1921293000.00,1813516000.00,1744643000.00,1758710000.00,1779773000.00,1893708000.00,1930842000.00,1930842000.00,1960027000.00,1960027000.00,2154036000.00,2154036000.00,2250483000.00,2250483000.00,2216575000.00,2216575000.00,2188895000.00,742149000.00,742149000.00,735714000.00,732350000.00,732179000.00,724239000.00,726168000.00,719127000.00,710500000.00,707797000.00,708488000.00,700270000.00,706221000.00,703586000.00,709261000.00,712279000.00,706885000.00,694856000.00,714166000.00,732834000.00,683749000.00,637417000.00,630206000.00,593879000.00,522269000.00,509633000.00,537058000.00,544751000.00,572104000.00,582162000.00,629486000.00,635540000.00,641907000.00,643120000.00,652361000.00,657131000.00,677880000.00,713142000.00,741019000.00,745086000.00,739702000.00,740240000.00,748265000.00,718639000.00,667691000.00,625568000.00,597948000.00,552218000.00,523487000.00,481645000.00,440868000.00,404390000.00,356614000.00,345518000.00,351855000.00,351331000.00,349493000.00,353213000.00,310512000.00,299115000.00,277193000.00,278689000.00,288230000.00,277619000.00,270903000.00,267479000.00,270283000.00,263989000.00,262959000.00,257731000.00,251172000.00,235682000.00,201830000.00,183373000.00,140321000.00,122075000.00,103103000.00,84926000.00,78285000.00,68241000.00,60221000.00,53370000.00,52534000.00,45541000.00,41413000.00,38547000.00,38448000.00,37613000.00,36446000.00,34191000.00,33080000.00,32187000.00,33421000.00,33421000.00,34700000.00,37100000.00,33200000.00,29500000.00,24300000.00,21000000.00,17600000.00,15100000.00,15100000.00,12400000.00,12400000.00,,,
accumulatedDepreciation,,,,,,,,,,,,,,,,,,,,,,,,,,,,,,,,,,,,,,,,,,,,,,,,,,,,,,,,,,,,,,,,,,,,,,,,,,,,,,,,,,,,,,,,,,,,,,,,,,,,,,,,,,,,,,,,,,,,,,,,,,,,,,,,,,,,
netWorkingCapital,,439015000.00,413064000.00,331293000.00,413064000.00,591675000.00,459328000.00,,543060000.00,905958000.00,832365000.00,751297000.00,664161000.00,613450000.00,,741953000.00,,896711000.00,,296174000.00,,,,,,,,,,,,,,,,,,,,,,,,,,,,,,,,,,,,,,,,,,,,,,,,,,,,,,,,,,,,,,,,,,,,,,,,,,,,,,,,,,,,,,,,,,,,,,,,,,,,,,,,,,,,,,,,
netInvestedCapital,,1676224000.00,1649241000.00,1608074000.00,1649241000.00,1874443000.00,1749445000.00,,1788813000.00,1732946000.00,1607211000.00,1505281000.00,1411955000.00,1389278000.00,,1514853000.00,,1639955000.00,,1247853000.00,,,,,,,,,,,,,,,,,,,,,,,,,,,,,,,,,,,,,,,,,,,,,,,,,,,,,,,,,,,,,,,,,,,,,,,,,,,,,,,,,,,,,,,,,,,,,,,,,,,,,,,,,,,,,,,,
commonStockSharesOutstanding,198367000.00,196103000.00,197160000.00,196893000.00,195776000.00,180189000.00,219742000.00,203388000.00,205013000.00,208933000.00,206562000.00,196585000.00,184397000.00,166315000.00,166315000.00,166781000.00,166781000.00,168282000.00,168282000.00,168693000.00,168693000.00,171781000.00,171781000.00,174073000.00,176254000.00,176254000.00,178122000.00,178505000.00,178273000.00,180189000.00,179132000.00,178788000.00,181678000.00,185054000.00,184615000.00,183413000.00,182927000.00,194259000.00,197478000.00,196885000.00,195880000.00,195627000.00,195221000.00,194747000.00,194702000.00,194287000.00,194612000.00,195951000.00,196718000.00,201376000.00,201967000.00,199807000.00,197252000.00,197252000.00,195985000.00,196578000.00,196633000.00,196633000.00,197323000.00,203153000.00,210285000.00,210285000.00,209393000.00,209015000.00,207286000.00,207286000.00,207334000.00,207504000.00,208104000.00,208104000.00,218786000.00,222044000.00,225565000.00,225565000.00,228401000.00,229210500.00,228387000.00,228387000.00,233981000.00,236709000.00,234163500.00,234163500.00,227241379.00,222492000.00,219741000.00,219741000.00,216593703.00,217140000.00,215973000.00,215973000.00,72405000.00,219795000.00,221142000.00,221142000.00,73455000.00,223646177.00,221178000.00,221178000.00,47664000.00,214096500.00,218650675.00,218758500.00,220311844.00,218851574.00,217394303.00,48358000.00,24000000.00,24056000.00,23705000.00,23705000.00,207448276.00,198467766.00,197649175.00,9918000.00,92203898.00,9877000.00,9875000.00,9875000.00,209895052.00,209895052.00,188087774.00,201565884.00,191904048.00,191904048.00,145641465.00,156588372.00,179910045.00,179910045.00,167916042.00,149925037.00,134932534.00,134932534.00
investments,,-52431000.00,-46020000.00,-61311000.00,-46020000.00,-71677000.00,-69727000.00,-58660000.00,,50000000.00,-75000000.00,-112187000.00,-35843000.00,29956000.00,2283000.00,25044000.00,-9057000.00,-5000000.00,-65802000.00,-65802000.00,-58233000.00,-5000000.00,-61217000.00,47135000.00,-13280000.00,-58486000.00,-39856000.00,-20000000.00,-20000000.00,-93136000.00,,-20000000.00,,,-93136000.00,,,,-93136000.00,,,10002000.00,,10002000.00,,2111000.00,47007000.00,53041000.00,,-121932000.00,6324000.00,2954000.00,,17068000.00,75280000.00,11098000.00,,-62312000.00,,,,,,,,,,,,,,,,,,,,,,,,,,,,,,,,,,,,,,,,,,,,,,,,,,,,,,,,,,,,,,,,,,,,,,,,,,
changeToLiabilities,,,,,,-10152000.00,-37805000.00,4579000.00,,92991000.00,-25056000.00,,-48678000.00,59655000.00,118073000.00,-169667000.00,-109482000.00,-65684000.00,-80961000.00,32180000.00,49584000.00,146711000.00,85222000.00,-101582000.00,,-80399000.00,82608000.00,49324000.00,-45322000.00,-17537000.00,,82812000.00,,-71205000.00,11071000.00,92709000.00,,-60257000.00,16912000.00,64751000.00,,6424000.00,124219000.00,25557000.00,,13708000.00,131576000.00,50250000.00,,32736000.00,59454000.00,14608000.00,,,26549000.00,8856000.00,,,18283000.00,,,,28871000.00,44498000.00,,,,9726000.00,,,,4774000.00,,,110582000.00,72540000.00,,,72740000.00,22136000.00,7191000.00,,45815000.00,45163000.00,5830000.00,,41702000.00,56963000.00,19973000.00,15268000.00,,35224000.00,6942000.00,,14121000.00,24074000.00,6589000.00,,56157000.00,39081000.00,8059000.00,,42469000.00,,,,,,,,,,,,,,,,,,,,,,,,,,,,,
totalCashflowsFromInvestingActivities,,-98451000.00,-46020000.00,-261375000.00,-46020000.00,-71677000.00,-69727000.00,-58660000.00,,-8373000.00,-112187000.00,,-35843000.00,-31328000.00,2283000.00,-9057000.00,-9057000.00,-65802000.00,-65802000.00,-58233000.00,-58233000.00,-61217000.00,-61217000.00,10358000.00,-58486000.00,-282829000.00,-82555000.00,-74571000.00,-67217000.00,-36585000.00,,-48874000.00,,-40146000.00,-54191000.00,-47258000.00,,-25094000.00,-42663000.00,-30231000.00,,-34648000.00,-64398000.00,-74565000.00,,-64481000.00,-47170000.00,-46323000.00,,-144815000.00,-16943000.00,-20909000.00,,-7983000.00,71589000.00,-17153000.00,,-133207000.00,27609000.00,,0.00,,,,,,78389000.00,106668000.00,166564000.00,223444000.00,102661000.00,152873000.00,265859000.00,191118000.00,,,,,,,,,,,,,,,,,,,,,,,,,,,,,,,,,,,,,,,,,,,,,,,,,,,,,,,,,,
netBorrowings,,,,,,35300000.00,171623000.00,171623000.00,,171623000.00,,,,-200000000.00,-130000000.00,736108000.00,736108000.00,736108000.00,736108000.00,736108000.00,736108000.00,736108000.00,736108000.00,,-1875000.00,-1875000.00,-371000.00,-1272000.00,-3284000.00,5321000.00,,-1517000.00,,-2382000.00,1229000.00,-1702000.00,,-681000.00,-2329000.00,-2222000.00,,-3381000.00,-1195000.00,-1176000.00,,-1446000.00,-1133000.00,2304000.00,,-551000.00,-849000.00,-725000.00,,-941000.00,-913000.00,-800000.00,,-756000.00,,,,,,,,,,,,,,,,,,,,,,,,,,,,,,,,,,,,,,,,,,,,,,,,,,,,,,,,,,,,,,,,,,,,,,,,,,
totalCashFromFinancingActivities,,-48322000.00,1908000.00,-343746000.00,37946000.00,-63738000.00,-38355000.00,-30377000.00,-36767000.00,-35928000.00,-22125000.00,-19955000.00,-200349000.00,-134360000.00,-134360000.00,714571000.00,714571000.00,-23079000.00,-23079000.00,-55372000.00,-55372000.00,-86136000.00,-86136000.00,-46639000.00,-102368000.00,-102368000.00,-49251000.00,-16603000.00,-84281000.00,-13925000.00,-23916000.00,-27341000.00,-123590000.00,-21552000.00,-9920000.00,-24478000.00,-29114000.00,-237124000.00,-42015000.00,-20735000.00,-29292000.00,-27474000.00,-25204000.00,-25478000.00,-25628000.00,-22148000.00,-24450000.00,-20646000.00,-49282000.00,-175696000.00,-291366000.00,-15736000.00,-11757000.00,-19593000.00,-37330000.00,-22114000.00,-21689000.00,-133398000.00,-20726000.00,-159881000.00,-122525000.00,-41172000.00,-42275000.00,-17470000.00,-18888000.00,-20821000.00,-19511000.00,-19909000.00,51730000.00,-216115000.00,-79222000.00,-114440000.00,-104193000.00,-78364000.00,-70337000.00,-10204000.00,-9856000.00,-31270000.00,-148597000.00,2106000.00,11661000.00,26369000.00,-11565000.00,7791000.00,6527000.00,-1479000.00,-576000.00,-990000.00,-1939000.00,-9185000.00,-11443000.00,-1922000.00,136000.00,-1087000.00,-7330000.00,10727000.00,5291000.00,35447000.00,336000.00,-15385000.00,-5096000.00,330000.00,123000.00,917000.00,1306000.00,913000.00,-278000.00,721000.00,677000.00,1286000.00,50000.00,8000.00,13000.00,43000.00,354000.00,28000.00,,,11000000.00,11900000.00,16900000.00,-18100000.00,14700000.00,3400000.00,25900000.00,25900000.00,,,,,,
changeToOperatingActivities,,,,,,-3655000.00,-31697000.00,-95182000.00,,-34765000.00,-45691000.00,,1750000.00,18377000.00,18377000.00,-61730000.00,-61730000.00,3193000.00,3193000.00,-8975000.00,-8975000.00,-20446000.00,-20446000.00,-50157000.00,,16686000.00,2116000.00,32557000.00,-21227000.00,9251000.00,,70504000.00,,-5966000.00,-53542000.00,7155000.00,,-1310000.00,-1042000.00,,,28070000.00,,,,,,,,,,,,,,,,,,,,,,,,,,,,,,,,,,,,,,,,,,,,,,,,,,,,,,,,,,,,,,,,,,,,,,,,,,,,,,,,,,,,,,,,,,
changeInCash,,57474000.00,-52368000.00,88076000.00,-16081000.00,-130561000.00,-205995000.00,-305898000.00,-33326000.00,57315000.00,-133798000.00,158121000.00,-206431000.00,43018000.00,43018000.00,493839000.00,493839000.00,147416000.00,147416000.00,-52652000.00,-52652000.00,-37505000.00,-37505000.00,-28659000.00,53458000.00,53458000.00,-43450000.00,33622000.00,-123913000.00,156086000.00,64969000.00,-32639000.00,-153416000.00,86946000.00,43733000.00,8958000.00,-21091000.00,-103049000.00,35826000.00,383000.00,-83790000.00,130252000.00,17817000.00,-65071000.00,-91234000.00,64649000.00,9096000.00,-37987000.00,-125944000.00,-35564000.00,-151394000.00,-17366000.00,-6102000.00,339261000.00,-9015000.00,-85369000.00,-192925000.00,36818000.00,205252000.00,-109716000.00,-158721000.00,181357000.00,12340000.00,81456000.00,-54535000.00,140505000.00,-20553000.00,15152000.00,222177000.00,11184000.00,-18840000.00,53926000.00,10054000.00,-61479000.00,-210142000.00,162786000.00,38043000.00,-85518000.00,13509000.00,-47760000.00,-24763000.00,1306000.00,50402000.00,10904000.00,-38875000.00,158570000.00,-26574000.00,12373000.00,-87571000.00,79130000.00,6150000.00,-10808000.00,-60344000.00,107447000.00,-2546000.00,-38368000.00,-19581000.00,62487000.00,51094000.00,-14139000.00,-42577000.00,24553000.00,2929000.00,-14069000.00,-8772000.00,27895000.00,7779000.00,-8008000.00,-4085000.00,35732000.00,8241000.00,-9875000.00,-20065000.00,25408000.00,-7409000.00,-1530000.00,-2129000.00,-2129000.00,11000000.00,11900000.00,16900000.00,-18100000.00,-18100000.00,3400000.00,25900000.00,25900000.00,,,,,,
beginPeriodCashFlow,1184000.00,117841000.00,170209000.00,82133000.00,98214000.00,228775000.00,434770000.00,740668000.00,773994000.00,716679000.00,850477000.00,692356000.00,898787000.00,855769000.00,855769000.00,361930000.00,361930000.00,214514000.00,214514000.00,267166000.00,267166000.00,304671000.00,304671000.00,333330000.00,279872000.00,279872000.00,323322000.00,289700000.00,413613000.00,257527000.00,192558000.00,225197000.00,378613000.00,291667000.00,247934000.00,238976000.00,260067000.00,363116000.00,327290000.00,326907000.00,410697000.00,280445000.00,262628000.00,327699000.00,418933000.00,354284000.00,345188000.00,383175000.00,509119000.00,544683000.00,696077000.00,713443000.00,719545000.00,380284000.00,389299000.00,474668000.00,667593000.00,630775000.00,425523000.00,535239000.00,693960000.00,512603000.00,500263000.00,418807000.00,473342000.00,332837000.00,353390000.00,338238000.00,116061000.00,104877000.00,123717000.00,69791000.00,59737000.00,121216000.00,331358000.00,168572000.00,130529000.00,216047000.00,202538000.00,250298000.00,275061000.00,273755000.00,223353000.00,212449000.00,251324000.00,92754000.00,119328000.00,106955000.00,194526000.00,115396000.00,109246000.00,120054000.00,180398000.00,72951000.00,75497000.00,113865000.00,133446000.00,70959000.00,19865000.00,34004000.00,76581000.00,52028000.00,49099000.00,63168000.00,71940000.00,44045000.00,36266000.00,44274000.00,48359000.00,12627000.00,4386000.00,14261000.00,34326000.00,8918000.00,16327000.00,17857000.00,19986000.00,19986000.00,500000.00,500000.00,16900000.00,200000.00,200000.00,200000.00,25900000.00,,,,,,,
endPeriodCashFlow,1184000.00,175315000.00,117841000.00,170209000.00,82133000.00,98214000.00,228775000.00,434770000.00,740668000.00,773994000.00,716679000.00,850477000.00,692356000.00,898787000.00,898787000.00,855769000.00,855769000.00,361930000.00,361930000.00,214514000.00,214514000.00,267166000.00,267166000.00,304671000.00,333330000.00,333330000.00,279872000.00,323322000.00,289700000.00,413613000.00,257527000.00,192558000.00,225197000.00,378613000.00,291667000.00,247934000.00,238976000.00,260067000.00,363116000.00,327290000.00,326907000.00,410697000.00,280445000.00,262628000.00,327699000.00,418933000.00,354284000.00,345188000.00,383175000.00,509119000.00,544683000.00,696077000.00,713443000.00,719545000.00,380284000.00,389299000.00,474668000.00,667593000.00,630775000.00,425523000.00,535239000.00,693960000.00,512603000.00,500263000.00,418807000.00,473342000.00,332837000.00,353390000.00,338238000.00,116061000.00,104877000.00,123717000.00,69791000.00,59737000.00,121216000.00,331358000.00,168572000.00,130529000.00,216047000.00,202538000.00,250298000.00,275061000.00,273755000.00,223353000.00,212449000.00,251324000.00,92754000.00,119328000.00,106955000.00,194526000.00,115396000.00,109246000.00,120054000.00,180398000.00,72951000.00,75497000.00,113865000.00,133446000.00,70959000.00,19865000.00,34004000.00,76581000.00,52028000.00,49099000.00,63168000.00,71940000.00,44045000.00,36266000.00,44274000.00,48359000.00,12627000.00,4386000.00,14261000.00,34326000.00,8918000.00,16327000.00,17857000.00,17857000.00,11500000.00,11900000.00,16900000.00,-18100000.00,200000.00,3400000.00,25900000.00,25900000.00,,,,,,
totalCashFromOperatingActivities,,156107000.00,-8216000.00,492998000.00,18595000.00,2950000.00,-108247000.00,169970000.00,11814000.00,121460000.00,427000.00,212892000.00,26025000.00,173475000.00,173475000.00,-209894000.00,-209894000.00,237216000.00,237216000.00,60603000.00,60603000.00,109878000.00,109878000.00,7719000.00,213056000.00,213056000.00,91192000.00,124407000.00,27990000.00,206326000.00,134880000.00,42512000.00,10708000.00,162742000.00,101488000.00,71497000.00,29869000.00,179036000.00,108561000.00,60247000.00,-12731000.00,204563000.00,105186000.00,33984000.00,-4344000.00,156632000.00,82710000.00,29198000.00,-38684000.00,284719000.00,156134000.00,21524000.00,12678000.00,287339000.00,36896000.00,-45790000.00,-39189000.00,253020000.00,101254000.00,51764000.00,-24878000.00,241066000.00,64490000.00,95070000.00,-14164000.00,187762000.00,75513000.00,90065000.00,-51147000.00,276251000.00,173520000.00,92175000.00,-77676000.00,320885000.00,100818000.00,273310000.00,54255000.00,268766000.00,95296000.00,88344000.00,13235000.00,248683000.00,94993000.00,37058000.00,-2603000.00,152961000.00,31885000.00,17458000.00,-12835000.00,88903000.00,28421000.00,12021000.00,-24797000.00,158090000.00,39654000.00,-10406000.00,-12448000.00,122840000.00,54618000.00,4620000.00,-31487000.00,63651000.00,58086000.00,13323000.00,-2148000.00,44047000.00,17050000.00,-2072000.00,796000.00,36907000.00,11207000.00,-5713000.00,-16233000.00,28323000.00,-4874000.00,-638000.00,-4230000.00,-4230000.00,-11000000.00,-6000000.00,-22100000.00,34700000.00,-10300000.00,-10300000.00,-10800000.00,-10800000.00,,,,,,
issuanceOfCapitalStock,,,,,,,,,,,,,,,,,,,,,,,,,,,,,,,,,,,,,,,,,,,,,,,,,,,,,,,,,,,,,,,,,,,,,,,,,,,,,,,,,,,,,,,,,,,,,,,,,,,,,,,,,,,,,,,,,,,,,,,,,,,,,,,,,,,,
depreciation,,57364000.00,57932000.00,62037000.00,52405000.00,49409000.00,48648000.00,48245000.00,42084000.00,41525000.00,39297000.00,42486000.00,39789000.00,39886000.00,39886000.00,43419000.00,43419000.00,45024000.00,45024000.00,45568000.00,45568000.00,45437000.00,45437000.00,45350000.00,38800000.00,38800000.00,45959000.00,43273000.00,42472000.00,44103000.00,43673000.00,40804000.00,40893000.00,40001000.00,40031000.00,39062000.00,39080000.00,39476000.00,37800000.00,36280000.00,35302000.00,37057000.00,36659000.00,35849000.00,32786000.00,35174000.00,32530000.00,30417000.00,35926000.00,30677000.00,31959000.00,32438000.00,33323000.00,35462000.00,35830000.00,36330000.00,35534000.00,35301000.00,36587000.00,35904000.00,37756000.00,39147000.00,37068000.00,35858000.00,35410000.00,38716000.00,32816000.00,32059000.00,29550000.00,28479000.00,27867000.00,27375000.00,25482000.00,27102000.00,19993000.00,21705000.00,19233000.00,19149000.00,18746000.00,18581000.00,18102000.00,21791000.00,16176000.00,15684000.00,14622000.00,14729000.00,14373000.00,13763000.00,13416000.00,13247000.00,12969000.00,12487000.00,11958000.00,12523000.00,11403000.00,9851000.00,8098000.00,8248000.00,5709000.00,4952000.00,4291000.00,3769000.00,3193000.00,2753000.00,2484000.00,2410000.00,2142000.00,2084000.00,1975000.00,2019000.00,1859000.00,1771000.00,1669000.00,1543000.00,1451000.00,1526000.00,1567000.00,1567000.00,1600000.00,1500000.00,1300000.00,1100000.00,1100000.00,1000000.00,900000.00,900000.00,,,,,,
otherCashflowsFromInvestingActivities,,,,0.00,0.00,-171000.00,-263000.00,-266000.00,,-173000.00,-381000.00,,-459000.00,-139000.00,-181000.00,-191000.00,-191000.00,-308000.00,-308000.00,-160000.00,-160000.00,-998000.00,-998000.00,-203000.00,-125000.00,-93136000.00,-119000.00,-114000.00,-314000.00,-2036000.00,,-457000.00,,-75000.00,-313000.00,-181000.00,,-758000.00,1913000.00,-478000.00,,-180000.00,-190000.00,-254000.00,,-5307000.00,-828000.00,-21156000.00,,-179000.00,-284000.00,-1222000.00,,-220000.00,-301000.00,-394000.00,,-33151000.00,0.00,,0.00,,,,,,,,,,,,,,12205000.00,12186000.00,,12345000.00,,,,,,33000.00,27000.00,30000.00,,,,,,,,,1966000.00,,,,,,,,,,,,,,,,,,,,,,,,,,,,,,,,,,,,,
dividendsPaid,,-19746000.00,-19625000.00,64767000.00,19625000.00,34375000.00,30392000.00,30352000.00,30354000.00,30317000.00,22922000.00,22854000.00,22854000.00,22854000.00,0.00,22854000.00,0.00,22961000.00,22961000.00,22957000.00,22957000.00,23233000.00,23233000.00,23632000.00,25811000.00,25811000.00,22700000.00,24387000.00,24225000.00,22163000.00,22134000.00,22131000.00,22120000.00,22735000.00,22732000.00,22614000.00,22599000.00,24124000.00,24304000.00,24428000.00,24381000.00,24312000.00,24310000.00,24303000.00,24299000.00,24099000.00,24096000.00,24085000.00,,42992000.00,317390000.00,21584000.00,21524000.00,21319000.00,21404000.00,21439000.00,21430000.00,118507000.00,21511000.00,22242000.00,20906000.00,20868000.00,20757000.00,20721000.00,20639000.00,20946000.00,20529000.00,20494000.00,20425000.00,21042000.00,21532000.00,21702000.00,16520000.00,16650000.00,16773000.00,16883000.00,11215000.00,11137000.00,11638000.00,11621000.00,7662000.00,4425000.00,4400000.00,4400000.00,,,,,,,,,,,,,,,,,,,,,,,,,,,,,,,,,,,,,,,,,,,,,,,,
changeToInventory,,-19632000.00,-43070000.00,206500000.00,-111175000.00,-4810000.00,-128879000.00,186731000.00,-237432000.00,-36669000.00,-59770000.00,157063000.00,-137026000.00,3985000.00,3985000.00,18134000.00,18134000.00,201566000.00,201566000.00,-112413000.00,-112413000.00,-78693000.00,-78693000.00,-32075000.00,168624000.00,168624000.00,-127550000.00,-61868000.00,-7702000.00,137108000.00,-102041000.00,-65456000.00,-5523000.00,132981000.00,-71223000.00,-89719000.00,-25652000.00,181500000.00,-72414000.00,-78539000.00,-52806000.00,184768000.00,-75176000.00,-63949000.00,-37057000.00,225622000.00,-58015000.00,-119084000.00,-8375000.00,148711000.00,-18747000.00,-97107000.00,2345000.00,193227000.00,-102948000.00,-138916000.00,-28674000.00,108701000.00,-60118000.00,-31252000.00,1382000.00,98673000.00,-72128000.00,-71099000.00,16560000.00,128410000.00,-86474000.00,-79507000.00,23836000.00,104022000.00,-67959000.00,-45252000.00,-9885000.00,83909000.00,-80992000.00,-72227000.00,15783000.00,75446000.00,-24826000.00,-73915000.00,-15842000.00,56431000.00,-33073000.00,-22484000.00,-26714000.00,28063000.00,11075000.00,-12690000.00,-20325000.00,57497000.00,-32765000.00,-36002000.00,-21731000.00,85168000.00,-31696000.00,-41363000.00,-19818000.00,45405000.00,-22826000.00,-6747000.00,-21438000.00,21537000.00,-7549000.00,-17776000.00,-6899000.00,25246000.00,-20612000.00,-12956000.00,-5088000.00,22635000.00,-17172000.00,-5997000.00,-8369000.00,31110000.00,-23898000.00,-9860000.00,-1075000.00,-1075000.00,-8500000.00,-18800000.00,-10200000.00,12400000.00,-17300000.00,-15100000.00,-9100000.00,-9100000.00,,,,,,
changeToAccountReceivables,,,,,,,,,-25207000.00,-48294000.00,9119000.00,-18992000.00,-22080000.00,-26018000.00,-26018000.00,-40132000.00,-40132000.00,3150000.00,3150000.00,-9803000.00,-9803000.00,-33708000.00,-33708000.00,2579000.00,-8388000.00,-8388000.00,-9893000.00,-1259000.00,5447000.00,-678000.00,3536000.00,-1336000.00,7315000.00,-11775000.00,-10011000.00,6803000.00,7278000.00,-12621000.00,-13661000.00,12667000.00,3522000.00,-13603000.00,-8973000.00,19951000.00,5709000.00,-16451000.00,-13356000.00,9238000.00,-8942000.00,1071000.00,-7203000.00,-3397000.00,2865000.00,837000.00,-9697000.00,-174000.00,5445000.00,3664000.00,1236000.00,-3886000.00,-4804000.00,27656000.00,16356000.00,26295000.00,-20604000.00,-10094000.00,-18471000.00,14952000.00,-9769000.00,-5660000.00,-3226000.00,9522000.00,-13459000.00,2778000.00,-6369000.00,13896000.00,-2943000.00,-2943000.00,367000.00,4784000.00,5038000.00,3878000.00,-2260000.00,-2260000.00,-2253000.00,-7997000.00,-9257000.00,-3327000.00,-9356000.00,4751000.00,-3146000.00,17986000.00,-18398000.00,8696000.00,-15800000.00,408000.00,-83000.00,-13388000.00,4000000.00,-13500000.00,-1500000.00,,-1500000.00,300000.00,-1100000.00,,-2500000.00,600000.00,1800000.00,,-2000000.00,-7400000.00,2000000.00,500000.00,-1400000.00,-200000.00,,,,,,,,,,,,,,,,
salePurchaseOfStock,,-82000.00,-10314000.00,-8000.00,-193000.00,-201408000.00,-8171000.00,-55000.00,-6452000.00,-6567000.00,-10944000.00,-56000.00,-142000.00,-3785000.00,-3785000.00,-21430000.00,-21430000.00,-107000.00,-107000.00,-32440000.00,-32440000.00,-64423000.00,-64423000.00,-23498000.00,-74681000.00,-74681000.00,-26180000.00,-4086000.00,-59126000.00,-213000.00,-265000.00,-629000.00,-99088000.00,-134000.00,-30000.00,-119000.00,-6749000.00,-211611000.00,-15474000.00,-158000.00,-4991000.00,-4991000.00,-75000.00,0.00,-7389000.00,-43000.00,700000.00,-52000.00,-56342000.00,-173554000.00,-17000.00,-8000.00,-4100000.00,2189000.00,-15160000.00,-8000.00,-2181000.00,-23819000.00,-38000.00,-120499000.00,-89755000.00,-17000.00,-35000.00,-17000.00,-178000.00,-18000.00,-5000.00,-44000.00,-3365000.00,-195090000.00,-58501000.00,-100146000.00,-96864000.00,-70329000.00,-76287000.00,-465000.00,-7152000.00,-22312000.00,-138696000.00,-333000.00,-10154000.00,30900000.00,9500000.00,9500000.00,5800000.00,-2000.00,-45000.00,-41000.00,-601000.00,-3674000.00,-10156000.00,-6900000.00,1400000.00,-1430000.00,-600000.00,8400000.00,6700000.00,8000000.00,400000.00,-15885000.00,-6454000.00,,-5100000.00,100000.00,1300000.00,,900000.00,700000.00,700000.00,,100000.00,,,,400000.00,,,,,,,,,,,,,,,,,
otherCashflowsFromFinancingActivities,,-28494000.00,31847000.00,-343396000.00,38139000.00,172045000.00,208000.00,30000.00,39000.00,956000.00,11741000.00,-310000.00,-207000.00,-130575000.00,-130575000.00,736001000.00,736001000.00,-11000.00,-11000.00,25000.00,25000.00,1520000.00,1520000.00,491000.00,-1000.00,-1000.00,-82555000.00,13142000.00,2354000.00,3130000.00,-48874000.00,225000.00,-40146000.00,2463000.00,272000.00,23000.00,463000.00,4000.00,-15000.00,59000.00,594000.00,219000.00,45000.00,1000.00,696000.00,566000.00,779000.00,4686000.00,9624000.00,8914000.00,1471000.00,251000.00,2643000.00,221000.00,21000.00,13000.00,139000.00,8234000.00,165000.00,640000.00,-2411000.00,83000.00,1324000.00,1318000.00,87000.00,414000.00,-960000.00,154000.00,148947000.00,171000.00,231000.00,3126000.00,2628000.00,4026000.00,13209000.00,2621000.00,3241000.00,-191000.00,-192000.00,-192000.00,-170000.00,-171000.00,-21038000.00,-1373000.00,-1404000.00,-1934000.00,-686000.00,-1240000.00,-1574000.00,-5517000.00,-1375000.00,-2262000.00,-1270000.00,54000.00,-7762000.00,2331000.00,-1424000.00,27450000.00,-3860000.00,-3374000.00,-5994000.00,-39428000.00,-55280000.00,-28309000.00,-7930000.00,-17065000.00,-8993000.00,-6647000.00,-5568000.00,-2461000.00,-3016000.00,-4170000.00,-3845000.00,-2958000.00,-2889000.00,28000.00,2101000.00,2101000.00,11000000.00,11900000.00,16900000.00,-18100000.00,14700000.00,3400000.00,25900000.00,25900000.00,,,,,,
changeToNetincome,,,,,,9899000.00,70319000.00,30847000.00,,-3288000.00,-3816000.00,,58936000.00,26481000.00,6907000.00,156927000.00,156927000.00,63631000.00,67931000.00,6079000.00,6079000.00,13376000.00,13376000.00,12745000.00,136888000.00,12812000.00,5720000.00,64074000.00,-11939000.00,112369000.00,,71146000.00,,-14528000.00,108120000.00,25729000.00,,-10607000.00,102173000.00,39298000.00,,134489000.00,96152000.00,28171000.00,,146122000.00,62603000.00,4808000.00,,189943000.00,101850000.00,-53817000.00,,-27019000.00,236055000.00,-65459000.00,,-67514000.00,11999000.00,,,,12862000.00,12483000.00,,110000.00,,,,,,,,,,,,,,,,,,,,,,,,,,,,,,,,,,,,,,,,,,,,,,,,,,,,,,,,,,,,,,,,,,
capitalExpenditures,0,46102000,45857000,61014000,71506000,69464000,58394000,89442000,58200000,49399000,36806000,35384000,31189000,27492000,27492000,33910000,33910000,60494000,60494000,58073000,58073000,55219000,55219000,36574000,45206000,45206000,42699000,54571000,47217000,36585000,48874000,46545000,40146000,54191000,47258000,36479000,25094000,55242000,30231000,37786000,42821000,34648000,64398000,74565000,72655000,66592000,94177000,99364000,45952000,22883000,23267000,23863000,25051000,3691000,31485000,28251000,70895000,18896000,26019000,20267000,19077000,21165000,33287000,38092000,34875000,38669000,69180000,83857000,73629000,59871000,70214000,55001000,65321000,64416000,58374000,71440000,31709000,21793000,21139000,21855000,16758000,19379000,25639000,37278000,14992000,9659000,20356000,20540000,13618000,11223000,18059000,14443000,17682000,17639000,28963000,44929000,27816000,95259000,24124000,21917000,33209000,10734000,14112000,11278000,9432000,3711000,8993000,6647000,5568000,2478000,3018000,3305000,3845000,2965000,2889000,3219000,1467000,1467000,2200000,5500000,5000000,6400000,4400000,4500000,3600000,3600000,,,,,,
changeReceivables,,,,,,,,,,,,,,,,,,,,,,,,,,,,,,,,,,,,,,,,,,,,,,,,,,,,,,,,,,,,,,,,,,,,,,,,,,,,,,,,,,,,,,,,,,,,,,,,,,,,,,,,,,,,,,,,,,,,,,,,,,,,,,,,,,,,
cashFlowsOtherOperating,,,,,,,,,,,,,,-20980000.00,,-1545000.00,,-12084000.00,,8429000.00,,-81935000.00,,42529000.00,,,,,,204163000.00,,,,,54622000.00,157827000.00,,,,131581000.00,,88787000.00,88787000.00,,,10510000.00,24903000.00,19594000.00,,94776000.00,169322000.00,,,,,,,28325000.00,,,,,,,,,,,,,,,,,,,,,,,,,,,,,,,,,,,,,,,,,,,,,,,,,,,,,,,,,,,,,,,,,,,,,,,,,,
exchangeRateChanges,,,,,,,,,,,,,,,,,,,,,,,,,,,,,-405000.00,270000.00,,2879000.00,,-388000.00,-53000.00,-577000.00,,3248000.00,-2299000.00,-488000.00,,-12190000.00,2233000.00,988000.00,,-5354000.00,-1994000.00,-216000.00,,240000.00,781000.00,-1477000.00,,960000.00,-74000.00,-312000.00,,1160000.00,,,,,,,,,,,,,,,,,,,,,,,,,,,,,,,,,,,,,,,,,,,,,,,,,,,,,,,,,,,,,,,,,,,,,,,,,,
cashAndCashEquivalentsChanges,,,,,,,,,,,,,,-205652000.00,,495620000.00,,148335000.00,,-53002000.00,,-37475000.00,,-28562000.00,52202000.00,52202000.00,-40614000.00,33638000.00,-123913000.00,156086000.00,,64969000.00,,-153416000.00,86946000.00,43733000.00,,-21091000.00,-103050000.00,35827000.00,,130251000.00,17817000.00,-65071000.00,,64649000.00,9096000.00,-37987000.00,,-35564000.00,-151394000.00,-17366000.00,,-6102000.00,339261000.00,-85369000.00,,-192925000.00,,,,,,,,,,,,,,,,,,,,,,,,,,,,,,,,,,,,,,,,,,,,,,,,,,,,,,,,,,,,,,,,,,,,,,,,,,
changeInWorkingCapital,,48555000.00,-133588000.00,336428000.00,-124982000.00,-74312000.00,-219482000.00,35224000.00,-179206000.00,-49857000.00,-130517000.00,110135000.00,-98351000.00,140435000.00,140435000.00,-153078000.00,-153078000.00,123798000.00,123798000.00,-71804000.00,-71804000.00,-13917000.00,-13917000.00,-91128000.00,87276000.00,87276000.00,-42055000.00,15274000.00,-59520000.00,39580000.00,25440000.00,-24437000.00,-75379000.00,41268000.00,-16425000.00,-13645000.00,-79941000.00,43691000.00,9007000.00,-19989000.00,-86152000.00,77620000.00,44590000.00,-13573000.00,-48113000.00,93337000.00,17654000.00,-25817000.00,-131750000.00,118135000.00,37227000.00,-38354000.00,-80503000.00,183839000.00,-48959000.00,-113261000.00,-114160000.00,128976000.00,41198000.00,-35937000.00,-125407000.00,118294000.00,-11293000.00,7764000.00,-79022000.00,84913000.00,-29871000.00,-10000.00,-138695000.00,84197000.00,42755000.00,-5756000.00,-194588000.00,151389000.00,-28778000.00,-3819000.00,-43749000.00,142009000.00,-7953000.00,-39316000.00,-47220000.00,87641000.00,5965000.00,-14094000.00,-43009000.00,87866000.00,-4417000.00,-5365000.00,-32159000.00,32416000.00,-9396000.00,-15118000.00,-48938000.00,103354000.00,-24088000.00,-29952000.00,-34169000.00,64964000.00,14656000.00,-1691000.00,-47578000.00,31013000.00,18371000.00,-7142000.00,-17245000.00,16387000.00,-177000.00,-13322000.00,-6746000.00,17949000.00,3866000.00,-10611000.00,-14901000.00,19283000.00,-9324000.00,-1301000.00,-3249000.00,-3249000.00,-14700000.00,-6600000.00,-16300000.00,20000000.00,-17100000.00,-9500000.00,-6000000.00,-6000000.00,,,,,,
stockBasedCompensation,,10575000.00,14780000.00,9024000.00,7016000.00,8673000.00,14273000.00,8718000.00,7865000.00,8952000.00,12618000.00,8093000.00,9031000.00,11553000.00,11553000.00,4101000.00,4101000.00,3092000.00,3092000.00,5648000.00,5648000.00,9257000.00,9257000.00,5041000.00,9673000.00,9673000.00,6102000.00,6015000.00,5716000.00,4834000.00,2258000.00,5000000.00,4798000.00,6113000.00,6276000.00,7940000.00,8808000.00,2446000.00,10440000.00,13989000.00,8102000.00,3118000.00,6393000.00,3371000.00,3188000.00,-4748000.00,-11454000.00,4372000.00,5289000.00,20891000.00,17429000.00,6730000.00,21299000.00,3276000.00,3227000.00,3332000.00,2506000.00,3528000.00,3549000.00,6134000.00,12246000.00,16994000.00,10041000.00,4315000.00,5550000.00,20296000.00,293000.00,,,33670000.00,1798000.00,,,36556000.00,-5330000.00,,8375000.00,8375000.00,,,4264000.00,25166000.00,,,4239000.00,1192000.00,,,220000.00,853000.00,,1669000.00,1199000.00,3084000.00,,,2950000.00,6952000.00,,,593000.00,,,,,,,,,,,,,,,,,,,300000.00,300000.00,,,,,,,,,,,
otherNonCashItems,,-6000.00,10759000.00,25287000.00,25287000.00,55687000.00,,11944000.00,,3000.00,-217653000.00,95546000.00,-2000.00,-1000.00,,153617000.00,153617000.00,66252000.00,66252000.00,-1000.00,,1000.00,,5041000.00,1575000.00,1575000.00,-3000000.00,1019000.00,555000.00,-614000.00,352000.00,-4516000.00,-838000.00,20547000.00,1462000.00,2344000.00,-4612000.00,-5881000.00,-6307000.00,2630000.00,-3692000.00,393000.00,33422000.00,25000.00,96000.00,25737000.00,19195000.00,395000.00,429000.00,35497000.00,-13317000.00,-12690000.00,1634000.00,20461000.00,-496000.00,425000.00,-358000.00,4362000.00,-369000.00,30564000.00,28011000.00,17679000.00,1150000.00,10389000.00,4123000.00,-9026000.00,24751000.00,3960000.00,8911000.00,-26825000.00,7096000.00,8104000.00,12744000.00,-26580000.00,16308000.00,194003000.00,3116000.00,5602000.00,5548000.00,16937000.00,12729000.00,9130000.00,12776000.00,14579000.00,320000.00,7526000.00,9435000.00,804000.00,620000.00,-333000.00,-1271000.00,375000.00,904000.00,-1590000.00,1167000.00,-660000.00,850000.00,1643000.00,456000.00,384000.00,-174000.00,7044000.00,4153000.00,647000.00,426000.00,241000.00,511000.00,762000.00,2189000.00,1656000.00,659000.00,528000.00,663000.00,876000.00,854000.00,-1209000.00,443000.00,443000.00,3500000.00,200000.00,300000.00,300000.00,300000.00,-5400000.00,100000.00,100000.00,,,,,,
freeCashFlow,,110005000.00,-54073000.00,431984000.00,-52911000.00,-66514000.00,-166641000.00,80528000.00,-46386000.00,72061000.00,-36379000.00,177508000.00,-5164000.00,145983000.00,145983000.00,-243804000.00,-243804000.00,176722000.00,176722000.00,2530000.00,2530000.00,54659000.00,54659000.00,-28855000.00,167850000.00,167850000.00,48493000.00,69836000.00,-19227000.00,169741000.00,86006000.00,-4033000.00,-29438000.00,108551000.00,54230000.00,35018000.00,4775000.00,123794000.00,78330000.00,22461000.00,-55552000.00,169915000.00,40788000.00,-40581000.00,-76999000.00,90040000.00,-11467000.00,-70166000.00,-84636000.00,261836000.00,132867000.00,-2339000.00,-12373000.00,283648000.00,5411000.00,-74041000.00,-110084000.00,234124000.00,75235000.00,31497000.00,-43955000.00,219901000.00,31203000.00,56978000.00,-49039000.00,149093000.00,6333000.00,6208000.00,-124776000.00,216380000.00,103306000.00,37174000.00,-142997000.00,256469000.00,42444000.00,201870000.00,22546000.00,246973000.00,74157000.00,66489000.00,-3523000.00,229304000.00,69354000.00,-220000.00,-17595000.00,143302000.00,11529000.00,-3082000.00,-26453000.00,77680000.00,10362000.00,-2422000.00,-42479000.00,140451000.00,10691000.00,-55335000.00,-40264000.00,27581000.00,30494000.00,-17297000.00,-64696000.00,52917000.00,43974000.00,2045000.00,-11580000.00,40336000.00,8057000.00,-8719000.00,-4772000.00,34429000.00,8189000.00,-9018000.00,-20078000.00,25358000.00,-7763000.00,-3857000.00,-5697000.00,-5697000.00,-13200000.00,-11500000.00,-27100000.00,28300000.00,-14700000.00,-14800000.00,-14400000.00,-14400000.00,,,,,,
researchDevelopment,,,,,,,,,,,,,,,,,,,,,,,,,,0.00,0.00,0.00,0.00,0.00,,0.00,,0.00,0.00,0.00,,0.00,0.00,0.00,,0.00,0.00,0.00,,0.00,0.00,0.00,,0.00,0.00,0.00,,0.00,0.00,0.00,,0.00,0.00,,0.00,0.00,0.00,0.00,0.00,0.00,0.00,0.00,0.00,0.00,0.00,0.00,0.00,0.00,0.00,0.00,,0.00,0.00,0.00,0.00,0.00,0.00,0.00,0.00,0.00,0.00,0.00,0.00,0.00,0.00,0.00,0.00,0.00,0.00,0.00,0.00,0.00,0.00,0.00,0.00,,0.00,,,,,,,,,,,,,,,,,,,,,,,,,,,,,
effectOfAccountingCharges,,,,,,,,,,,,,,,,,,,,,,,,,,0.00,0.00,0.00,0.00,0.00,,0.00,,0.00,0.00,0.00,,0.00,0.00,0.00,,0.00,0.00,0.00,,0.00,0.00,0.00,,0.00,0.00,0.00,,0.00,0.00,0.00,,0.00,0.00,,0.00,0.00,0.00,0.00,0.00,0.00,0.00,0.00,0.00,0.00,0.00,0.00,0.00,0.00,0.00,0.00,,0.00,0.00,0.00,0.00,0.00,0.00,0.00,0.00,0.00,0.00,0.00,0.00,0.00,0.00,0.00,0.00,0.00,0.00,0.00,0.00,0.00,0.00,0.00,0.00,,0.00,,,,,,,,,,,,,,,,,,,,,,,,,,,,,
incomeBeforeTax,132216000.00,66489000.00,25452000.00,71482000.00,112888000.00,-47634000.00,41758000.00,67494000.00,204205000.00,160438000.00,126781000.00,-1520000.00,89850000.00,,-19230000.00,-361369000.00,-361369000.00,1660000.00,1660000.00,105679000.00,105679000.00,85912000.00,85912000.00,52028000.00,103679000.00,103679000.00,112963000.00,77251000.00,51208000.00,119970000.00,97680000.00,32169000.00,37352000.00,87256000.00,118871000.00,65525000.00,63611000.00,113374000.00,109632000.00,50902000.00,47964000.00,113762000.00,23732000.00,12897000.00,9111000.00,24012000.00,42356000.00,30574000.00,45135000.00,141407000.00,131363000.00,61453000.00,60767000.00,80612000.00,82778000.00,30718000.00,42902000.00,135141000.00,69240000.00,37056000.00,13182000.00,95335000.00,69855000.00,42170000.00,25031000.00,53253000.00,79449000.00,93402000.00,70937000.00,219846000.00,157794000.00,131452000.00,127289000.00,242903000.00,161581000.00,118221000.00,106362000.00,178604000.00,117380000.00,90486000.00,90497000.00,182195000.00,95210000.00,48386000.00,41044000.00,61467000.00,21647000.00,13114000.00,10357000.00,62944000.00,43777000.00,16309000.00,20583000.00,70810000.00,49579000.00,23730000.00,25126000.00,79547000.00,47912000.00,4570000.00,20771000.00,61162000.00,40096000.00,27928000.00,20169000.00,41505000.00,22685000.00,15738000.00,9561000.00,26057000.00,10339000.00,1878000.00,-5996000.00,10657000.00,3535000.00,569000.00,-4929000.00,-4929000.00,-2300000.00,-2300000.00,-11800000.00,20100000.00,5400000.00,-2000000.00,-5800000.00,16000000.00,16000000.00,,,,,
minorityInterest,,,,,,,,,,,,,,,,,,,,,,,,,,0.00,0.00,0.00,0.00,0.00,,0.00,,0.00,0.00,0.00,,0.00,0.00,0.00,,0.00,0.00,0.00,,0.00,0.00,0.00,,0.00,0.00,0.00,,0.00,0.00,0.00,,0.00,0.00,,0.00,0.00,0.00,0.00,0.00,0.00,0.00,0.00,0.00,0.00,0.00,0.00,0.00,0.00,0.00,0.00,,0.00,0.00,0.00,0.00,0.00,0.00,0.00,0.00,0.00,0.00,0.00,0.00,0.00,0.00,0.00,0.00,0.00,0.00,0.00,0.00,0.00,0.00,0.00,0.00,,0.00,,,,,,,,,,,,,,,,,,,,,,,,,,,,,
sellingGeneralAdministrative,,331872000.00,312345000.00,351408000.00,312345000.00,311101000.00,307832000.00,,298755000.00,313890000.00,264492000.00,264492000.00,273297000.00,,223711000.00,188197000.00,273297000.00,286648000.00,286648000.00,258973000.00,258973000.00,253051000.00,253051000.00,230741000.00,287966000.00,287966000.00,248438000.00,234000000.00,210200000.00,263800000.00,217100000.00,203700000.00,,242100000.00,219900000.00,199500000.00,,233000000.00,220798000.00,195800000.00,,226721000.00,204600000.00,190100000.00,,222200000.00,205700000.00,186300000.00,,254800000.00,219100000.00,181700000.00,,214100000.00,185700000.00,163100000.00,,194000000.00,185100000.00,,168600000.00,227700000.00,193269000.00,160900000.00,151800000.00,221490000.00,181700000.00,167900000.00,169600000.00,217006000.00,174200000.00,166400000.00,157000000.00,217700000.00,170400000.00,142800000.00,,164200000.00,135800000.00,123800000.00,116536000.00,142400000.00,119600000.00,100742000.00,89900000.00,104875000.00,98700000.00,84800000.00,82900000.00,101600000.00,89800000.00,81200000.00,78100000.00,105500000.00,88600000.00,75300000.00,69600000.00,97100000.00,67600000.00,55000000.00,46700000.00,,46700000.00,53700000.00,37100000.00,,44700000.00,31800000.00,26200000.00,,26700000.00,21500000.00,18900000.00,26000000.00,21100000.00,19400000.00,,17286000.00,,23900000.00,19900000.00,16200000.00,21700000.00,15600000.00,12100000.00,10300000.00,13900000.00,,,,,
sellingAndMarketingExpenses,,,,,,,,,,,,,,,,,,,,,,,,,,,,,,,,,,,,,,,,,,,,,,,,,,,,,,,,,,,,,,,,,,,,,,638000.00,,,,,,,,,,,,,,,,,,,,,,,,,,,,,,,,,,,,,,,,,,,,,,,,,,,,,,,,,,,,,,
grossProfit,543797000.00,453016000.00,413179000.00,507432000.00,479773000.00,370017000.00,388026000.00,488685000.00,564524000.00,502391000.00,436190000.00,439865000.00,414777000.00,,265199000.00,28306000.00,28306000.00,407747000.00,407747000.00,407062000.00,407062000.00,382571000.00,382571000.00,324921000.00,430607000.00,430607000.00,399487000.00,353101000.00,304443000.00,425120000.00,374913000.00,292649000.00,277822000.00,388502000.00,377816000.00,307095000.00,293452000.00,387951000.00,367532000.00,285039000.00,262212000.00,375810000.00,315472000.00,237547000.00,225845000.00,306020000.00,298875000.00,245495000.00,263609000.00,459755000.00,379090000.00,276564000.00,272663000.00,355552000.00,308967000.00,232061000.00,231761000.00,361246000.00,312309000.00,239708000.00,248434000.00,388163000.00,300128000.00,248833000.00,220925000.00,311637000.00,309412000.00,289384000.00,263667000.00,455315000.00,352917000.00,316447000.00,298459000.00,469592000.00,342487000.00,274534000.00,253816000.00,354244000.00,269367000.00,227980000.00,222160000.00,326257000.00,237390000.00,164292000.00,149869000.00,194806000.00,142269000.00,111189000.00,105988000.00,176418000.00,146307000.00,109754000.00,110019000.00,187970000.00,149539000.00,107989000.00,101870000.00,182500000.00,120079000.00,63590000.00,70056000.00,129049000.00,95844000.00,72589000.00,59027000.00,87811000.00,60420000.00,49063000.00,37217000.00,59007000.00,38654000.00,25053000.00,14253000.00,38057000.00,25850000.00,21239000.00,13610000.00,13610000.00,23900000.00,19300000.00,5900000.00,43100000.00,22300000.00,11000000.00,5700000.00,31000000.00,44300000.00,32700000.00,23300000.00,71100000.00,41100000.00,41100000.00
reconciledDepreciation,,57364000.00,56728000.00,60233000.00,3100.00,52405000.00,49409000.00,,48648000.00,42084000.00,41525000.00,39297000.00,42486000.00,,39789000.00,39886000.00,,43419000.00,,45024000.00,,45437000.00,,45350000.00,38800000.00,,45959000.00,43200000.00,42472000.00,44103000.00,43673000.00,40800000.00,,40001000.00,40031000.00,39000000.00,,39476000.00,37800000.00,36300000.00,,37057000.00,36659000.00,35800000.00,,35174000.00,32530000.00,30400000.00,,30677000.00,31900000.00,32438000.00,,35462000.00,35100000.00,36330000.00,,35301000.00,36500000.00,,37756000.00,39147000.00,37068000.00,35858000.00,35410000.00,38716000.00,32816000.00,32059000.00,29550000.00,28479000.00,27867000.00,27375000.00,25482000.00,27102000.00,19993000.00,25500000.00,,19149000.00,18746000.00,18581000.00,18102000.00,21791000.00,16176000.00,15684000.00,14622000.00,14729000.00,14373000.00,13763000.00,13416000.00,13247000.00,12969000.00,12487000.00,11958000.00,12523000.00,11403000.00,9851000.00,8098000.00,8248000.00,5709000.00,4952000.00,4291000.00,,4300000.00,3193000.00,2484000.00,,2410000.00,2084000.00,1975000.00,,1859000.00,1771000.00,1669000.00,1543000.00,1451000.00,1526000.00,,1567000.00,,1600000.00,1500000.00,1300000.00,1100000.00,1100000.00,1000000.00,900000.00,900000.00,,,,,
ebit,129345000.00,67440000.00,47417000.00,100755000.00,117548000.00,14014000.00,41902000.00,88033000.00,212817000.00,169359000.00,133427000.00,208862000.00,109461000.00,,16985000.00,-47002000.00,-47002000.00,152922000.00,152922000.00,103102000.00,103102000.00,87378000.00,87378000.00,50932000.00,101400000.00,101400000.00,108633000.00,76391000.00,53842000.00,119457000.00,118313000.00,58395000.00,47845000.00,128206000.00,118268000.00,68659000.00,58676000.00,115636000.00,109111000.00,53139000.00,41994000.00,112210000.00,125523000.00,12047000.00,8425000.00,74275000.00,80468000.00,29425000.00,45817000.00,208815000.00,125719000.00,62001000.00,57260000.00,121396000.00,83592000.00,27856000.00,33878000.00,133087000.00,113670000.00,39421000.00,48892000.00,129969000.00,70749000.00,49924000.00,29647000.00,53453000.00,110313000.00,85452000.00,58021000.00,198538000.00,143984000.00,113920000.00,104687000.00,210637000.00,143421000.00,100283000.00,91280000.00,169848000.00,109214000.00,81588000.00,84547000.00,175739000.00,96402000.00,47346000.00,39090000.00,74819000.00,20681000.00,12086000.00,9075000.00,60170000.00,43209000.00,15917000.00,19261000.00,69062000.00,49473000.00,21978000.00,23188000.00,74743000.00,45540000.00,2674000.00,17345000.00,63994000.00,38943000.00,27143000.00,19435000.00,40745000.00,22092000.00,15197000.00,9019000.00,25568000.00,10069000.00,1809000.00,-6326000.00,10484000.00,3324000.00,294000.00,-5243000.00,-4929000.00,-2300000.00,-2100000.00,-11600000.00,20300000.00,5600000.00,-2100000.00,-5500000.00,16200000.00,16200000.00,,,,,
ebitda,185789000.00,124804000.00,104145000.00,160988000.00,167890000.00,64024000.00,93715000.00,135140000.00,254901000.00,210884000.00,171698000.00,250445000.00,148435000.00,,56871000.00,-3583000.00,-3583000.00,197323000.00,197323000.00,148670000.00,148670000.00,132248000.00,132248000.00,95723000.00,142641000.00,142641000.00,151049000.00,119664000.00,95777000.00,163000000.00,161986000.00,99199000.00,88291000.00,167609000.00,158299000.00,107559000.00,97459000.00,154931000.00,146911000.00,89248000.00,77121000.00,149089000.00,162182000.00,47469000.00,40787000.00,108978000.00,112998000.00,59159000.00,81743000.00,238931000.00,157678000.00,94439000.00,90583000.00,156858000.00,119422000.00,64186000.00,69412000.00,168388000.00,150257000.00,75325000.00,86648000.00,169116000.00,107306000.00,85265000.00,65057000.00,92169000.00,143129000.00,117511000.00,87571000.00,227017000.00,171851000.00,141295000.00,130169000.00,237739000.00,163414000.00,121988000.00,110513000.00,188997000.00,127960000.00,100169000.00,102649000.00,197530000.00,112578000.00,63030000.00,53712000.00,89548000.00,35054000.00,25849000.00,22491000.00,73417000.00,56178000.00,28404000.00,31219000.00,81585000.00,60876000.00,31829000.00,31286000.00,82991000.00,51249000.00,7626000.00,21636000.00,67763000.00,42136000.00,29896000.00,21919000.00,43155000.00,24234000.00,17281000.00,10994000.00,27587000.00,11928000.00,3580000.00,-4657000.00,12027000.00,4775000.00,1820000.00,-3676000.00,-3362000.00,-700000.00,-600000.00,-10300000.00,21400000.00,6700000.00,-1100000.00,-4600000.00,17100000.00,44300000.00,-127800000.00,23300000.00,71100000.00,41100000.00,41100000.00
depreciationAndAmortization,56444000.00,57364000.00,56728000.00,60233000.00,50342000.00,50010000.00,51813000.00,47107000.00,42084000.00,41525000.00,38271000.00,41583000.00,38974000.00,,39886000.00,43419000.00,43419000.00,44401000.00,44401000.00,45568000.00,45568000.00,44870000.00,44870000.00,44791000.00,41241000.00,41241000.00,42416000.00,43273000.00,41935000.00,43543000.00,43673000.00,40804000.00,40446000.00,39403000.00,40031000.00,38900000.00,38783000.00,39295000.00,37800000.00,36109000.00,35127000.00,36879000.00,36659000.00,35422000.00,32362000.00,34703000.00,32530000.00,29734000.00,35926000.00,30116000.00,31959000.00,32438000.00,33323000.00,35462000.00,35830000.00,36330000.00,35534000.00,35301000.00,36587000.00,35904000.00,37756000.00,39147000.00,36557000.00,35341000.00,35410000.00,38716000.00,32816000.00,32059000.00,29550000.00,28479000.00,27867000.00,27375000.00,25482000.00,27102000.00,19993000.00,21705000.00,19233000.00,19149000.00,18746000.00,18581000.00,18102000.00,21791000.00,16176000.00,15684000.00,14622000.00,14729000.00,14373000.00,13763000.00,13416000.00,13247000.00,12969000.00,12487000.00,11958000.00,12523000.00,11403000.00,9851000.00,8098000.00,8248000.00,5709000.00,4952000.00,4291000.00,3769000.00,3193000.00,2753000.00,2484000.00,2410000.00,2142000.00,2084000.00,1975000.00,2019000.00,1859000.00,1771000.00,1669000.00,1543000.00,1451000.00,1526000.00,1567000.00,1567000.00,1600000.00,1500000.00,1300000.00,1100000.00,1100000.00,1000000.00,900000.00,900000.00,900000.00,,,,,
nonOperatingIncomeNetOther,,,,,,,,,,,,,,,2223000.00,-3129000.00,,1184000.00,,2577000.00,,3990000.00,,4182000.00,2279000.00,2279000.00,4330000.00,860000.00,502000.00,3959000.00,,-13243000.00,,403000.00,1382000.00,603000.00,,4935000.00,-2261000.00,521000.00,,1552000.00,649000.00,850000.00,,35000.00,520000.00,1149000.00,,1446000.00,2822000.00,-343000.00,,3507000.00,338000.00,1431000.00,,4512000.00,-22215000.00,,138000.00,,,,,,,,,,,,,,,,,,,,,,,,,,,,,,,,,,,,,,,,,,,,,,,,,,,,,,,,,,,,,,,,,,,,,,,
operatingIncome,125361000.00,65290000.00,47417000.00,100755000.00,117548000.00,14014000.00,41902000.00,79954000.00,209687000.00,167996000.00,133427000.00,3584000.00,95551000.00,,-12237000.00,-358240000.00,-358240000.00,476000.00,476000.00,103102000.00,103102000.00,81922000.00,81922000.00,47846000.00,101400000.00,101400000.00,108633000.00,76391000.00,50706000.00,116011000.00,110923000.00,38903000.00,36949000.00,85874000.00,118268000.00,68659000.00,58676000.00,115636000.00,109111000.00,53139000.00,41994000.00,112210000.00,23083000.00,12047000.00,8425000.00,23977000.00,41836000.00,29425000.00,45817000.00,139961000.00,128541000.00,61796000.00,57260000.00,80274000.00,83185000.00,29287000.00,38390000.00,134114000.00,91455000.00,38166000.00,13057000.00,94435000.00,70302000.00,46317000.00,27339000.00,53353000.00,94881000.00,89427000.00,64479000.00,209192000.00,150889000.00,122686000.00,115988000.00,226770000.00,152501000.00,109252000.00,98821000.00,174226000.00,113297000.00,86037000.00,87522000.00,178967000.00,95806000.00,47866000.00,40067000.00,61084000.00,21164000.00,12600000.00,9716000.00,61557000.00,43493000.00,16113000.00,19922000.00,69936000.00,49526000.00,22854000.00,24157000.00,77145000.00,46726000.00,3622000.00,19058000.00,63994000.00,38943000.00,27143000.00,19435000.00,40745000.00,22092000.00,15197000.00,9019000.00,25568000.00,10069000.00,1809000.00,-6326000.00,10484000.00,3324000.00,294000.00,-5243000.00,-5243000.00,-1600000.00,-2100000.00,-11600000.00,20300000.00,5600000.00,-2100000.00,-5500000.00,16200000.00,44300000.00,-127800000.00,23300000.00,71100000.00,41100000.00,41100000.00
otherOperatingExpenses,1119250000.00,1135589000.00,1036820000.00,1400297000.00,1123035000.00,1184110000.00,1013135000.00,1416039000.00,1064391000.00,1026160000.00,901187000.00,1186071000.00,929111000.00,,881136000.00,754313000.00,754313000.00,1237932000.00,1237932000.00,963310000.00,963310000.00,956229000.00,956229000.00,836901000.00,1142799000.00,1142799000.00,895074000.00,888462000.00,770687000.00,1110989000.00,845815000.00,795908000.00,719439000.00,990206000.00,822341000.00,753935000.00,690740000.00,990192000.00,809961000.00,744289000.00,657526000.00,959643000.00,779987000.00,698548000.00,637704000.00,992581000.00,796153000.00,697888000.00,633660000.00,942665000.00,781833000.00,677884000.00,661833000.00,941723000.00,748641000.00,646416000.00,571172000.00,781974000.00,660052000.00,613336000.00,628416000.00,859549000.00,678660000.00,611819000.00,584647000.00,852360000.00,659155000.00,599388000.00,575823000.00,786209000.00,593554000.00,580503000.00,496398000.00,746595000.00,543789000.00,493074000.00,423607000.00,590141000.00,464368000.00,427283000.00,366497000.00,435041000.00,407625000.00,365911000.00,309958000.00,456171000.00,352636000.00,324455000.00,282142000.00,429997000.00,330978000.00,303110000.00,257971000.00,394364000.00,314133000.00,269538000.00,227391000.00,346589000.00,236041000.00,205355000.00,158941000.00,221431000.00,183750000.00,151439000.00,125969000.00,172362000.00,126976000.00,110534000.00,90675000.00,128132000.00,94833000.00,84350000.00,67278000.00,112421000.00,75522000.00,69963000.00,59639000.00,59639000.00,87500000.00,69700000.00,59500000.00,94500000.00,60800000.00,44900000.00,34700000.00,65400000.00,65400000.00,160500000.00,160500000.00,,,
interestExpense,-2871000.00,951000.00,690000.00,7064000.00,3878000.00,63487000.00,4588000.00,8595000.00,8612000.00,8921000.00,8506000.00,7993000.00,7924000.00,,,,,,,,,,,,,0.00,0.00,0.00,0.00,0.00,,0.00,,0.00,0.00,0.00,,0.00,0.00,0.00,,0.00,0.00,0.00,,0.00,0.00,0.00,,0.00,0.00,0.00,,0.00,0.00,0.00,,0.00,0.00,,0.00,0.00,0.00,0.00,0.00,0.00,0.00,0.00,0.00,0.00,0.00,0.00,0.00,0.00,0.00,0.00,,0.00,0.00,0.00,0.00,0.00,0.00,0.00,0.00,0.00,0.00,0.00,0.00,0.00,0.00,0.00,0.00,0.00,0.00,0.00,0.00,0.00,0.00,0.00,0.00,,0.00,,,,,,,,,,,,,,,,,,,,,,,,,,,,,
taxProvision,,17919000.00,6999000.00,16891000.00,6999000.00,31616000.00,-5168000.00,,10018000.00,51981000.00,31318000.00,31318000.00,-5056000.00,,-5478000.00,-104207000.00,-104207000.00,-104207000.00,-3104000.00,-3104000.00,24918000.00,24918000.00,20931000.00,20931000.00,,27511000.00,,,,,,,,,,,,,,,,,,,,,,,,,,,,,,,,,,,,,,,,,,,,,,,,,,,,,,,,,,,,,,,,,,,,,,,,,,,,,,,,,,,,,,,,,,,,,,,,,,,,,,,,,,
interestIncome,,951000.00,690000.00,7065000.00,690000.00,3878000.00,63487000.00,,4588000.00,8612000.00,8506000.00,,7993000.00,,7924000.00,,,,,,,,,,,,,,,,,,,,,,,,,,,,,,,,,,,,,,,,,,,,,,,,,,,,,,,,,,,,,,,,,,,,,,,,,,,,,,,,,,,,,,,,,,,,,,,,,,,,,,,,,,,,,,,,,,,,,
netInterestIncome,,-951000.00,-690000.00,-7064000.00,-690000.00,-3878000.00,-63487000.00,,-4588000.00,-8612000.00,-8921000.00,-8506000.00,-7993000.00,,-7924000.00,,,,,,,,,,,,,,,,,,,,,,,,,,,,,,,,,,,,,,,,,,,,,,,,,,,,,,,,,,,,,,,,,,,,,,,,,,,,,,,,,,,,,,,,,,,,,,,,,,,,,,,,,,,,,,,,,,,,,
extraordinaryItems,,,,,,,,,,,,,,,,,,,,,,,,,,0.00,0.00,0.00,0.00,0.00,,0.00,,0.00,0.00,0.00,,0.00,0.00,0.00,,0.00,0.00,0.00,,0.00,0.00,0.00,,0.00,0.00,0.00,,0.00,0.00,0.00,,0.00,0.00,,0.00,0.00,0.00,0.00,0.00,0.00,0.00,0.00,0.00,0.00,0.00,0.00,0.00,0.00,0.00,0.00,,0.00,0.00,0.00,0.00,0.00,0.00,0.00,0.00,0.00,0.00,0.00,0.00,0.00,0.00,0.00,0.00,0.00,0.00,0.00,0.00,0.00,0.00,0.00,0.00,,0.00,,,,,,,,,,,,,,,,,,,,,,,,,,,,,
nonRecurring,,,,,,,,,,,,,,,,155619000.00,,76223000.00,,,,2728000.00,,1543000.00,,0.00,0.00,-1568000.00,1568000.00,1722000.00,,3695000.00,,5448000.00,21166000.00,63498000.00,,21166000.00,21166000.00,0.00,,51220000.00,51220000.00,0.00,,25149000.00,19316000.00,0.00,,34869000.00,0.00,0.00,,0.00,20730000.00,0.00,,0.00,0.00,,0.00,0.00,0.00,0.00,0.00,0.00,0.00,0.00,0.00,0.00,0.00,0.00,0.00,0.00,0.00,0.00,,0.00,0.00,0.00,0.00,0.00,0.00,0.00,0.00,0.00,0.00,0.00,0.00,0.00,0.00,0.00,0.00,0.00,0.00,0.00,0.00,0.00,0.00,0.00,0.00,,0.00,,,,,,,,,,,,,,,,,,,,,,,,,,,,,
otherItems,,,,,,,,,,,,,,,,,,,,,,,,,,0.00,0.00,0.00,0.00,0.00,,0.00,,0.00,0.00,0.00,,0.00,0.00,0.00,,0.00,0.00,0.00,,0.00,0.00,0.00,,0.00,0.00,0.00,,0.00,0.00,0.00,,0.00,0.00,,0.00,0.00,0.00,0.00,0.00,0.00,0.00,0.00,0.00,0.00,0.00,0.00,0.00,0.00,0.00,0.00,,0.00,0.00,0.00,0.00,0.00,0.00,0.00,0.00,0.00,0.00,0.00,0.00,0.00,0.00,0.00,0.00,0.00,0.00,0.00,0.00,0.00,0.00,0.00,0.00,,0.00,,,,,,,,,,,,,,,,,,,,,,,,,,,,,
incomeTaxExpense,35516000.00,17919000.00,6999000.00,16891000.00,31616000.00,-5168000.00,10018000.00,17066000.00,51981000.00,38927000.00,31318000.00,-5056000.00,31742000.00,,-5478000.00,-104207000.00,-104207000.00,-3104000.00,-3104000.00,24918000.00,24918000.00,20931000.00,20931000.00,11276000.00,27511000.00,27511000.00,27491000.00,16918000.00,11279000.00,26013000.00,33947000.00,10933000.00,12116000.00,32634000.00,43111000.00,23933000.00,23135000.00,31668000.00,40367000.00,17637000.00,18909000.00,43688000.00,14697000.00,7084000.00,5245000.00,13502000.00,17453000.00,10980000.00,17159000.00,46631000.00,48922000.00,18607000.00,21070000.00,29328000.00,30351000.00,11049000.00,14577000.00,48103000.00,36049000.00,11213000.00,2260000.00,36011000.00,10696000.00,13598000.00,3064000.00,20522000.00,36845000.00,33571000.00,27042000.00,79367000.00,58368000.00,50108000.00,48519000.00,92744000.00,60636000.00,46122000.00,42206000.00,71468000.00,44023000.00,32452000.00,35313000.00,70743000.00,37161000.00,18762000.00,15937000.00,26113000.00,11508000.00,5010000.00,3954000.00,24068000.00,16716000.00,6229000.00,7865000.00,26908000.00,18837000.00,8424000.00,9581000.00,30400000.00,18686000.00,1793000.00,8163000.00,24031000.00,15759000.00,10979000.00,7926000.00,16616000.00,8814000.00,6185000.00,3756000.00,10297000.00,4063000.00,758000.00,-2377000.00,4232000.00,1390000.00,223000.00,-1938000.00,-1938000.00,-900000.00,-800000.00,-4900000.00,8000000.00,2200000.00,-6400000.00,-2400000.00,6600000.00,-1800000.00,1800000.00,2800000.00,-7500000.00,-900000.00,-900000.00
totalRevenue,1301055000.00,1200879000.00,1080926000.00,1496088000.00,1240583000.00,1198124000.00,1055037000.00,1507937000.00,1274078000.00,1194156000.00,1034614000.00,1292294000.00,1031617000.00,,883510000.00,551692000.00,551692000.00,1314631000.00,1314631000.00,1066412000.00,1066412000.00,1040879000.00,1040879000.00,886290000.00,1244199000.00,1244199000.00,1003707000.00,964853000.00,822961000.00,1228723000.00,960433000.00,844557000.00,761836000.00,1097246000.00,940609000.00,822594000.00,749416000.00,1105828000.00,919072000.00,797428000.00,699520000.00,1071853000.00,854290000.00,710595000.00,646129000.00,1041707000.00,857305000.00,727313000.00,679477000.00,1117053000.00,910374000.00,739680000.00,719093000.00,1042727000.00,831826000.00,675703000.00,609562000.00,916088000.00,751507000.00,651502000.00,659453000.00,971976000.00,748962000.00,657596000.00,611986000.00,905713000.00,754036000.00,688815000.00,640302000.00,995401000.00,744443000.00,703189000.00,612386000.00,973365000.00,696290000.00,602326000.00,522428000.00,764367000.00,577665000.00,513320000.00,454019000.00,614008000.00,503431000.00,413777000.00,350025000.00,517255000.00,373800000.00,337055000.00,291858000.00,491554000.00,374471000.00,319223000.00,277893000.00,464300000.00,363659000.00,292392000.00,251548000.00,423734000.00,282767000.00,208977000.00,177999000.00,285425000.00,222693000.00,178582000.00,145404000.00,213107000.00,149068000.00,125731000.00,99694000.00,153700000.00,104902000.00,86159000.00,60952000.00,122905000.00,78846000.00,70257000.00,54396000.00,54396000.00,85900000.00,67600000.00,47900000.00,114800000.00,66400000.00,42800000.00,29200000.00,81600000.00,44300000.00,32700000.00,23300000.00,71100000.00,41100000.00,41100000.00
totalOperatingExpenses,361992000.00,387726000.00,369073000.00,411641000.00,362225000.00,356003000.00,346124000.00,396787000.00,354837000.00,334395000.00,302763000.00,333642000.00,312271000.00,,262825000.00,230927000.00,230927000.00,331048000.00,331048000.00,303960000.00,303960000.00,297921000.00,297921000.00,275532000.00,329207000.00,329207000.00,290854000.00,276710000.00,252169000.00,307386000.00,260295000.00,244000000.00,235425000.00,281462000.00,259548000.00,238436000.00,234776000.00,272315000.00,258421000.00,231900000.00,220218000.00,263600000.00,241169000.00,225500000.00,217420000.00,256894000.00,237723000.00,216070000.00,217792000.00,285367000.00,250549000.00,214768000.00,215403000.00,254548000.00,225782000.00,202774000.00,193371000.00,227132000.00,220854000.00,201542000.00,217397000.00,275736000.00,229826000.00,203056000.00,193586000.00,258284000.00,214531000.00,199957000.00,199188000.00,246123000.00,202028000.00,193761000.00,182471000.00,242822000.00,189986000.00,165282000.00,154995000.00,180018000.00,156070000.00,141943000.00,134638000.00,147290000.00,141584000.00,116426000.00,109802000.00,133722000.00,121105000.00,98589000.00,96272000.00,114861000.00,102814000.00,93641000.00,90097000.00,118034000.00,100013000.00,85135000.00,77713000.00,105355000.00,73353000.00,59968000.00,50998000.00,65055000.00,56901000.00,45446000.00,39592000.00,47066000.00,38328000.00,33866000.00,28198000.00,33439000.00,28585000.00,23244000.00,20579000.00,27573000.00,22526000.00,20945000.00,18853000.00,18853000.00,25500000.00,21400000.00,17500000.00,22800000.00,16700000.00,13100000.00,11200000.00,14800000.00,14800000.00,-160500000.00,-160500000.00,,,
costOfRevenue,757258000.00,747863000.00,667747000.00,988656000.00,760810000.00,828107000.00,667011000.00,1019252000.00,709554000.00,691765000.00,598424000.00,852429000.00,616840000.00,,618311000.00,523386000.00,523386000.00,906884000.00,906884000.00,659350000.00,659350000.00,658308000.00,658308000.00,561369000.00,813592000.00,813592000.00,604220000.00,611752000.00,518518000.00,803603000.00,585520000.00,551908000.00,484014000.00,708744000.00,562793000.00,515499000.00,455964000.00,717877000.00,551540000.00,512389000.00,437308000.00,696043000.00,538818000.00,473048000.00,420284000.00,735687000.00,558430000.00,481818000.00,415868000.00,657298000.00,531284000.00,463116000.00,446430000.00,687175000.00,522859000.00,443642000.00,377801000.00,554842000.00,439198000.00,411794000.00,411019000.00,583813000.00,448834000.00,408763000.00,391061000.00,594076000.00,444624000.00,399431000.00,376635000.00,540086000.00,391526000.00,386742000.00,313927000.00,503773000.00,353803000.00,327792000.00,268612000.00,410123000.00,308298000.00,285340000.00,231859000.00,287751000.00,266041000.00,249485000.00,200156000.00,322449000.00,231531000.00,225866000.00,185870000.00,315136000.00,228164000.00,209469000.00,167874000.00,276330000.00,214120000.00,184403000.00,149678000.00,241234000.00,162688000.00,145387000.00,107943000.00,156376000.00,126849000.00,105993000.00,86377000.00,125296000.00,88648000.00,76668000.00,62477000.00,94693000.00,66248000.00,61106000.00,46699000.00,84848000.00,52996000.00,49018000.00,40786000.00,40786000.00,62000000.00,48300000.00,42000000.00,71700000.00,44100000.00,31800000.00,23500000.00,50600000.00,50600000.00,,,,,
totalOtherIncomeExpenseNet,6855000.00,2150000.00,-21965000.00,-29273000.00,-4660000.00,-61648000.00,-144000.00,-15809000.00,3130000.00,1363000.00,1860000.00,-99750000.00,-4732000.00,,-21604000.00,-158748000.00,-158748000.00,-75039000.00,-75039000.00,2577000.00,2577000.00,1262000.00,1262000.00,2639000.00,2279000.00,2279000.00,4330000.00,860000.00,-1066000.00,2236000.00,-16938000.00,-16480000.00,-5045000.00,-19784000.00,603000.00,-3134000.00,4935000.00,-2262000.00,521000.00,-2237000.00,5970000.00,1552000.00,-50571000.00,850000.00,686000.00,-25114000.00,-18796000.00,1149000.00,-682000.00,-32981000.00,2822000.00,-343000.00,3507000.00,-20392000.00,-407000.00,1431000.00,4512000.00,1027000.00,-22215000.00,-1110000.00,-17855000.00,-17542000.00,-447000.00,-4147000.00,-2308000.00,-100000.00,-15432000.00,3975000.00,6458000.00,10654000.00,6905000.00,8766000.00,11301000.00,16133000.00,9080000.00,8969000.00,7541000.00,4378000.00,4083000.00,4449000.00,2975000.00,3228000.00,-596000.00,520000.00,977000.00,-13735000.00,483000.00,514000.00,641000.00,1387000.00,284000.00,196000.00,661000.00,874000.00,53000.00,876000.00,969000.00,2402000.00,1186000.00,948000.00,1713000.00,-2832000.00,1153000.00,785000.00,734000.00,760000.00,593000.00,541000.00,542000.00,489000.00,270000.00,69000.00,330000.00,173000.00,211000.00,275000.00,314000.00,314000.00,-700000.00,-200000.00,-200000.00,-200000.00,-200000.00,100000.00,-300000.00,-200000.00,-200000.00,,,,,
discontinuedOperations,,,,,,,,,,,,,,,,,,,,,,,,,,0.00,0.00,0.00,0.00,0.00,,0.00,,0.00,0.00,0.00,,0.00,4847000.00,0.00,,-8465000.00,0.00,0.00,,0.00,0.00,0.00,,0.00,0.00,0.00,,0.00,0.00,0.00,,0.00,0.00,,0.00,0.00,0.00,0.00,0.00,0.00,0.00,0.00,0.00,0.00,0.00,0.00,0.00,0.00,0.00,0.00,,0.00,0.00,0.00,0.00,0.00,0.00,0.00,0.00,0.00,0.00,0.00,0.00,0.00,0.00,0.00,0.00,0.00,0.00,0.00,0.00,0.00,0.00,0.00,0.00,,0.00,,,,,,,,,,,,,,,,,,,,,,,,,,,,,
netIncomeFromContinuingOps,,48570000.00,18453000.00,54591000.00,18453000.00,81272000.00,-42466000.00,,31740000.00,152224000.00,121511000.00,95463000.00,3536000.00,,58108000.00,-257162000.00,-257162000.00,4763000.00,4763000.00,80761000.00,80761000.00,64981000.00,64981000.00,40752000.00,76168000.00,76168000.00,85472000.00,60333000.00,39929000.00,93958000.00,,63733000.00,,25236000.00,54621000.00,75760000.00,,40476000.00,81706000.00,69265000.00,,70073000.00,9035000.00,5813000.00,,10510000.00,24903000.00,19594000.00,,99114000.00,82441000.00,42846000.00,,39697000.00,51284000.00,19669000.00,,28325000.00,0.00,,25843000.00,0.00,0.00,0.00,0.00,0.00,0.00,0.00,0.00,0.00,0.00,0.00,0.00,0.00,0.00,0.00,,0.00,0.00,0.00,0.00,0.00,0.00,0.00,0.00,0.00,0.00,0.00,0.00,0.00,0.00,0.00,0.00,0.00,0.00,0.00,0.00,0.00,0.00,0.00,0.00,,0.00,,,,,,,,,,,,,,,,,,,,,,,,,,,,,
netIncomeApplicableToCommonShares,,48570000.00,18453000.00,54589000.00,18453000.00,81272000.00,-42466000.00,,31740000.00,152224000.00,95463000.00,,3535000.00,,58108000.00,-257162000.00,-257162000.00,4763000.00,4763000.00,80761000.00,80761000.00,64981000.00,64981000.00,40752000.00,76168000.00,76168000.00,85472000.00,60333000.00,39929000.00,93958000.00,,63733000.00,,25236000.00,54621000.00,75760000.00,,40476000.00,81706000.00,74112000.00,,61608000.00,9035000.00,5813000.00,,10510000.00,24903000.00,19594000.00,,94776000.00,78608000.00,19027000.00,,39697000.00,51284000.00,19669000.00,,28325000.00,87038000.00,,9663000.00,35862000.00,79617000.00,67948000.00,36757000.00,29076000.00,32731000.00,42604000.00,59831000.00,43895000.00,140479000.00,99426000.00,81344000.00,78770000.00,150159000.00,100945000.00,,64156000.00,107136000.00,73357000.00,58034000.00,55184000.00,106944000.00,58705000.00,31582000.00,27001000.00,35354000.00,10139000.00,8104000.00,6403000.00,38876000.00,27061000.00,10080000.00,12718000.00,43902000.00,30742000.00,15306000.00,15545000.00,49147000.00,29226000.00,2777000.00,,12608000.00,,,,,,,,,,,,,,,,,,,,,,,,,,,,,
preferredStockAndOtherAdjustments,,,,,,,,,,,,,,,,,,,,,,,,,,,,,,,,,,,,,,,,,,,,,,,,,,,,,,,,,,,,,,,,,,,,,,,,,,,,,,,,,,,,,,,,,,,,,,,,,,,,,,,,,,,,,,,,,,,,,,,,,,,,,,,,,,,,
