,2023-09-30,2023-06-30,2023-03-31,2022-12-31,2022-09-30,2022-06-30,2022-03-31,2021-12-31,2021-09-30,2021-06-30,2021-03-31,2020-12-31,2020-09-30,2020-06-30,2020-03-31,2019-12-31,2019-09-30,2019-06-30,2019-03-31,2018-12-31,2018-09-30,2018-06-30,2018-03-31,2017-12-31,2017-09-30,2017-06-30,2017-03-31,2016-12-31,2016-09-30,2016-06-30,2016-03-31,2015-12-31,2015-09-30,2015-06-30,2015-03-31,2014-12-31,2014-09-30,2014-06-30,2014-03-31,2013-12-31,2013-09-30,2013-06-30,2013-03-31,2012-12-31,2012-09-30,2012-06-30,2012-03-31,2011-12-31,2011-09-30,2011-06-30,2011-03-31,2010-12-31,2010-09-30,2010-06-30,2010-03-31,2009-12-31,2009-09-30,2009-06-30,2009-03-31,2008-12-31,2008-09-30,2008-06-30,2008-03-31,2007-12-31,2007-09-30,2007-06-30,2007-03-31,2006-12-31,2006-09-30,2006-06-30,2006-03-31,2005-12-31,2005-09-30,2005-06-30,2005-03-31,2004-12-31,2004-09-30,2004-06-30,2004-03-31,2003-12-31,2003-09-30,2003-06-30,2003-03-31,2002-12-31,2002-09-30,2002-06-30,2002-03-31,2001-12-31,2001-09-30,2001-06-30,2001-03-31,2000-12-31,2000-09-30,2000-06-30,2000-03-31,1999-12-31,1999-09-30,1999-06-30,1999-03-31,1998-12-31,1998-09-30,1998-06-30,1998-03-31,1997-12-31,1997-09-30,1997-06-30,1997-03-31,1996-12-31,1996-09-30,1996-06-30,1996-03-31,1995-12-31,1995-09-30,1995-06-30,1995-03-31,1994-12-31,1994-09-30,1994-06-30,1994-03-31
date,2023-09-30,2023-06-30,2023-03-31,2022-12-31,2022-09-30,2022-06-30,2022-03-31,2021-12-31,2021-09-30,2021-06-30,2021-03-31,2020-12-31,2020-09-30,2020-06-30,2020-03-31,2019-12-31,2019-09-30,2019-06-30,2019-03-31,2018-12-31,2018-09-30,2018-06-30,2018-03-31,2017-12-31,2017-09-30,2017-06-30,2017-03-31,2016-12-31,2016-09-30,2016-06-30,2016-03-31,2015-12-31,2015-09-30,2015-06-30,2015-03-31,2014-12-31,2014-09-30,2014-06-30,2014-03-31,2013-12-31,2013-09-30,2013-06-30,2013-03-31,2012-12-31,2012-09-30,2012-06-30,2012-03-31,2011-12-31,2011-09-30,2011-06-30,2011-03-31,2010-12-31,2010-09-30,2010-06-30,2010-03-31,2009-12-31,2009-09-30,2009-06-30,2009-03-31,2008-12-31,2008-09-30,2008-06-30,2008-03-31,2007-12-31,2007-09-30,2007-06-30,2007-03-31,2006-12-31,2006-09-30,2006-06-30,2006-03-31,2005-12-31,2005-09-30,2005-06-30,2005-03-31,2004-12-31,2004-09-30,2004-06-30,2004-03-31,2003-12-31,2003-09-30,2003-06-30,2003-03-31,2002-12-31,2002-09-30,2002-06-30,2002-03-31,2001-12-31,2001-09-30,2001-06-30,2001-03-31,2000-12-31,2000-09-30,2000-06-30,2000-03-31,1999-12-31,1999-09-30,1999-06-30,1999-03-31,1998-12-31,1998-09-30,1998-06-30,1998-03-31,1997-12-31,1997-09-30,1997-06-30,1997-03-31,1996-12-31,1996-09-30,1996-06-30,1996-03-31,1995-12-31,1995-09-30,1995-06-30,1995-03-31,1994-12-31,1994-09-30,1994-06-30,1994-03-31
filing_date,2023-10-24,2023-08-01,2023-05-04,2023-02-14,2022-11-01,2022-08-02,2022-05-03,2022-02-22,2021-11-01,2021-07-26,2021-05-03,2021-02-18,2020-10-19,2020-07-20,2020-04-20,2020-02-20,2019-10-21,2019-07-22,2019-04-22,2019-02-21,2018-10-22,2018-07-23,2018-04-23,2018-02-22,2017-10-23,2017-07-24,2017-04-24,2017-02-23,2016-10-24,2016-07-27,2016-04-27,2016-03-11,2015-10-30,2015-07-31,2015-05-01,2015-03-06,2014-10-31,2014-08-01,2014-05-02,2014-03-07,2013-11-01,2013-08-02,2013-05-03,2013-03-11,2012-11-02,2012-08-03,2012-05-04,2012-03-12,2011-11-04,2011-08-05,2011-05-10,2011-03-15,2010-11-05,2010-08-09,2010-05-10,2010-03-12,2009-11-04,2009-08-07,2009-05-08,2009-03-13,2008-11-07,2008-08-08,2008-05-08,2008-03-13,2007-11-08,2007-08-07,2007-05-09,2007-03-14,2006-11-07,2006-08-08,2006-05-05,2006-03-16,2005-11-04,2005-08-05,2005-05-05,2005-03-15,2004-11-05,2004-08-06,2004-05-06,2004-03-15,2003-11-13,2003-08-14,2003-05-12,2003-03-24,2002-11-14,2002-08-09,2002-05-09,2002-03-26,2001-11-06,2001-08-03,2001-05-02,2001-03-23,2000-11-02,2000-08-09,2000-05-04,2000-03-22,1999-11-02,1999-08-06,1999-05-04,1999-03-22,1998-11-03,1998-08-10,1998-05-12,1998-03-23,1997-11-13,1997-08-05,1997-05-14,1997-03-28,1996-11-06,1996-08-07,1996-05-10,1995-12-31,1995-09-30,1995-06-30,1995-03-31,1994-12-31,1994-09-30,1994-06-30,1994-03-31
currency_symbol,USD,USD,USD,USD,USD,USD,USD,USD,USD,USD,USD,USD,USD,USD,USD,USD,USD,USD,USD,USD,USD,USD,USD,USD,USD,USD,USD,USD,USD,USD,USD,USD,USD,USD,USD,USD,USD,USD,USD,USD,USD,USD,USD,USD,USD,USD,USD,USD,USD,USD,USD,USD,USD,USD,USD,USD,USD,USD,USD,USD,USD,USD,USD,USD,USD,USD,USD,USD,USD,USD,USD,USD,USD,USD,USD,USD,USD,USD,USD,USD,USD,USD,USD,USD,USD,USD,USD,USD,USD,USD,USD,USD,USD,USD,USD,USD,USD,USD,USD,USD,USD,USD,USD,USD,USD,USD,USD,USD,USD,USD,USD,USD,USD,USD,USD,USD,USD,USD,USD
totalAssets,7647106000.00,7272006000.00,6986427000.00,6713189000.00,6556101000.00,6038232000.00,5638590000.00,5226906000.00,4997500000.00,4764523000.00,4278402000.00,3886183000.00,3547614000.00,3111642000.00,2908945000.00,2664530000.00,2523321000.00,2304443000.00,2150337000.00,2028189000.00,1748634000.00,1748634000.00,1527247000.00,1494634000.00,1366973000.00,1286840000.00,1158240000.00,1111925000.00,1038813000.00,973104000.00,825553310.00,792550000.00,749237000.00,705067000.00,653046000.00,593580000.00,522823000.00,481159000.00,466486000.00,462742000.00,443619000.00,410852000.00,380207000.00,370093000.00,332678000.00,315076000.00,291583000.00,293943958.00,282023000.00,281363000.00,280678000.00,285042367.00,274057000.00,270353000.00,266952638.00,261788718.00,260940000.00,259925000.00,257021701.00,256896835.00,258567190.00,247900384.00,241881675.00,239347506.00,230792630.00,227677615.00,224595139.00,223514599.00,218612175.00,216260090.00,216598101.00,223459607.00,215729849.00,217198742.00,216000297.00,215702360.00,209575946.00,193970734.00,190525492.00,191685714.00,188145780.00,184118124.00,184285410.00,178162172.00,166309542.00,165645582.00,166161711.00,167511346.00,165406120.00,165590489.00,164372786.00,166052090.00,161235651.00,160078112.00,157032795.00,158195537.00,152900000.00,151900000.00,148400000.00,149647872.00,146200000.00,135100000.00,133400000.00,130491504.00,123700000.00,123500000.00,121800000.00,121381870.00,119100000.00,117200000.00,112600000.00,108900000.00,101500000.00,93300000.00,88900000.00,89700000.00,89800000.00,90300000.00,
intangibleAssets,849191000.00,825998000.00,803654000.00,799448000.00,763458000.00,739319000.00,716509000.00,672020000.00,645594000.00,601545000.00,545376000.00,473592000.00,422373000.00,368812000.00,354685000.00,343514000.00,335840000.00,307303000.00,289928000.00,280153000.00,270606000.00,270606000.00,208663000.00,195158000.00,184920000.00,172928000.00,140652000.00,109824000.00,102602000.00,100511000.00,76650860.00,76552000.00,65571624.00,61515812.00,56520276.00,47479602.00,38307803.00,29459224.00,29160682.00,27705499.00,27903865.00,26926820.00,23174203.00,21342122.00,21825887.00,24712993.00,16308407.00,16150299.00,13531175.00,8539863.00,8561163.00,8152000.00,,,,,,,,,,,,,,,,,,,,,,,,,,,,,,,,,,,,,,,,,,,,,,,,,,,,,,,,,,,,,,,,,,,
earningAssets,,,,,,,,,,,,,,,,,,,,,,,,,,,,,,,,,,,,,,,,,,,,,,,,,,,,,,,,,,,,,,,,,,,,,,,,,,,,,,,,,,,,,,,,,,,,,,,,,,,,,,,,,,,,,,,,,,,,,,,
otherCurrentAssets,,,,,1027000.00,840000.00,,7674000.00,16498000.00,12580000.00,13549000.00,3017000.00,1515000.00,7043000.00,20049000.00,26554000.00,1449000.00,16909000.00,3024000.00,20000.00,2803000.00,1436000.00,8874000.00,7975000.00,1779000.00,5409000.00,,,12292000.00,,,,,,,,,,,,,,,,3280616.00,3280534.00,,,,,,,,760000.00,9772416.00,,,,,,,,,-1315003.00,,,,-1195870.00,,,,-6445145.00,,,,-1214821.00,,,,-1626426.00,,,,,,,,,,,,,,,,,,,,,,,,,,,,,,,,,,,,,,,
totalLiab,2401712000.00,2293961000.00,2188583000.00,2082799000.00,2007394000.00,2063992000.00,1962849000.00,1807590000.00,1655899000.00,1644372000.00,1478526000.00,1359934000.00,1282227000.00,925666000.00,1151933000.00,972968000.00,1032907000.00,836520000.00,860915000.00,789703000.00,682763000.00,680256000.00,614384000.00,583444000.00,544156000.00,490888000.00,470688000.00,426415000.00,463382000.00,414416000.00,375098679.00,338930000.00,349552000.00,334440000.00,300177000.00,237545000.00,236207000.00,194166000.00,175292000.00,170526000.00,200593000.00,166818000.00,136890000.00,172128000.00,135163000.00,117107000.00,93823000.00,131719677.00,119392000.00,113142000.00,112448000.00,117912091.00,98986000.00,94714000.00,121562876.00,121961834.00,121643000.00,121297000.00,118978677.00,118914691.00,120746000.00,110300594.00,104428398.00,101837516.00,94379971.00,91311506.00,88262451.00,87217406.00,82456366.00,80015563.00,80214007.00,86853912.00,81481583.00,82629981.00,81321844.00,112195518.00,106653887.00,92036885.00,88623341.00,89676539.00,87206466.00,125120209.00,125611240.00,119752441.00,108584479.00,108104538.00,108785712.00,110181292.00,108198213.00,108565642.00,107394267.00,108917396.00,103967414.00,102692439.00,99343166.00,100302975.00,94700000.00,93500000.00,89700000.00,90173958.00,85900000.00,75200000.00,72900000.00,69874148.00,62600000.00,61800000.00,91200000.00,91070819.00,89000000.00,86500000.00,81500000.00,77500000.00,69600000.00,61000000.00,56100000.00,56400000.00,55900000.00,55900000.00,
totalStockholderEquity,5244281000.00,4976840000.00,4796544000.00,4628998000.00,4547174000.00,3972584000.00,3674073000.00,3417687000.00,3339886000.00,3118395000.00,2798023000.00,2524487000.00,2263570000.00,2184101000.00,1755086000.00,1689331000.00,1488219000.00,1465639000.00,1287066000.00,1236075000.00,1065871000.00,1065871000.00,910309000.00,908661000.00,820299000.00,793379000.00,684989000.00,682978000.00,572979000.00,556302000.00,448043432.00,451124000.00,397197000.00,368210000.00,350523000.00,353620000.00,284131000.00,284487000.00,288581000.00,289569000.00,240392000.00,241365000.00,240656000.00,195309000.00,194860000.00,195288000.00,195073000.00,159545556.00,159927000.00,165317000.00,165314000.00,164239342.00,171882000.00,172412000.00,142112112.00,136763317.00,136244000.00,135596000.00,132712449.00,132635403.00,131968000.00,131742753.00,131584346.00,131613810.00,130583173.00,130520785.00,130470646.00,130418600.00,130270700.00,130327180.00,130439399.00,130627060.00,128447823.00,128741484.00,128830448.00,97631987.00,97058494.00,96146012.00,96105584.00,96187436.00,95235146.00,53166570.00,52873081.00,52622724.00,52017671.00,51846864.00,51693365.00,51631953.00,51517302.00,51349563.00,51300469.00,51427086.00,51535018.00,51629432.00,51892407.00,52033550.00,52300000.00,52500000.00,52700000.00,53426071.00,54100000.00,54400000.00,54900000.00,54966009.00,55400000.00,55900000.00,24800000.00,24442037.00,24300000.00,24800000.00,25100000.00,25300000.00,25700000.00,26000000.00,26400000.00,26800000.00,27100000.00,27500000.00,
deferredLongTermLiab,,,,,763458000.00,739319000.00,,672020000.00,645594000.00,601545000.00,545376000.00,473592000.00,422373000.00,368812000.00,354685000.00,343514000.00,335840000.00,307303000.00,289928000.00,5102000.00,1554000.00,2320000.00,2185000.00,2312000.00,2157000.00,2499000.00,2355000.00,2528000.00,705000.00,1013953.00,1129798.00,1245643.00,1361488.00,1477333.00,1593178.00,1709023.00,1824868.00,1940713.00,2056558.00,2172403.00,2288248.00,2404093.00,2519938.00,2635783.00,2751628.00,2867473.00,2983318.00,3099163.00,3215008.00,9705979.00,,,,,,,,,,,,,,,,,,,,,,,,,,,,,,,,,,,,,,,,,,,,,,,,,,,,,,,,,,,,,,,,,,,,,
otherCurrentLiab,-1811598000.00,-1816801000.00,-1817382000.00,-1817673000.00,-1841786000.00,-52439000.00,-14486000.00,16881000.00,15507000.00,15029000.00,13324000.00,34545000.00,32522000.00,32519000.00,26859000.00,25014000.00,24353000.00,24119000.00,21535000.00,4020000.00,-9311000.00,5669000.00,-58666000.00,5701000.00,-310333000.00,-32941000.00,-14828000.00,-489000.00,14202000.00,-394562000.00,-473008073.00,10720813.00,-677461749.00,-781668827.00,-962095489.00,-1013859899.00,-1132109582.00,-1275258498.00,-1362716363.00,-1473654686.00,-1619465069.00,5991346.00,6007460.00,-45458215447.00,3314680.00,3138266.00,3066844.00,8184503.00,2379017.00,1981556.00,2466982.00,-37720641106.00,77964996.00,4617000.00,4636105.00,4967605.00,4580206.00,4500592.00,4497745.00,4734028.00,-7179246.00,319450480.00,22470619.00,22547139.00,21926295.00,22105118.00,22237889.00,22393005.00,22557085.00,22800560.00,23052650.00,23186897.00,-29029870.00,23261103.00,23484232.00,23264412.00,23236258.00,9451252.00,9464862.00,9521365.00,9410212.00,8718053.00,8554654.00,8430967.00,8447967.00,8343893.00,8364519.00,8356688.00,8367407.00,8256593.00,8421913.00,8371834.00,-43466476.00,-43876131.00,8473217.00,8628517.00,9500000.00,-3200000.00,600000.00,-32565296.00,32800000.00,22200000.00,14600000.00,-34073267.00,15600000.00,12500000.00,41700000.00,31311225.00,31300000.00,30800000.00,,,,,,,,,
commonStock,10000.00,10000.00,9000.00,9000.00,9000.00,8000.00,8000.00,7000.00,7000.00,7000.00,6000.00,6000.00,6000.00,5000.00,5000.00,5000.00,4000.00,4000.00,4000.00,4000.00,3000.00,3000.00,3000.00,3000.00,3000.00,3000.00,3000.00,3000.00,2000.00,2000.00,2075.00,2000.00,2000.00,2000.00,2000.00,2000.00,1000.00,1000.00,1000.00,1000.00,1000.00,1000.00,1000.00,1000.00,1000.00,1000.00,1000.00,985.00,1000.00,1000.00,1000.00,976.00,1000.00,1000.00,825.00,820.00,1000.00,1000.00,793.00,786.00,1000.00,780.00,780.00,775.00,775.00,775.00,775.00,775.00,772.00,772.00,772.00,772.00,768.00,768.00,768.00,649.00,647.00,647.00,647.00,643.00,643.00,448.00,448.00,445.00,445.00,445.00,445.00,442.00,442.00,442.00,442.00,440.00,440.00,440.00,440.00,436.00,,,,435.00,,,,433.00,,,,265.00,,,,,,,,,,,
capitalStock,175010000.00,175010000.00,175009000.00,175009000.00,175009000.00,175008000.00,175008000.00,175007000.00,175007000.00,7000.00,,,,,,,,,,,,,,,,,,,,,,,,,,,,,,,,,,,,,,,,,,,,,,,,,,,,,,,,,,,,,,,,,,,,,,,,,,,,,,,,,,,,,,,,,,,,,,,,,,,,,,,,,,,,,
retainedEarnings,-316083000.00,-283995000.00,-254316000.00,-228132000.00,-203040000.00,-182518000.00,-162765000.00,-147366000.00,-130455000.00,-121619000.00,-101137000.00,-91343000.00,-80627000.00,-69595000.00,-62542000.00,-57094000.00,-54841000.00,-51298000.00,-45940000.00,-42945000.00,-35317000.00,-35317000.00,-28449000.00,-28763000.00,-29136000.00,-26547000.00,-26962000.00,-28558000.00,-28339000.00,-31137000.00,-30452339.00,-28262000.00,-26452000.00,-32265000.00,-34138000.00,-32585000.00,-30288000.00,-28708000.00,-24929000.00,-23879000.00,-23264000.00,-22360000.00,-21344000.00,-21167000.00,-21199000.00,-20531000.00,-20897000.00,-20918494.00,-20089000.00,-14355000.00,-14105000.00,-14702252.00,-6543000.00,-5959000.00,-5275237.00,-10632798.00,-10830000.00,-11069000.00,-11212410.00,-11257541.00,-11149000.00,-11099686.00,-10967093.00,-10647624.00,-11431325.00,-11246213.00,-11051622.00,-10858938.00,-10796381.00,-10421351.00,-10107132.00,-9717471.00,-11731356.00,-11426790.00,-11185066.00,-10726663.00,-10822666.00,-11547973.00,-11468401.00,-11227636.00,-12103965.00,-10840106.00,-11041595.00,-11135499.00,-11661307.00,-11752114.00,-11827613.00,-11724832.00,-11774231.00,-11874970.00,-11857064.00,-11663446.00,-11496388.00,-11342974.00,-11076999.00,-10673302.00,-10400000.00,-10100000.00,-9900000.00,-9448351.00,-8800000.00,-8500000.00,-8000000.00,-7537911.00,-7200000.00,-6600000.00,-5900000.00,-5619136.00,-5800000.00,-5300000.00,-5000000.00,-4600000.00,-4200000.00,-3900000.00,-3500000.00,-3100000.00,-2800000.00,-2400000.00,
otherLiab,,,,,37117000.00,33116000.00,29352000.00,33075000.00,32544000.00,30887000.00,34654000.00,29528000.00,33882000.00,27091000.00,22115000.00,21800000.00,26121000.00,25576000.00,24476000.00,28039000.00,28141000.00,27447000.00,29330000.00,32526000.00,33361000.00,33615000.00,33850000.00,3911000.00,6531000.00,8218000.00,6602000.00,3871000.00,5723000.00,3404000.00,5112000.00,3423000.00,1854000.00,2388000.00,1830000.00,1712000.00,2368000.00,2087000.00,2965000.00,3333000.00,3445000.00,3400000.00,2938000.00,3107000.00,3362000.00,9866000.00,9925000.00,10219000.00,10619000.00,10538000.00,10326000.00,10208000.00,10400000.00,10680000.00,10903000.00,10795000.00,10967000.00,11139000.00,11316000.00,11479000.00,11651000.00,11823000.00,11996000.00,12168000.00,12336000.00,12506000.00,12674000.00,12848000.00,13024000.00,13194000.00,13368000.00,13544000.00,13720000.00,59000.00,47000.00,47000.00,97000.00,83000.00,89000.00,93000.00,96000.00,81000.00,81000.00,50000.00,50000.00,50000.00,51000.00,51000.00,54000.00,54000.00,52000.00,,,,,,,,,,,,,,,,,,,,,,,,
goodWill,,,,,,,,,,,,,,,,,,,,,0.00,0.00,0.00,0.00,0.00,0.00,0.00,0.00,0.00,0.00,0.00,0.00,0.00,0.00,0.00,0.00,0.00,0.00,0.00,0.00,0.00,0.00,0.00,0.00,0.00,0.00,0.00,0.00,0.00,0.00,,,,,,,,,,,,,,,,,,,,,,,,,,,,,,,,,,,,,,,,,,,,,,,,,,,,,,,,,,,,,,,,,,,,,
otherAssets,3000.00,4179000.00,6098575000.00,5820137000.00,5473459000.00,5211240000.00,4837782000.00,5097137000.00,93124000.00,4540595000.00,641759000.00,3842238000.00,436186000.00,382431000.00,367748000.00,357223000.00,343968000.00,16909000.00,320524000.00,288794000.00,279794000.00,243441000.00,1498196000.00,1420375000.00,1324050000.00,1268424000.00,1142871000.00,1066995000.00,1004407000.00,959095000.00,814035000.00,782420000.00,721718000.00,696503000.00,640205000.00,583673000.00,517401000.00,475741000.00,462355000.00,444942000.00,435434000.00,407841000.00,377291000.00,366663000.00,327460000.00,310416000.00,290514000.00,291139000.00,278466000.00,277840000.00,277973000.00,283119000.00,170.00,264893000.00,253965000.00,259113000.00,415.00,414.00,255883000.00,255263000.00,17146479.00,2180990.00,2420065.00,3524373.00,2108517.00,2401075.00,2643858.00,3619644.00,1982601.00,2362209.00,2371060.00,8898922.00,2692157.00,2867151.00,2947695.00,4137810.00,2869784.00,2896828.00,2735830.00,8606535.00,1720789.00,2272486.00,2336306.00,2437064.00,2201444.00,2493584.00,2664883.00,2636166.00,2305467.00,2362751.00,2635203.00,2784784.00,2747309.00,2562042.00,2627906.00,2600677.00,152900000.00,151900000.00,4200000.00,2974541.00,5200000.00,5600000.00,5800000.00,3716163.00,5700000.00,6400000.00,6600000.00,3493251.00,119100000.00,5300000.00,112600000.00,108900000.00,101500000.00,93300000.00,4900000.00,5100000.00,4600000.00,90300000.00,
cash,6384000.00,8068000.00,11809000.00,27763000.00,250487000.00,26267000.00,24888000.00,43252000.00,91881000.00,177046000.00,7369000.00,6137000.00,14715000.00,29341000.00,72091000.00,15603000.00,9353000.00,5520000.00,22325000.00,53955000.00,16811000.00,16811000.00,2230000.00,50807000.00,25510000.00,4173000.00,2300000.00,33395000.00,11491000.00,4035000.00,3711373.00,2712000.00,21380000.00,2871000.00,7919000.00,5399000.00,1403000.00,1623000.00,826000.00,14537000.00,5824000.00,1225000.00,1199000.00,1270000.00,543000.00,618000.00,465000.00,2002663.00,887000.00,852000.00,799000.00,593281.00,337000.00,358000.00,565298.00,688675.00,362000.00,265000.00,262289.00,668677.00,159000.00,180737.00,178746.00,544639.00,146354.00,161634.00,168312.00,463730.00,164292.00,215926.00,238400.00,5714540.00,189894.00,230977.00,158883.00,587524.00,216144.00,198712.00,217895.00,1004090.00,234099.00,201202.00,185043.00,1095610.00,192536.00,761470.00,203465.00,1101861.00,100879.00,152621.00,169613.00,1119072.00,205154.00,184678.00,257755.00,1064241.00,,,300000.00,994159.00,700000.00,1000000.00,1200000.00,1785968.00,1300000.00,1900000.00,400000.00,294389.00,,500000.00,,,,,,,,,
cashAndEquivalents,6384000.00,8068000.00,11809000.00,27763000.00,250487000.00,26267000.00,24888000.00,43252000.00,91881000.00,177046000.00,,,,,,,,,,,,,,,,,,,,,,,,,,,,,,,,,,,,,,,,,,,,,,,,,,,,,,,,,,,,,,,,,,,,,,,,,,,,,,,,,,,,,,,,,,,,,,,,,,,,,,,,,,,,,
totalCurrentLiabilities,131886000.00,111790000.00,115804000.00,106067000.00,107064000.00,89723000.00,81239000.00,86886000.00,96001000.00,83225000.00,79510000.00,105935000.00,100393000.00,112607000.00,102193000.00,74001000.00,76997000.00,72819000.00,61378000.00,35707000.00,65393000.00,33602000.00,28672000.00,30880000.00,25215000.00,22910000.00,20839000.00,20877000.00,21185000.00,18414000.00,18070142.00,14770000.00,8943000.00,8554000.00,8066000.00,8048000.00,6579000.00,6583000.00,6574000.00,6244000.00,5570000.00,5571000.00,5571000.00,4710000.00,61599000.00,51311000.00,37360000.00,67446885.00,49964000.00,40405000.00,39368000.00,7080690.00,97180139.00,19439000.00,16027066.00,45531994.00,5490439.00,5619078.00,6070733.00,6846063.00,23000000.00,24000000.00,24500000.00,25100000.00,23600000.00,23900000.00,23300000.00,24300000.00,23700000.00,24100000.00,23900000.00,24600000.00,23900000.00,25000000.00,25000000.00,25100000.00,24200000.00,10900000.00,10500000.00,11500000.00,10400000.00,9900000.00,9400000.00,10200000.00,9400000.00,9300000.00,9500000.00,10200000.00,10100000.00,10000000.00,9300000.00,10500000.00,9300000.00,9400000.00,9500000.00,10800000.00,9500000.00,9500000.00,9500000.00,10900000.00,32800000.00,22200000.00,21100000.00,19000000.00,15600000.00,12500000.00,41700000.00,32600000.00,31300000.00,30800000.00,,,,,,,,,
currentDeferredRevenue,,,,,,,,-160000000.00,,,-238000000.00,-92000000.00,-20000000.00,,-242000000.00,-89000000.00,-248000000.00,-54000000.00,-71000000.00,2790000.00,1079000.00,1845000.00,1710000.00,14000.00,1452000.00,1794000.00,1650000.00,1823000.00,-47000000.00,308953000.00,424798000.00,-17999813.00,656488000.00,772333000.00,888178000.00,1004023000.00,1119868000.00,1235713000.00,1351558000.00,1467403000.00,1583248000.00,1699093000.00,1814938000.00,1930783000.00,2047000.00,2162000.00,2278000.00,2394163.00,2510000.00,9001000.00,9173000.00,9345754000.00,9518000.00,9690000.00,9862917.00,10035304.00,10207692000.00,10380079000.00,,10724854000.00,-67539754.00,-344776000.00,-172388000.00,-689550000.00,,,,-689550000.00,,,,-689550000.00,,,,-307936000.00,13656860000.00,,,,,,,,,,,,,,,,,,,,,,,,,,,,,,,,,,,,,,,,,,
netDebt,2225984000.00,2135831000.00,2024644000.00,1912255000.00,1612726000.00,1911658000.00,1823011000.00,1644377000.00,1435473000.00,1350135000.00,1356993000.00,1212162000.00,1131586000.00,750699000.00,950308000.00,856696000.00,919225000.00,730273000.00,749339000.00,666454000.00,662096000.00,600559000.00,553677000.00,468756000.00,459365000.00,429485000.00,412994000.00,367527000.00,423470000.00,383044000.00,346010536.00,316872000.00,307916000.00,315126000.00,275260000.00,216363000.00,222782000.00,179670000.00,163154000.00,143861000.00,183966000.00,155083000.00,124327000.00,159636000.00,123869000.00,105610000.00,82860000.00,117295292.00,108205000.00,95278000.00,95106000.00,99313753.00,80120000.00,74917000.00,103803145.00,103864127.00,104686000.00,104026000.00,101038141.00,99900020.00,29041000.00,47569263.00,40571254.00,36255361.00,30003646.00,73116122.00,70627123.00,68327517.00,64399729.00,61610689.00,62090792.00,62507380.00,63161267.00,10569023.00,8841117.00,92421165.00,33683856.00,30201288.00,26682105.00,83032288.00,39265901.00,37257030.00,37473189.00,114188798.00,20565696.00,18996762.00,19554767.00,104625910.00,36057353.00,36005611.00,35288619.00,86358930.00,83910576.00,82463030.00,26900477.00,79030562.00,91000000.00,89900000.00,86000000.00,75463367.00,81500000.00,70400000.00,67900000.00,57809074.00,58300000.00,56500000.00,88400000.00,76985992.00,86700000.00,83600000.00,79100000.00,73600000.00,56600000.00,55800000.00,54200000.00,54300000.00,54300000.00,54400000.00,
shortTermDebt,1836729000.00,1840899000.00,1840453000.00,1840018000.00,1863213000.00,71824000.00,32249000.00,160000000.00,32607000.00,32782000.00,238000000.00,92000000.00,20000000.00,,242000000.00,89000000.00,248000000.00,54000000.00,71000000.00,19000000.00,61537000.00,14000000.00,76000000.00,14000000.00,326570000.00,48000000.00,29000000.00,14000000.00,47000000.00,98000000.00,60000000.00,18000000.00,27000000.00,15000000.00,79500000.00,15000000.00,16500000.00,43364000.00,15988000.00,9500000.00,40000000.00,-1701239753.00,-1817062176.00,43530005000.00,54840000.00,44434000.00,30385000.00,56443898.00,43385000.00,27329000.00,26130000.00,28380254000.00,7897397.00,3976896.00,29000000.00,29000000.00,-10207692000.00,-10380079000.00,,-10724854000.00,29200000.00,47750000.00,172388000.00,689550000.00,,,,689550000.00,,,,689550000.00,52151161.00,,,307936000.00,-13656860000.00,,,,,,,,,,,,,,,,51957498.00,52289476.00,,,,12700000.00,8900000.00,41299294.00,,,6500000.00,50954026.00,,,,,,,,,,,,,,,
shortLongTermDebt,,,,,,,,160000000.00,,,238000000.00,92000000.00,,,,,,,,,,645205000.00,555907000.00,519805000.00,486159000.00,435197000.00,416698000.00,402916000.00,,,,320243000.00,,,,224145546.00,,,,,,,,,,,,,,,,,,,,,,,,,,,,,,,,,,,,,,,,,,,,,,,,,,,,,,,,,,,,,,,,,,,,,,,,,,,,,,,,,,,
shortLongTermDebtTotal,2232368000.00,2143899000.00,2036453000.00,1940018000.00,1863213000.00,1937925000.00,1847899000.00,1687629000.00,1527354000.00,1527181000.00,1364362000.00,1218299000.00,1146301000.00,780040000.00,1022399000.00,872299000.00,928578000.00,735793000.00,771664000.00,720409000.00,678907000.00,617370000.00,555907000.00,519563000.00,484875000.00,433658000.00,415294000.00,400922000.00,434961000.00,387079000.00,349721909.00,319584000.00,329296000.00,317997000.00,283179000.00,221762000.00,224185000.00,181293000.00,163980000.00,158398000.00,189790000.00,156308000.00,125526000.00,160906000.00,124412000.00,106228000.00,83325000.00,119297955.00,109092000.00,96130000.00,95905000.00,99907034.00,80457000.00,75275000.00,104368443.00,104552802.00,105048000.00,104291000.00,101300430.00,100568697.00,29200000.00,47750000.00,40750000.00,36800000.00,30150000.00,73277756.00,70795435.00,68791247.00,64564021.00,61826615.00,62329192.00,68221920.00,63351161.00,10800000.00,9000000.00,93008689.00,33900000.00,30400000.00,26900000.00,84036378.00,39500000.00,37458232.00,37658232.00,115284408.00,20758232.00,19758232.00,19758232.00,105727771.00,36158232.00,36158232.00,35458232.00,87478002.00,84115730.00,82647708.00,27158232.00,80094803.00,91000000.00,89900000.00,86300000.00,76457526.00,82200000.00,71400000.00,69100000.00,59595042.00,59600000.00,58400000.00,88800000.00,77280381.00,86700000.00,84100000.00,79100000.00,73600000.00,56600000.00,55800000.00,54200000.00,54300000.00,54300000.00,54400000.00,
otherStockholderEquity,5352063000.00,5060200000.00,4852927000.00,4658570000.00,4551081000.00,3948547000.00,3646770000.00,3395549000.00,3300227000.00,3248264000.00,2909914000.00,2652090000.00,2384331000.00,2295235000.00,1856914000.00,1752912000.00,1556124000.00,1522644000.00,1334952000.00,1277592000.00,1096185000.00,1096679000.00,935481000.00,936046000.00,849442000.00,820134000.00,711753000.00,712069000.00,607627000.00,595105083.00,484511186.00,482514380.00,428579718.00,402915538.00,388692168.00,388262847.00,314515337.00,314002337.00,313487337.00,312974162.00,263962863.00,263496063.00,263049468.00,217768918.00,217347709.00,216935709.00,216523709.00,181069633.00,180747115.00,180424067.00,180064710.00,179705353.00,179402697.00,179102129.00,147742101.00,147466101.00,147172344.00,146876344.00,144184158.00,202394542.00,200275057.00,198665853.00,197061612.00,195511223.00,194034435.00,192559115.00,191080423.00,189629516.00,188215857.00,186713763.00,185336215.00,184115340.00,182757823.00,184227488.00,182901369.00,150085988.00,148445984.00,148286327.00,147106616.00,145890196.00,145005117.00,103533477.00,102407506.00,101214079.00,105872341.00,104828820.00,103788000.00,102688905.00,101678449.00,100659199.00,99668807.00,98705382.00,97774837.00,96847243.00,95978666.00,94907724.00,62700000.00,62600000.00,62600000.00,91944121.00,62900000.00,62900000.00,62900000.00,88198069.00,62600000.00,62500000.00,30700000.00,53269275.00,30100000.00,30100000.00,30100000.00,29900000.00,29900000.00,29900000.00,29900000.00,29900000.00,29900000.00,29900000.00,
propertyPlantEquipment,6674708000.00,6273659000.00,6012115000.00,5801968000.00,5390821000.00,5091666000.00,4731698000.00,4367111000.00,4114047000.00,3913594000.00,3575025000.00,3304179000.00,3015606000.00,2643131000.00,2397615000.00,2218592000.00,2118928000.00,1918718000.00,1780769000.00,1661334000.00,1424828000.00,1324218000.00,1271569000.00,1214016000.00,1121026000.00,1081350000.00,992297000.00,950261000.00,897834000.00,854304712.00,733952328.00,699447515.00,650308126.00,628086244.00,576925129.00,530057161.00,472058429.00,440867459.00,427995780.00,410732085.00,401961819.00,375196955.00,348751352.00,339955142.00,300978025.00,281078020.00,270554733.00,271484133.00,262298538.00,266634259.00,,,,,,,,,,,,,,,,,,,,,,,,,,,,,,,,,,,,,,,,,,,,,,,,,,,,,,,,,,,,,,,,,,,,,
totalCurrentAssets,87338000.00,83176000.00,84029000.00,94750000.00,320211000.00,88513000.00,85177000.00,104368000.00,161233000.00,236508000.00,61618000.00,46962000.00,55539000.00,70380000.00,127682000.00,72715000.00,44225000.00,49417000.00,49044000.00,75522000.00,36693000.00,39496000.00,36747000.00,76679000.00,51926000.00,23825000.00,15369000.00,44930000.00,34406000.00,14009000.00,11518537.00,10130000.00,27519000.00,8564000.00,12842000.00,9907000.00,5422000.00,5417000.00,4131000.00,22645000.00,8185000.00,3011000.00,2917000.00,7968000.00,5218000.00,4660000.00,19781000.00,2804344.00,18822000.00,13878000.00,13124000.00,1923410.00,1132471.00,8010000.00,12988253.00,2675511.00,1390549.00,1189442.00,1138750.00,1633479.00,911711.00,837889.00,822465.00,1.00,483949.00,565281.00,546048.00,1.00,569739.00,491280.00,687549.00,1.00,342786.00,511870.00,575006.00,1.00,331681.00,345419.00,643620.00,1.00,389793.00,617108.00,571720.00,1880247.00,332370.00,941584.00,525269.00,1768610.00,270494.00,500187.00,613813.00,1860637.00,434668.00,375013.00,656440.00,1629374.00,,,300000.00,1639211.00,700000.00,1000000.00,1200000.00,2259886.00,1300000.00,1900000.00,400000.00,933124.00,,500000.00,,,,,300000.00,300000.00,300000.00,,
longTermInvestments,,,,,,,,,,,,,,,,,,,,2539000.00,5883000.00,16319000.00,10966000.00,4012000.00,10235000.00,6694000.00,1561000.00,1409000.00,,,,,,,,,,,,,,,,,,,,,,,,,,,,,,,,,,,,,,,,,,,,,,,,,,,,,,,,,,,,,,,,,,,,,,,,,,,,,,,,,,,,,,,,,,,
netTangibleAssets,,3975842000.00,3817890000.00,3654550000.00,4372174000.00,3058265000.00,2782564000.00,3242687000.00,3164886000.00,3118395000.00,2252647000.00,2050895000.00,1841197000.00,1815289000.00,1400401000.00,1345817000.00,1152379000.00,1158336000.00,997138000.00,955922000.00,795265000.00,671828000.00,701646000.00,713503000.00,635379000.00,620451000.00,544337000.00,573154000.00,470377000.00,455790307.00,371392572.00,374571311.00,331624375.00,306694219.00,294003321.00,306140389.00,245822678.00,255027676.00,259420801.00,261862717.00,212489484.00,214438756.00,217481537.00,173967164.00,173034160.00,170574548.00,178764627.00,143395257.00,146395591.00,156777209.00,,,,,,,,,,,,,,,,,,,,,,,,,,,,,,,,,,,,,,,,,,,,,,,,,,,,,,,,,,,,,,,,,,,,,
shortTermInvestments,,,,,,,,4367111000.00,4114047000.00,,,,,,,,,,,,1436000.00,0.00,8874000.00,7975000.00,1779000.00,0.00,0.00,0.00,12292000.00,0.00,0.00,0.00,0.00,0.00,0.00,0.00,0.00,0.00,0.00,0.00,0.00,0.00,0.00,0.00,3281000.00,3281000.00,0.00,0.00,0.00,0.00,,,,2097000.00,9772000.00,,,,,,,,,,,,,,,,,,,,,,,,,,,,,,,,,,,,,,,,,,,,,,,,,,,,,,,,,,,,300000.00,300000.00,300000.00,,
netReceivables,77749000.00,70929000.00,71089000.00,65841000.00,68697000.00,61406000.00,59411000.00,53442000.00,52854000.00,46882000.00,40700000.00,37808000.00,39309000.00,33996000.00,27747000.00,26808000.00,25495000.00,24914000.00,23695000.00,21547000.00,19882000.00,19882000.00,17947000.00,15477000.00,15634000.00,14243000.00,13069000.00,11535000.00,10623000.00,9974000.00,7807164.00,7418000.00,6139000.00,5693000.00,4923000.00,4508000.00,4019000.00,3794000.00,3305000.00,3263000.00,2361000.00,1786000.00,1718000.00,2160000.00,1394000.00,761000.00,604000.00,801681.00,2670000.00,2671000.00,1906000.00,1330129.00,795000.00,3005000.00,2650539.00,1986836.00,1029000.00,924000.00,876461.00,964802.00,752694.00,657152.00,643719.00,770365.00,337595.00,403647.00,377736.00,732141.00,405447.00,275354.00,449149.00,730606.00,152892.00,280893.00,416123.00,627298.00,115537.00,146707.00,425725.00,622337.00,155694.00,415906.00,386677.00,784637.00,139834.00,180114.00,321804.00,666749.00,169615.00,347566.00,444200.00,741565.00,229514.00,190335.00,398685.00,565133.00,,,,645052.00,,,473918.00,473918.00,,,,638735.00,,,,,,,,,,,
longTermDebt,2232368000.00,1840899000.00,1840453000.00,1940018000.00,1863213000.00,1567925000.00,1527899000.00,1527629000.00,1527354000.00,1527181000.00,1126362000.00,1126299000.00,1126301000.00,780040000.00,780399000.00,783299000.00,680578000.00,681793000.00,700664000.00,702544000.00,603370000.00,479248000.00,479920000.00,506159000.00,486304000.00,387265000.00,387759000.00,389593000.00,394534000.00,297184066.00,295888083.00,305007972.00,307335919.00,305616026.00,207891412.00,209345846.00,224875621.00,182510365.00,164416397.00,158746529.00,190846836.00,156639318.00,126699318.00,162366225.00,125749806.00,107420341.00,83956180.00,120351736.00,109905158.00,97366786.00,95905000.00,67231000.00,80457000.00,75275000.00,104368000.00,100527000.00,105048000.00,104291000.00,101300000.00,97172000.00,97715000.00,92158000.00,85840000.00,79810000.00,76574000.00,73278000.00,70795000.00,66260000.00,64564000.00,61827000.00,62329000.00,65239000.00,63351000.00,63475000.00,62246000.00,93008000.00,88262000.00,86875000.00,83910000.00,84037000.00,82504000.00,121115000.00,121958000.00,115284000.00,104930000.00,104482000.00,105013000.00,105728000.00,103803000.00,104172000.00,103835000.00,104092000.00,100432000.00,98964000.00,95585000.00,,,,,,,,,,,,,,,,,,,,,,,,
inventory,3202000.00,,,0.00,0.00,0.00,0.00,5676000.00,5571000.00,1245000.00,13549000.00,1199000.00,,,7795000.00,3750000.00,7928000.00,2074000.00,,,0.00,1367000.00,7696000.00,2420000.00,9003000.00,5409000.00,0.00,6764000.00,0.00,0.00,0.00,3663000.00,0.00,0.00,0.00,229000.00,0.00,0.00,4845504.00,4845000.00,0.00,0.00,4537752.00,4538000.00,384.00,466.00,0.00,1580000.00,0.00,0.00,,6882000.00,,3887000.00,,,,,,,,,,,,,,,,,,,,,,,,,,,,,,,,,,,,,,,,,,,,,,,,,,,,,,,,,,,,,,,,,
accountsPayable,106755000.00,87692000.00,92733000.00,83722000.00,85637000.00,70338000.00,63476000.00,70005000.00,80494000.00,68196000.00,66186000.00,71390000.00,67871000.00,80088000.00,75334000.00,48987000.00,52644000.00,48700000.00,39843000.00,9897000.00,12088000.00,12088000.00,9628000.00,11165000.00,7526000.00,6057000.00,5017000.00,5543000.00,6983000.00,6023000.00,6280215.00,4049000.00,2916749.00,2889827.00,2483489.00,2884899.00,2320582.00,2764498.00,1744363.00,2995686.00,1787069.00,1726407.00,1687716.00,2137447.00,1397320.00,1576734.00,1630156.00,424321.00,1689983.00,2093444.00,1598018.00,1713796.00,1799746.00,1155104.00,1528044.00,1529085.00,910233.00,1118486.00,1572988.00,2112035.00,68519000.00,1575520.00,2029381.00,2552861.00,1673705.00,1794882.00,1062111.00,1906995.00,1142915.00,1299440.00,847350.00,1413103.00,778709.00,1738897.00,1515768.00,1835588.00,963742.00,1448748.00,1035138.00,1978635.00,989788.00,1181947.00,845346.00,1769033.00,952033.00,956107.00,1135481.00,1843312.00,1732593.00,1743407.00,878087.00,2128166.00,808978.00,986655.00,1026783.00,2171483.00,,,,2166002.00,,,,2119241.00,,,,1288775.00,,,,,,,,,,,
totalPermanentEquity,,,,,,,,,,,,,,,,,,,,,0.00,0.00,0.00,0.00,0.00,0.00,0.00,0.00,0.00,0.00,0.00,0.00,0.00,0.00,0.00,0.00,0.00,0.00,0.00,0.00,0.00,0.00,0.00,0.00,0.00,0.00,197759889.00,162224281.00,162630349.00,168220786.00,,,,,,,,,,,,,,,,,,,,,,,,,,,,,,,,,,,,,,,,,,,,,,,,,,,,,,,,,,,,,,,,,,,,,
noncontrollingInterestInConsolidatedEntity,,1205000.00,1300000.00,1392000.00,1533000.00,1656000.00,1668000.00,1629000.00,1715000.00,1756000.00,1853000.00,1762000.00,1817000.00,1875000.00,1926000.00,2231000.00,2195000.00,2284000.00,2356000.00,2411000.00,2507000.00,2520000.00,2554000.00,2529000.00,2518000.00,2573000.00,2563000.00,2532000.00,2452000.00,2385715.00,2411199.00,2495912.00,2488293.00,2416671.00,2345847.00,2415383.00,2485252.00,2505459.00,2612593.00,2647341.00,2633031.00,2669293.00,2661371.00,2655848.00,2654991.00,2680940.00,2686855.00,2678725.00,2703583.00,2903714.00,,,,,,,,,,,,,,,,,,,,,,,,,,,,,,,,,,,,,,,,,,,,,,,,,,,,,,,,,,,,,,,,,,,,,
temporaryEquityRedeemableNoncontrollingInterests,,,,,,,,,,,,,,,,,,,,,0.00,0.00,0.00,0.00,0.00,0.00,0.00,0.00,0.00,0.00,0.00,0.00,0.00,0.00,0.00,0.00,0.00,0.00,0.00,0.00,0.00,0.00,0.00,0.00,0.00,0.00,197759889.00,162224281.00,162630349.00,168220786.00,,,,,,,,,,,,,,,,,,,,,,,,,,,,,,,,,,,,,,,,,,,,,,,,,,,,,,,,,,,,,,,,,,,,,
accumulatedOtherComprehensiveIncome,33291000.00,25625000.00,22924000.00,23551000.00,24124000.00,31547000.00,15060000.00,-5503000.00,-4893000.00,-8257000.00,-10760000.00,-36266000.00,-40140000.00,-41544000.00,-39291000.00,-6492000.00,-13068000.00,-5711000.00,-1950000.00,1424000.00,5000000.00,4506000.00,3274000.00,1375000.00,-10000.00,-211000.00,195000.00,-536000.00,-6311000.00,-7669000.00,-6017490.00,-3130000.00,-4933000.00,-2443000.00,-4033000.00,-2060000.00,-98000.00,-809000.00,22000.00,472000.00,-308000.00,228000.00,-1050000.00,-1294000.00,-1290000.00,-1118000.00,-555000.00,-606568.00,-732000.00,-753000.00,-647000.00,-764735.00,-979000.00,-732000.00,-355577.00,-70806.00,-99000.00,-212000.00,-260092.00,-58502384.00,-57158661.00,-55824194.00,-54510953.00,-53250564.00,-52020712.00,-50792892.00,-49558930.00,-48352753.00,-47149548.00,-45966004.00,-44790456.00,-43771581.00,-42579412.00,-44059982.00,-42886623.00,-41727987.00,-40565471.00,-40592989.00,-39533278.00,-38475767.00,-37666649.00,-39527249.00,-38493278.00,-37456301.00,-36486416.00,-35536107.00,-34584833.00,-33634461.00,-32696753.00,-31759824.00,-30833666.00,-29907682.00,-29010652.00,-28119036.00,-27212478.00,-26342296.00,,,,-23022291.00,,,-20043235.00,-20043235.00,,,,-17339353.00,,,,,,,,,,,
additionalPaidInCapital,,,,,,,,,,,,,,,,,,,,,1096679000.00,935828000.00,935481000.00,712069000.00,849442000.00,820134000.00,711753000.00,712069000.00,607627000.00,482514380.00,0.00,0.00,0.00,0.00,0.00,0.00,0.00,0.00,0.00,0.00,0.00,0.00,0.00,0.00,0.00,0.00,197759889.00,162224281.00,162630349.00,168220786.00,,,,,,,,,,,,,,,,,,,,,,,,,,,,,,,,,,,,,,,,,,,,,,,,,,,,,,,,,,,,,,,,,,,,,
commonStockTotalEquity,,10000.00,9000.00,9000.00,9000.00,8000.00,8000.00,7000.00,7000.00,7000.00,6000.00,6000.00,6000.00,5000.00,5000.00,5000.00,4000.00,4000.00,4000.00,4000.00,3000.00,3000.00,3000.00,3000.00,3000.00,3000.00,3000.00,3000.00,2000.00,2364.00,2075.00,2064.00,1889.00,1805.00,1760.00,1754.00,1496.00,1496.00,1496.00,1488.00,1324.00,1324.00,1324.00,1144.00,1144.00,1144.00,1144.00,985.00,986.00,985.00,985.00,976.00,976.00,975.00,825.00,820.00,819.00,819.00,793.00,786.00,780.00,780.00,780.00,775.00,775.00,775.00,775.00,775.00,772.00,772.00,772.00,772.00,768.00,768.00,768.00,649.00,647.00,647.00,647.00,643.00,643.00,448.00,448.00,445.00,445.00,445.00,445.00,442.00,442.00,442.00,442.00,440.00,440.00,440.00,440.00,436.00,,,,435.00,,,433.00,433.00,,,,265.00,,,,,,,,,,,
preferredStockTotalEquity,,175000000.00,175000000.00,175000000.00,175000000.00,175000000.00,175000000.00,175000000.00,175000000.00,,,,,,,,,,,,0.00,0.00,0.00,0.00,0.00,0.00,0.00,0.00,0.00,0.00,0.00,0.00,0.00,0.00,0.00,0.00,0.00,0.00,0.00,0.00,0.00,0.00,0.00,0.00,0.00,0.00,197759889.00,162224281.00,162630349.00,168220786.00,,,,,,,,,,,,,,,,,,,,,,,,,,,,,,,,,,,,,,,,,,,,,,,,,,,,,,,,,,,,,,,,,,,,,
retainedEarningsTotalEquity,,-283995000.00,-254316000.00,-228132000.00,-203040000.00,-182518000.00,-162765000.00,-147366000.00,-130455000.00,-121619000.00,-101137000.00,-91343000.00,-80627000.00,-69595000.00,-62542000.00,-57094000.00,-54841000.00,-51298000.00,-45940000.00,-42945000.00,-35317000.00,-32284000.00,-28449000.00,-28763000.00,-29136000.00,-26547000.00,-26962000.00,-28558000.00,-28339000.00,-31137175.00,-30452339.00,-28262441.00,-26452162.00,-32264517.00,-34137482.00,-32584612.00,-30288199.00,-28708150.00,-24929484.00,-23879151.00,-23262722.00,-22359596.00,-21344886.00,-21166509.00,-21198792.00,-20531086.00,-20896421.00,-20918494.00,-20089451.00,-14355164.00,,,,,,,,,,,,,,,,,,,,,,,,,,,,,,,,,,,,,,,,,,,,,,,,,,,,,,,,,,,,,,,,,,,,,
treasuryStock,,,,,,,,,,,,,,,,,,,,,0.00,0.00,0.00,0.00,0.00,0.00,0.00,0.00,0.00,0.00,0.00,0.00,0.00,0.00,0.00,0.00,0.00,0.00,0.00,0.00,0.00,0.00,0.00,0.00,0.00,0.00,-197759889.00,-162224281.00,-162630349.00,-168220786.00,,,,,,,,,,,,,,,,,,,,,,,,,,,,,,,,,,,,,,,,,,,,,,,,,,,,,,,,,,,,,,,,,,,,,
accumulatedAmortization,,,,,,,,,,,,,,,,,,,,,,,,,,,,,,,,,,,,,,,,,,,,,,,,,,,,,,,,,,,,,,,,,,,,,,,,,,,,,,,,,,,,,,,,,,,,,,,,,,,,,,,,,,,,,,,,,,,,,,,
nonCurrrentAssetsOther,6710577000.00,6362832000.00,6098744000.00,5818991000.00,5472432000.00,5210400000.00,4836904000.00,4450518000.00,4184371000.00,3920168000.00,3665106000.00,3365629000.00,3069702000.00,2672450000.00,2426578000.00,2248301000.00,2126643000.00,1928051000.00,1791693000.00,1672514000.00,24274000.00,1438057000.00,1281362000.00,1222797000.00,1129422000.00,1089382000.00,1001514000.00,957171000.00,901100000.00,153584000.00,32383913.00,705868000.00,-48853624.00,-70012812.00,-121316276.00,-168806602.00,-225906803.00,-258717224.00,-271805682.00,-292608499.00,-297469865.00,-324085820.00,-350884203.00,-364217122.00,2429000.00,2279000.00,1247000.00,3505182.00,902000.00,851000.00,808000.00,-693990462.00,-698725641.00,-701970000.00,-702243536.00,-702254492.00,-702643964.00,-702690856.00,2544577.00,-702577142.00,-240509000.00,-244881505.00,-238639145.00,-235823132.00,-228200164.00,-224711259.00,-221405233.00,-219894954.00,-216059835.00,-213406601.00,-213539492.00,-214560684.00,-212694906.00,-213819721.00,-212477596.00,-211564549.00,-206374481.00,-190728487.00,-187146042.00,-183079178.00,-186035198.00,-181228530.00,-181377384.00,-173844861.00,-163775728.00,-162210414.00,-162971559.00,-163106570.00,-162830159.00,-162727551.00,-161123770.00,-161406669.00,-158053674.00,-157141057.00,-153748449.00,-153965486.00,-149400000.00,-148000000.00,-143900000.00,-145034120.00,-140300000.00,-128500000.00,-126400000.00,-124515455.00,-116700000.00,-115200000.00,-114800000.00,-116955495.00,-113100000.00,-111400000.00,-107700000.00,-103600000.00,-96800000.00,-88500000.00,-83700000.00,-84300000.00,-84900000.00,-85300000.00,
deferredLongTermAssetCharges,,,,,,,,,,,,,,,,,,,,,,,,,,,,,,,,,,,,,,,,,,,,,,,,,,,,,,,,,,,,,,,,,,,,,,,,,,,,,,,,,,,,,,,,,,,,,,,,,,,,,,,,,,,,,,,,,,,,,,,
nonCurrentAssetsTotal,7559768000.00,7188830000.00,6902398000.00,6618439000.00,6235890000.00,5949719000.00,5553413000.00,5122538000.00,4836267000.00,4528015000.00,4216784000.00,3839221000.00,3492075000.00,3041262000.00,2781263000.00,2591815000.00,2479096000.00,2255026000.00,2101293000.00,1952667000.00,1711941000.00,1709138000.00,1490500000.00,1417955000.00,1315047000.00,1263015000.00,1142871000.00,1066995000.00,1004407000.00,959095000.00,814034773.00,782420000.00,721718000.00,696503000.00,640204000.00,583673000.00,517401000.00,475742000.00,462355000.00,440097000.00,435434000.00,407841000.00,377290000.00,362125000.00,327460000.00,310416000.00,271802000.00,291139614.00,263201000.00,267485000.00,267554000.00,283118957.00,272924359.00,262343000.00,253964385.00,259113207.00,259549036.00,258735144.00,255882951.00,255263356.00,240509000.00,244881505.00,238639145.00,235823132.00,228200164.00,224711259.00,221405233.00,219894954.00,216059835.00,213406601.00,213539492.00,214560684.00,212694906.00,213819721.00,212477596.00,211564549.00,206374481.00,190728487.00,187146042.00,183079178.00,186035198.00,181228530.00,181377384.00,173844861.00,163775728.00,162210414.00,162971559.00,163106570.00,162830159.00,162727551.00,161123770.00,161406669.00,158053674.00,157141057.00,153748449.00,153965486.00,,,143900000.00,145034120.00,140300000.00,128500000.00,126400000.00,124515455.00,116700000.00,115200000.00,114800000.00,116955495.00,,111400000.00,,,,,83700000.00,84300000.00,84900000.00,,
capitalLeaseObligations,,,,,,,,,,,,,,,,,,,,,,,,,,,,,,,,,,,,,,,,,,,,,,,,,,,,,,,,,,,,,,,,,,,,,,,,,,,,,,,,,,,,,,,,,,,,,,,,,,,,,,,,,,,,,,,,,,,,,,,
longTermDebtTotal,2238413000.00,1840899000.00,1840453000.00,1946146000.00,1869363000.00,1567925000.00,1527899000.00,1527629000.00,1527354000.00,1527181000.00,1126362000.00,1126299000.00,1126301000.00,780040000.00,780399000.00,783299000.00,680578000.00,681793000.00,700664000.00,702544000.00,603370000.00,479248000.00,479920000.00,506159000.00,486304000.00,387265000.00,387759000.00,389593000.00,394534000.00,297184066.00,295888083.00,305007972.00,307335919.00,305616026.00,207891412.00,209345846.00,224875621.00,182510365.00,164416397.00,158746529.00,190846836.00,156639318.00,126699318.00,162366225.00,125749806.00,107420341.00,83956180.00,120351736.00,109905158.00,97366786.00,,,,,,,,,,,,,,,,,,,,,,,,,,,,,,,,,,,,,,,,,,,,,,,,,,,,,,,,,,,,,,,,,,,,,
nonCurrentLiabilitiesOther,37458000.00,38272000.00,36326000.00,36714000.00,37117000.00,36344000.00,33711000.00,33075000.00,32544000.00,33966000.00,34654000.00,35700000.00,35533000.00,33019000.00,27341000.00,26668000.00,27332000.00,27908000.00,27873000.00,27218000.00,27628000.00,27108000.00,27523000.00,30350000.00,30529000.00,30186000.00,30702000.00,,,,,,,,,,,,,,,,,,,,,,,,,,,,,,,,,,,,,,,,,,,,,,,,,,,,,,,,,,,,,,,,,,,,,,,,,,,,,,,,,,,,,,,,,,,,
nonCurrentLiabilitiesTotal,2269826000.00,2182171000.00,2072779000.00,1976732000.00,1900330000.00,1974269000.00,1881610000.00,1720704000.00,1559898000.00,1561147000.00,1399016000.00,1253999000.00,1181834000.00,813059000.00,1049740000.00,898967000.00,955910000.00,763701000.00,799537000.00,753996000.00,617370000.00,646654000.00,585712000.00,552564000.00,518941000.00,467978000.00,449849000.00,405538000.00,442197000.00,396002000.00,357028537.00,324160000.00,340609000.00,325886000.00,292111000.00,229497000.00,229628000.00,187583000.00,168718000.00,164282000.00,195023000.00,161247000.00,131319000.00,167418000.00,73564000.00,65796000.00,56463000.00,64272792.00,69428000.00,72737000.00,73080000.00,110831401.00,1805717.00,75275000.00,105535810.00,76429840.00,116152557.00,115677176.00,112907944.00,112068628.00,97700000.00,92200000.00,85800000.00,82600000.00,76600000.00,73300000.00,70800000.00,68800000.00,64600000.00,61800000.00,62300000.00,68200000.00,63400000.00,63500000.00,62200000.00,92100000.00,88300000.00,86900000.00,83900000.00,84000000.00,82500000.00,121100000.00,122000000.00,115300000.00,104900000.00,104500000.00,105000000.00,105700000.00,103800000.00,104200000.00,103800000.00,104100000.00,100400000.00,99000000.00,95600000.00,95400000.00,91100000.00,89900000.00,86200000.00,85300000.00,59300000.00,58500000.00,57400000.00,56500000.00,52700000.00,55200000.00,55300000.00,64300000.00,63600000.00,61600000.00,79100000.00,73600000.00,56600000.00,55800000.00,54200000.00,54300000.00,54300000.00,54400000.00,
negativeGoodwill,,,,,,,,,,,,,,,,,,,,,,,,,,,,,,,,,,,,,,,,,,,,,,,,,,,,,,,,,,,,,,,,,,,,,,,,,,,,,,,,,,,,,,,,,,,,,,,,,,,,,,,,,,,,,,,,,,,,,,,
warrants,,,,,,,,,,,,,,,,,,,,,,,,,,,,,,,,,,,,,,,,,,,,,,,,,,,,,,,,,,,,,,,,,,,,,,,,,,,,,,,,,,,,,,,,,,,,,,,,,,,,,,,,,,,,,,,,,,,,,,,
preferredStockRedeemable,,,,,,,,,,,,,,,,,,,,,,,,,,,,,,,,,,,,,,,,,,,,,,,,,,,,,,,,,,,,,,,,,,,,,,,,,,,,,,,,,,,,,,,,,,,,,,,,,,,,,,,,,,,,,,,,,,,,,,,
capitalSurpluse,5352063000.00,5060200000.00,4852927000.00,4658570000.00,4551081000.00,3948547000.00,3646770000.00,3395549000.00,3300227000.00,3248264000.00,2909914000.00,2652090000.00,2384331000.00,2295235000.00,1856914000.00,1752912000.00,1556124000.00,1522644000.00,1334952000.00,1277592000.00,1096679000.00,935828000.00,935481000.00,936046000.00,849442000.00,820134000.00,711753000.00,712069000.00,607627000.00,595105083.00,484511186.00,482514380.00,428579718.00,402915538.00,388692168.00,388262847.00,314515337.00,314002337.00,313487337.00,312974162.00,263962863.00,263496063.00,263049468.00,217768918.00,217347709.00,216935709.00,216523709.00,181069633.00,180747115.00,180424067.00,,,,,,,,,,,,,,,,,,,,,,,,,,,,,,,,,,,,,,,,,,,,,,,,,,,,,,,,,,,,,,,,,,,,,
liabilitiesAndStockholdersEquity,7647106000.00,7272006000.00,6986427000.00,6713189000.00,6556101000.00,6038232000.00,5638590000.00,5226906000.00,4997500000.00,4764523000.00,4278402000.00,3886183000.00,3547614000.00,3111642000.00,2908945000.00,2664530000.00,2523321000.00,2304443000.00,2150337000.00,2028189000.00,1748634000.00,1748634000.00,1527247000.00,1494634000.00,1366973000.00,1286840000.00,1158240000.00,1111925000.00,1038813000.00,973104000.00,825553310.00,792550000.00,749237000.00,705067000.00,653046000.00,593580000.00,522823000.00,481159000.00,466486000.00,462742000.00,443619000.00,410852000.00,380207000.00,370093000.00,332678000.00,315076000.00,291583000.00,293943958.00,282023000.00,281363000.00,280678000.00,285042367.00,274057000.00,270353000.00,266952638.00,261788718.00,260940000.00,259925000.00,257021701.00,256896835.00,258567190.00,247900384.00,241881675.00,239347506.00,230792630.00,227677615.00,224595139.00,223514599.00,218612175.00,216260090.00,216598101.00,223459607.00,215729849.00,217198742.00,216000297.00,215702360.00,209575946.00,193970734.00,190525492.00,191685714.00,188145780.00,184118124.00,184285410.00,178162172.00,166309542.00,165645582.00,166161711.00,167511346.00,165406120.00,165590489.00,164372786.00,166052090.00,161235651.00,160078112.00,157032795.00,158195537.00,152900000.00,151900000.00,148400000.00,149647872.00,146200000.00,135100000.00,133400000.00,130491504.00,123700000.00,123500000.00,121800000.00,121381870.00,119100000.00,117200000.00,112600000.00,108900000.00,101500000.00,93300000.00,88900000.00,89700000.00,89800000.00,90300000.00,
cashAndShortTermInvestments,6384000.00,8068000.00,11809000.00,27763000.00,250487000.00,26267000.00,24888000.00,43252000.00,91881000.00,177046000.00,7369000.00,6137000.00,14715000.00,29341000.00,72091000.00,15603000.00,9353000.00,5520000.00,22325000.00,53955000.00,16811000.00,16811000.00,2230000.00,50807000.00,25510000.00,4173000.00,2300000.00,33395000.00,11491000.00,4035000.00,3711373.00,2712000.00,21380000.00,2871000.00,7919000.00,5399000.00,1403000.00,1623000.00,826000.00,14537000.00,5824000.00,1225000.00,1199000.00,1270000.00,543000.00,618000.00,465000.00,2002663.00,887000.00,852000.00,799000.00,593281.00,337000.00,358000.00,565298.00,688675.00,362000.00,265000.00,262289.00,668677.00,159000.00,180737.00,178746.00,544639.00,146354.00,161634.00,168312.00,463730.00,164292.00,215926.00,238400.00,5714540.00,189894.00,230977.00,158883.00,587524.00,216144.00,198712.00,217895.00,1004090.00,234099.00,201202.00,185043.00,1095610.00,192536.00,761470.00,203465.00,1101861.00,100879.00,152621.00,169613.00,1119072.00,205154.00,184678.00,257755.00,1064241.00,,,300000.00,994159.00,700000.00,1000000.00,1200000.00,1785968.00,1300000.00,1900000.00,400000.00,294389.00,,500000.00,,,,,300000.00,300000.00,300000.00,,
propertyPlantAndEquipmentGross,,,,,,,,,,,,,,,,,,,,,1417061000.00,,,,,,,,,,,,,,,,,,,,,,,,300978025.00,281078020.00,270554733.00,271484133.00,262298538.00,266634259.00,266746039.00,272109419.00,269665629.00,262343223.00,251207921.00,256367699.00,257193230.00,256426154.00,253338374.00,252840498.00,249554933.00,244881505.00,238639145.00,235823132.00,228200164.00,224711259.00,221405233.00,219894954.00,216059835.00,213406601.00,213539492.00,214560684.00,212694906.00,213819721.00,212477596.00,211564549.00,206374481.00,190403794.00,186818538.00,182748862.00,185702071.00,180956584.00,181102627.00,173529365.00,163528960.00,161939235.00,162709632.00,162851367.00,162572144.00,162466723.00,160860132.00,161140220.00,157784301.00,156868982.00,153473564.00,153515810.00,149400000.00,148000000.00,143900000.00,143898711.00,140300000.00,128500000.00,126400000.00,122705214.00,116700000.00,115200000.00,114800000.00,115134890.00,113100000.00,111400000.00,107700000.00,103600000.00,96800000.00,88500000.00,83700000.00,84300000.00,84900000.00,85300000.00,
propertyPlantAndEquipmentNet,,,,,,,,,6302000.00,6302000.00,6302000.00,,,,,,16613000.00,19672000.00,19672000.00,,1417061000.00,,,,,,,,,,,,,,,,,,,,,,,,300977000.00,281078000.00,270555000.00,271484133.00,262299000.00,266634000.00,266746000.00,272109419.00,266650000.00,259313000.00,251207921.00,256367699.00,257193000.00,256426000.00,253338374.00,252840498.00,240509000.00,244881505.00,238639145.00,235823132.00,228200164.00,224711259.00,221405233.00,219894954.00,216059835.00,213406601.00,213539492.00,214560684.00,212694906.00,213819721.00,212477596.00,211564549.00,206374481.00,190403794.00,186818538.00,182748862.00,185702071.00,180956584.00,181102627.00,173529365.00,163528960.00,161939235.00,162709632.00,162851367.00,162572144.00,162466723.00,160860132.00,161140220.00,157784301.00,156868982.00,153473564.00,153515810.00,149400000.00,148000000.00,143900000.00,143898711.00,140300000.00,128500000.00,126400000.00,122705214.00,116700000.00,115200000.00,114800000.00,115134890.00,113100000.00,111400000.00,107700000.00,103600000.00,96800000.00,88500000.00,83700000.00,84300000.00,84900000.00,85300000.00,
accumulatedDepreciation,,,,,,,,,,,,,,,,,,,,,,,,,,,,,,,,,,,,,,,,,,,,,,,,,,,,,,,,,,,,,,,,,,,,,,,,,,,,,,,,,,,,,,,,,,,,,,,,,,,,,,,,,,,,,,,,,,,,,,,
netWorkingCapital,-44548000.00,-28614000.00,-31775000.00,-11317000.00,213147000.00,-1210000.00,3938000.00,-142518000.00,65232000.00,153283000.00,-17892000.00,-58973000.00,-44854000.00,-42227000.00,25489000.00,,,,,,,,,,,,,,,,,,,,,,,,,,,,,,,,,,,,,,,,,,,,,,,,,,,,,,,,,,,,,,,,,,,,,,,,,,,,,,,,,,,,,,,,,,,,,,,,,,,,,,,,
netInvestedCapital,7301649000.00,6945739000.00,6657997000.00,6394016000.00,6235387000.00,5735509000.00,5346972000.00,4930316000.00,4692240000.00,4645576000.00,4162385000.00,3742786000.00,3409871000.00,2964141000.00,2777485000.00,,,,,,,,,,,,,,,,,,,,,,,,,,,,,,,,,,,,,,,,,,,,,,,,,,,,,,,,,,,,,,,,,,,,,,,,,,,,,,,,,,,,,,,,,,,,,,,,,,,,,,,,
commonStockSharesOutstanding,97349473.00,93134385.00,90548172.00,88812510.00,80589446.00,75570089.00,71336103.00,70610082.00,69591848.00,65185604.00,62940360.00,56063758.00,54555672.00,53266740.00,45565054.00,42996318.00,42318042.00,41141659.00,38320307.00,35179168.00,32287352.00,31222221.00,30851058.00,29616353.00,28656684.00,28656684.00,26009120.00,25473270.00,23563331.00,22265000.00,20480140.00,19129000.00,18064000.00,17587000.00,17416000.00,15450000.00,14782000.00,14776000.00,14745000.00,13712000.00,13063000.00,13066000.00,12693000.00,11264000.00,11239000.00,11213000.00,10755000.00,10755000.00,9851914.00,10004000.00,9996000.00,9996000.00,9618240.00,9696000.00,8130290.00,8130290.00,8411000.00,8401000.00,7781740.00,7781740.00,8364000.00,7683039.00,7673858.00,7673858.00,7692118.00,7691475.00,7685616.00,7685616.00,7672549.00,7661478.00,7652469.00,7652469.00,7672290.00,7675583.00,7333083.00,7333083.00,6474278.00,6472257.00,6475222.00,6475222.00,5675806.00,4481962.00,4479345.00,4479345.00,4446547.00,4446031.00,4446031.00,4446031.00,4416869.00,4416869.00,4416869.00,4416869.00,4394669.00,4395240.00,4398669.00,4398669.00,4364867.00,4364867.00,4444444.00,4364867.00,4346313.00,4346313.00,4346313.00,4346313.00,4332280.00,3414694.00,2678430.00,2678430.00,2649475.00,2812500.00,2649475.00,2649475.00,2580645.00,2580645.00,2666667.00,2666667.00,2666667.00,3055556.00,2758621.00
investments,-420327000.00,-332266000.00,-331107000.00,-432434000.00,-361991000.00,-382759000.00,-438791000.00,-317418000.00,-334177000.00,-347841000.00,-387179000.00,-366120000.00,-464582000.00,-262531000.00,-206609000.00,-119337000.00,-243468000.00,-166063000.00,-138651000.00,,,,-104245000.00,-363442000.00,-70067000.00,-141843000.00,-57006000.00,-326473000.00,-62663000.00,-154373403.00,,-230907000.00,,,,-160154000.00,,,,,,,,,,,,,,,,,,,,,,,,,,,,,,,,,,,,,,,,,,,,,,,,,,,,,,,,,,,,,,,,,,,,,,,,,,,,,,,,,,,
changeToLiabilities,,-6908000.00,15468000.00,-2774000.00,12357000.00,7739000.00,-2274000.00,-7060000.00,12311000.00,19655000.00,-14079000.00,1102000.00,6280000.00,3890000.00,-9056000.00,5517000.00,-4248000.00,2396000.00,-3059000.00,3433000.00,3715000.00,-1894000.00,-2362000.00,4466000.00,1594000.00,723000.00,-302000.00,-519000.00,2496480.00,-1733168.00,3101688.00,-307844.00,1016617.00,554213.00,-441936.00,409213.00,-328578.00,783127.00,-1243808.00,1370650.00,-428509.00,-5574.00,-425986.00,348147.00,-256658.00,-178683.00,-2133112.00,2464000.00,459000.00,264000.00,,,,,,27000.00,,,,,,,,433000.00,,,,,,,,,,,,165000.00,,,,146000.00,,,,,,,,131000.00,,,,131000.00,,,,,,,,,,,,,,,,,,,,,,,,,,,
totalCashflowsFromInvestingActivities,-1083700000.00,-332266000.00,-331107000.00,-1615975000.00,-361991000.00,-382759000.00,-438791000.00,-317418000.00,-334177000.00,-347841000.00,-387179000.00,-366120000.00,-464582000.00,-262531000.00,-206609000.00,-119337000.00,-243468000.00,-166063000.00,-138651000.00,-257489000.00,-132577000.00,-93850000.00,-84201000.00,-85793000.00,-64326000.00,-130131000.00,-46824000.00,-62887000.00,-47592287.00,-147346036.00,-39728677.00,-63786582.00,-22584472.00,-56844598.00,-59559428.00,-70092482.00,-38124901.00,-18421203.00,-21059250.00,-11201039.00,-30022716.00,-32530942.00,-11505802.00,-36442834.00,-10484869.00,-13228939.00,-9099668.00,-29252352.00,-14153016.00,2262000.00,3598000.00,,,,,,,,,,,,,,,,,,,,,,,,,,,,,,,,,,,,,,,,,,,,,,,,,,,,,,,,,,,,,,,,,,,,
netBorrowings,,106693000.00,95764000.00,76086000.00,-72702000.00,49791000.00,159768000.00,154432000.00,-201000.00,162425000.00,145789000.00,71739000.00,366006000.00,-242524000.00,149922000.00,-58897000.00,192569000.00,-36081000.00,51102000.00,102893000.00,-28398000.00,89165000.00,36179000.00,13042000.00,51049000.00,18222000.00,14227000.00,-35682000.00,47702000.00,37235567.00,32662719.00,-9670998.00,11258159.00,33971597.00,61216895.00,-2435522.00,35841164.00,17313224.00,5437965.00,-31479536.00,33201529.00,30778083.00,-35529423.00,35017344.00,9544092.00,13157575.00,-27223297.00,,,,,,,,,,,,,,,,,,,,,,,,,,,,,,,,,,,,,,,,,,,,,,,,,,,,,,,,,,,,,,,,,,,,,,,,
totalCashFromFinancingActivities,304607000.00,242016000.00,220967000.00,116653000.00,467542000.00,295478000.00,357840000.00,199512000.00,180583000.00,456702000.00,340798000.00,305744000.00,421352000.00,167692000.00,227896000.00,112528000.00,200897000.00,129051000.00,86518000.00,264222000.00,260000000.00,187132000.00,18709000.00,84072000.00,65144000.00,112909000.00,158000.00,56598000.00,48202002.00,137508480.00,24193518.00,34848772.00,27888757.00,39596572.00,53072857.00,64298753.00,29258794.00,10729058.00,-821246.00,11540090.00,27631669.00,25198123.00,4567732.00,30303879.00,4830627.00,8444322.00,3739125.00,7295132.00,11180393.00,-3867082.00,-9443658.00,13979066.00,15816.00,-2428694.00,-4952765.00,-5340133.00,-3561945.00,-1287551.00,-4621159.00,-1380666.00,1052852.00,2070215.00,-2129774.00,1825825.00,-837413.00,-1634356.00,-2902982.00,-202029.00,-1296867.00,-4626132.00,-10118203.00,1622014.00,-4367514.00,-2876546.00,-3346922.00,1554053.00,-513514.00,-504130.00,-4113901.00,-2367515.00,1956472.00,-3323030.00,3780019.00,7971184.00,-1884422.00,-2897516.00,-3619270.00,-712544.00,-2736115.00,-2042719.00,-3706617.00,1283011.00,-1136183.00,965099.00,-3274954.00,1229984.00,-800000.00,1300000.00,-2800000.00,-116166.00,200000.00,-100000.00,1100000.00,2879612.00,-1400000.00,400000.00,-1100000.00,-505677.00,1200000.00,3400000.00,2400000.00,3600000.00,7300000.00,3300000.00,-1600000.00,-1500000.00,-1200000.00,,
changeToOperatingActivities,,,,,2849000.00,3757000.00,3757000.00,-1718000.00,-3626000.00,-4690000.00,6803000.00,-139000.00,-929000.00,-485000.00,50000.00,-2197000.00,1010000.00,206000.00,-1169000.00,2574000.00,-977000.00,-54000.00,-604000.00,1649000.00,71000.00,311000.00,-440000.00,1203000.00,-11936000.00,-396952.00,,36000.00,,,,591000.00,,,,,,,,,,,,,,,,,,,,,,,,,,,,,,,,,,,,,,,,,,,,,,,,,,,,,,,,,,,,,,,,,,,,,,,,,,,,,,,,,,,
changeInCash,-5860000.00,-693000.00,-15969000.00,-222605000.00,224407000.00,1341000.00,-19484000.00,-57558000.00,-85573000.00,181012000.00,-586000.00,-8275000.00,-20154000.00,-55756000.00,49983000.00,31355000.00,-11627000.00,-2920000.00,-28626000.00,35728000.00,9261000.00,7143000.00,-47678000.00,25297000.00,21337000.00,1873000.00,-31095000.00,21904000.00,7456420.00,323207.00,999785.00,-18668239.00,18509224.00,-5048631.00,2519776.00,3996206.00,-219662.00,796692.00,-13710659.00,8712550.00,4599130.00,26171.00,-70997.00,727041.00,-75502.00,153171.00,-1537346.00,1115876.00,34930.00,52618.00,205958.00,256347.00,-20472.00,-207892.00,-123377.00,327239.00,95981.00,3166.00,-406388.00,509660.00,-21720.00,1991.00,-365893.00,398285.00,-15280.00,-6678.00,-295418.00,299438.00,-51634.00,-22474.00,-5476140.00,5524646.00,-41083.00,72094.00,-428641.00,371380.00,17432.00,-19183.00,-786195.00,769991.00,32897.00,16159.00,-910567.00,903074.00,-568934.00,558005.00,-898396.00,1000982.00,-51742.00,-16992.00,-949459.00,913918.00,20476.00,-73077.00,-806486.00,1229984.00,-800000.00,1300000.00,-700000.00,294159.00,-500000.00,,-600000.00,485968.00,-600000.00,1500000.00,100000.00,-505677.00,1200000.00,-100000.00,-700000.00,-400000.00,100000.00,200000.00,-300000.00,200000.00,,,
beginPeriodCashFlow,12247000.00,12940000.00,28909000.00,251514000.00,27107000.00,25766000.00,45250000.00,102808000.00,188381000.00,7369000.00,7955000.00,16230000.00,36384000.00,92140000.00,42157000.00,10802000.00,22429000.00,25349000.00,53975000.00,18247000.00,18247000.00,11104000.00,58782000.00,25510000.00,4173000.00,2300000.00,33395000.00,11491000.00,4034580.00,3711373.00,2711588.00,21379827.00,2870603.00,7919234.00,5399458.00,1403252.00,1622914.00,826222.00,14536881.00,5824331.00,1225201.00,1199030.00,1270027.00,542986.00,618488.00,465317.00,2002663.00,886787.00,851857.00,799239.00,593281.00,336934.00,357406.00,565298.00,688675.00,361436.00,265455.00,262289.00,668677.00,159017.00,180737.00,178746.00,544639.00,146354.00,161634.00,168312.00,463730.00,164292.00,215926.00,238400.00,5714540.00,189894.00,230977.00,158883.00,587524.00,216144.00,198712.00,217895.00,1004090.00,234099.00,201202.00,185043.00,1095610.00,192536.00,761470.00,203465.00,1101861.00,100879.00,152621.00,169613.00,1119072.00,205154.00,184678.00,257755.00,1064241.00,-165743.00,1600000.00,300000.00,1000000.00,700000.00,1200000.00,1200000.00,1800000.00,1300000.00,1900000.00,400000.00,300000.00,800066.00,500000.00,600000.00,1300000.00,1700000.00,1600000.00,1400000.00,1700000.00,1500000.00,1500000.00,,
endPeriodCashFlow,6387000.00,12247000.00,12940000.00,28909000.00,251514000.00,27107000.00,25766000.00,45250000.00,102808000.00,188381000.00,7369000.00,7955000.00,16230000.00,36384000.00,92140000.00,42157000.00,10802000.00,22429000.00,25349000.00,53975000.00,18247000.00,18247000.00,11104000.00,50807000.00,25510000.00,4173000.00,2300000.00,33395000.00,11491000.00,4034580.00,3711373.00,2711588.00,21379827.00,2870603.00,7919234.00,5399458.00,1403252.00,1622914.00,826222.00,14536881.00,5824331.00,1225201.00,1199030.00,1270027.00,542986.00,618488.00,465317.00,2002663.00,886787.00,851857.00,799239.00,593281.00,336934.00,357406.00,565298.00,688675.00,361436.00,265455.00,262289.00,668677.00,159017.00,180737.00,178746.00,544639.00,146354.00,161634.00,168312.00,463730.00,164292.00,215926.00,238400.00,5714540.00,189894.00,230977.00,158883.00,587524.00,216144.00,198712.00,217895.00,1004090.00,234099.00,201202.00,185043.00,1095610.00,192536.00,761470.00,203465.00,1101861.00,100879.00,152621.00,169613.00,1119072.00,205154.00,184678.00,257755.00,1064241.00,,1600000.00,300000.00,994159.00,700000.00,1200000.00,1200000.00,1785968.00,1300000.00,1900000.00,400000.00,294389.00,1700000.00,500000.00,600000.00,1300000.00,1700000.00,1600000.00,1400000.00,1700000.00,1500000.00,,
totalCashFromOperatingActivities,109860000.00,89557000.00,94171000.00,93176000.00,118856000.00,88622000.00,61467000.00,60348000.00,68021000.00,72151000.00,45795000.00,52101000.00,23076000.00,39083000.00,28696000.00,38164000.00,30944000.00,34092000.00,23507000.00,28995000.00,985000.00,46438000.00,17814000.00,27018000.00,20519000.00,19095000.00,15571000.00,28193000.00,6846293.00,10160763.00,16534944.00,10269571.00,13204939.00,12199395.00,9006347.00,9789935.00,8646445.00,8488837.00,8169837.00,8373500.00,6990177.00,7358989.00,6867073.00,6865996.00,5578740.00,4937788.00,3823197.00,8920080.00,5269908.00,5254755.00,6052206.00,7807088.00,7354576.00,5877141.00,5072378.00,6192819.00,5752209.00,6178280.00,5456334.00,6308261.00,5005370.00,5898940.00,4717801.00,5927483.00,5448306.00,5307916.00,4953710.00,5638191.00,4885128.00,5098607.00,4676156.00,5226095.00,5019686.00,5086360.00,4308694.00,5331323.00,4527884.00,4566723.00,3873108.00,4407421.00,3676013.00,3946273.00,3623584.00,3461398.00,3528449.00,3610506.00,3059918.00,3383544.00,3325543.00,3493823.00,2843119.00,3109722.00,2760173.00,3179877.00,2552889.00,3159379.00,2900000.00,3200000.00,2800000.00,3257160.00,2800000.00,2600000.00,2500000.00,2936597.00,2600000.00,2400000.00,1300000.00,2510788.00,1400000.00,2100000.00,1700000.00,1800000.00,1500000.00,2000000.00,1300000.00,1600000.00,1200000.00,,
issuanceOfCapitalStock,289749000.00,205104000.00,195133000.00,105942000.00,601087000.00,300110000.00,250684000.00,94011000.00,226164000.00,336875000.00,,,,,,,,,,,,,,,,,,,,,,,,,,,,,,,,,,,,,,,,,,,,,,,,,,,,,,,,,,,,,,,,,,,,,,,,,,,,,,,,,,,,,,,,,,,,,,,,,,,,,,,,,,,,,
depreciation,53917000.00,51461000.00,49257000.00,46378000.00,43530000.00,40260000.00,36739000.00,34219000.00,31103000.00,28446000.00,26245000.00,24024000.00,21291000.00,19387000.00,17941000.00,16725000.00,15278000.00,14061000.00,13140000.00,11955000.00,135000.00,21739000.00,10004000.00,8796000.00,8228000.00,7703000.00,7025000.00,6506000.00,6151048.00,5664702.00,5085250.00,3308028.00,5164223.00,4291841.00,3721782.00,3313916.00,3270358.00,2773442.00,2695871.00,2521526.00,2356709.00,2469566.00,2132157.00,1867610.00,1873996.00,1959709.00,1803496.00,1810522.00,1975122.00,1683854.00,1690814.00,1620230.00,1558392.00,1543145.00,1498312.00,1547481.00,1496032.00,1490131.00,1463918.00,1419962.00,1417011.00,1387452.00,1333266.00,1305479.00,1305462.00,1308463.00,1280186.00,1277876.00,1243660.00,1234522.00,1233313.00,-3509677.00,1252748.00,1239934.00,1224035.00,1227635.00,1149533.00,1124535.00,1121460.00,1495650.00,1110903.00,1106512.00,1109512.00,1070086.00,1049692.00,1050252.00,1049310.00,1061493.00,1064463.00,1048806.00,1046674.00,1021280.00,1021508.00,1025342.00,987642.00,798900.00,1000000.00,1100000.00,900000.00,905293.00,900000.00,900000.00,800000.00,792444.00,800000.00,800000.00,800000.00,728710.00,800000.00,800000.00,700000.00,700000.00,600000.00,700000.00,600000.00,600000.00,700000.00,,
otherCashflowsFromInvestingActivities,3100000.00,3071000.00,-38000.00,44411000.00,-169000.00,49414000.00,-25693000.00,41871000.00,-142000.00,-56000.00,9865000.00,876000.00,3384000.00,18017000.00,24194000.00,30832000.00,7642000.00,16845000.00,9734000.00,5646000.00,28472000.00,10341000.00,20034000.00,8709000.00,5646000.00,11652000.00,9793000.00,6783000.00,14944038.00,6545390.00,-39428.00,15020.00,19315623.00,7759572.00,975636.00,5663111.00,10813653.00,-5275507.00,900080.00,-14793746.00,-8950.00,5462000.00,5462280.00,3224144.00,8790852.00,2618279.00,626493.00,0.00,6372000.00,6486000.00,6523000.00,6002000.00,,9762000.00,,,,,,,,,,1749000.00,,,,,,,,9577000.00,1176000.00,,,2046000.00,2046000.00,4310000.00,4407000.00,3887000.00,,,,,,,,280000.00,280000.00,200000.00,,,,,,,,,,,,,,,,,,,,,,,,,,,,,
dividendsPaid,-72341000.00,-69773000.00,-67057000.00,-65101000.00,57905000.00,54106000.00,50630000.00,48692000.00,45023000.00,41153000.00,60957000.00,32314000.00,32310000.00,26677000.00,24811000.00,24155000.00,23922000.00,21342000.00,20838000.00,18620000.00,16758000.00,32896000.00,16122000.00,14754000.00,14462000.00,12978000.00,12952000.00,11465000.00,11345922.00,9650733.00,9596345.00,8783112.00,8394891.00,7921176.00,7892976.00,6432894.00,6432894.00,6434690.00,6102159.00,5428566.00,5427336.00,5429156.00,4574418.00,4157277.00,4713465.00,4713253.00,4079813.00,4079813.00,4081972.00,4081973.00,5154374.00,5152324.00,5141274.00,4396238.00,4363977.00,4350242.00,4270127.00,4258531.00,4250468.00,4232404.00,4238600.00,4214346.00,4233602.00,4126518.00,4127341.00,4111893.00,4132076.00,4110767.00,4097710.00,4102244.00,4102505.00,4088374.00,4089854.00,4080052.00,3520096.00,3499731.00,3462965.00,3463492.00,3447328.00,3447327.00,2499153.00,2473388.00,2356156.00,2356156.00,2355006.00,2355006.00,2341591.00,2341592.00,2341591.00,2341591.00,2331379.00,2331379.00,2331379.00,2333219.00,2317670.00,2400000.00,2300000.00,2300000.00,2300000.00,2300000.00,2300000.00,2300000.00,2300000.00,2300000.00,2200000.00,1500000.00,1500000.00,1500000.00,1400000.00,1500000.00,1500000.00,2300000.00,700000.00,1400000.00,1500000.00,1700000.00,,,
changeToInventory,,,,,,,,,,,24695000.00,-1114000.00,,,,4911000.00,,,,1561000.00,0.00,-1036000.00,-604000.00,1245000.00,71000.00,309000.00,21000.00,-637000.00,2049840.00,-1551949.00,1277109.00,-1674717.00,1789337.00,845661.00,-916295.00,334759.00,63877.00,-636644.00,834736.00,-550150.00,30671.00,-32037.00,-93107.00,-1020804.00,10871.00,7536.00,-260676.00,259766.00,201212.00,22816.00,29247.00,-40643.00,42475.00,-40784.00,-906.00,28959.00,-6522.00,-8191.00,-254030.00,,,24077124.00,23101307.00,25679940.00,23034814.00,23234712.00,22659541.00,24835785.00,23102012.00,23243665.00,22908635.00,25436457.00,23238003.00,24307773.00,23843337.00,26128296.00,22993719.00,10781324.00,9504584.00,11884311.00,10381096.00,10042972.00,9282919.00,10084257.00,9282712.00,9410003.00,9439463.00,10483814.00,10075973.00,10270882.00,9071604.00,10886555.00,9049765.00,9656435.00,9268852.00,10807365.00,9400000.00,,9600000.00,,,,21300000.00,19375698.00,,,41000000.00,32383290.00,,,,,,,,,,,
changeToAccountReceivables,-4025000.00,3154000.00,-2209000.00,16032000.00,-7439000.00,-1814000.00,-5980000.00,-655000.00,-6268000.00,-6449000.00,-2932000.00,1501000.00,-5359000.00,-6841000.00,-1284000.00,-1603000.00,-631000.00,-1689000.00,-2148000.00,-1733000.00,-979000.00,-2305000.00,-2817000.00,-24000.00,-1409000.00,-1175000.00,-1608000.00,-913000.00,-648156.00,-2167007.00,-388837.00,-1279421.00,-445675.00,-770097.00,-415399.00,-489188.00,-224857.00,-488626.00,-42296.00,-901663.00,-574632.00,-68207.00,441789.00,-766310.00,-632556.00,-156868.00,197360.00,1867825.00,1451.00,-765285.00,-575543.00,-534592.00,2209568.00,-354566.00,-663703.00,-957723.00,-105126.00,-47526.00,88341.00,-212108.00,-95542.00,164241.00,-51028.00,-575717.00,287576.00,147155.00,69028.00,-524050.00,221512.00,144983.00,316616.00,-366128.00,233737.00,163866.00,285798.00,-578629.00,2191.00,61487.00,78544.00,-1083158.00,458146.00,-28049.00,478878.00,-1053717.00,266965.00,216822.00,260084.00,-653046.00,136005.00,225940.00,336604.00,-625433.00,-78701.00,183316.00,37606.00,-400000.00,100000.00,100000.00,300000.00,,,,300000.00,-100000.00,,,-300000.00,-100000.00,,,,-200000.00,,200000.00,-100000.00,-400000.00,,,
salePurchaseOfStock,-57000.00,-8000.00,-2607000.00,-25000.00,-66000.00,-76000.00,-1745000.00,-6000.00,-27000.00,402623000.00,-1780000.00,-4000.00,-7000.00,-3000.00,-1627000.00,-6000.00,-2000.00,-17000000.00,-1398000.00,-3000.00,159780000.00,25000.00,-1167000.00,-3000.00,-13000.00,119000000.00,-1095000.00,25000000.00,-8945.00,-2.00,-703053.00,94633.00,16500000.00,13702579.00,-94633.00,73316645.00,0.00,0.00,-14529.00,19295516.00,0.00,37065716.00,17242796.00,0.00,0.00,0.00,13943606.00,0.00,0.00,0.00,,,10363906.00,,,,,,,,,,,,,,,5526223.00,5474812.00,,,,,-126760.00,,5300000.00,,,,17722885.00,,,,,,,,,,,,,,,,,,,,,,,,32699043.00,3600000.00,,,,,,,,,,,,,,
otherCashflowsFromFinancingActivities,715107000.00,250917000.00,384719000.00,109694000.00,539641000.00,519759000.00,159740000.00,154427000.00,169955000.00,-1445000.00,145625000.00,71739000.00,454562000.00,-153495000.00,152724000.00,-37343000.00,193670000.00,-240000.00,51771000.00,461556000.00,520000000.00,-935000.00,-182000.00,18675000.00,125670000.00,-173000.00,38824000.00,-2091000.00,166565792.00,137801953.00,41801255.00,32783945.00,-202389.00,159700499.00,158776271.00,126154843.00,112165108.00,30362749.00,30618505.00,-229881.00,67163132.00,-146495.00,-288438.00,88766090.00,23938631.00,21015012.00,-424321.00,73221874.00,28143109.00,16895261.00,-287328.00,38581652.00,-23587.00,30263668.00,393071.00,3858779.00,1564965.00,3811155.00,457576.00,7597973.00,5668171.00,8035979.00,2774365.00,6616467.00,3943392.00,3120216.00,1799906.00,-294709.00,-32113.00,-21311.00,-122970.00,11420546.00,-153855.00,2442159.00,-531344.00,-51457.00,3479307.00,3146935.00,221616.00,-12525885.00,45096838.00,-620000.00,7585797.00,10432668.00,1222827.00,-413292.00,-160458.00,16809768.00,-25491.00,1715974.00,-1031660.00,4388706.00,1527174.00,4568891.00,-468718.00,5977126.00,3200000.00,3600000.00,-500000.00,9033834.00,9600000.00,2300000.00,3500000.00,-27207627.00,-400000.00,32800000.00,9800000.00,10587797.00,4200000.00,6800000.00,17300000.00,6000000.00,8100000.00,4700000.00,,34200000.00,32600000.00,,
changeToNetincome,,65000.00,-1208000.00,-11619000.00,27080000.00,1727000.00,340000.00,1477000.00,-2796000.00,11069000.00,-1446000.00,935000.00,3131000.00,-2600000.00,-631000.00,-3325000.00,-1563000.00,-731000.00,-2098000.00,1214000.00,-2546000.00,-585000.00,-3996000.00,-3733000.00,51000.00,-4235000.00,-4113000.00,-2000000.00,-3873000.00,-2209006.00,708030.00,601029.00,-8103227.00,-2935364.00,474634.00,666214.00,1025652.00,3315000.00,404965.00,420747.00,916800.00,454875.00,-476237.00,70854.00,732717.00,-747307.00,-496160.00,,,,,,,,,,,,,,,,,,,,,,,,,,,,,,,,,,,,,,,,,,,,,,,,,,,,,,,,,,,,,,,,,,,,,,,,
capitalExpenditures,1086800000,335337000,331069000,1660386000,1227092000,432173000,413098000,359289000,341507000,770101000,397044000,979317000,467966000,280548000,230803000,150169000,251110000,182908000,148385000,263135000,161049000,265240000,104235000,94502000,69972000,141783000,56617000,69670000,62536325,153891426,39689249,63801602,41900095,64604170,60535064,75755593,39598100,18411843,26033637,11026679,30013766,32530942,16968082,39666978,19275721,15847218,9726161,16588373,16301530,1298299,2925411,17770137,9487407,11328854,235377,525447,2094283,4887563,1241563,4417935,6079942,7967164,2953920,9103698,4626173,3680238,2346146,5136724,3639895,494949,34093,9724174,1869518,2137720,1390413,6513996,6066365,4178728,4952267,5254205,5709726,719652,8433001,10682350,2386540,328564,512624,1843598,894749,1841676,259541,3652506,1776985,4391631,258001,3621507,2200000,4900000,900000,2988468,3500000,2800000,4400000,5177691,2100000,0,0,2177181,2300000,4400000,4700000,5800000,8800000,0,0,0,0,,
changeReceivables,,3154000.00,-2209000.00,16032000.00,-7439000.00,-1814000.00,-5980000.00,-655000.00,-6268000.00,-6449000.00,-2932000.00,1501000.00,-5359000.00,-6841000.00,-1284000.00,-1603000.00,-631000.00,-1689000.00,-2148000.00,-1733000.00,-979000.00,-1326000.00,-2817000.00,-24000.00,-1409000.00,-1175000.00,-1608000.00,-913000.00,-648156.00,-2167007.00,-388837.00,-1279421.00,-445675.00,-770097.00,-415399.00,-489188.00,-224857.00,-488626.00,-42296.00,-901663.00,-574632.00,-68207.00,441789.00,-766310.00,-632556.00,-156868.00,197360.00,,,,,,,,,,,,,,,,,,,,,,,,,,,,,,,,,,,,,,,,,,,,,,,,,,,,,,,,,,,,,,,,,,,,,,,,
cashFlowsOtherOperating,,-342000.00,-10024000.00,2993000.00,31263000.00,3757000.00,-4708000.00,-1718000.00,-3626000.00,11557000.00,7304000.00,362000.00,-24065000.00,-501000.00,33000.00,-2211000.00,1010000.00,1008000.00,-1169000.00,501000.00,-181000.00,-830000.00,82000.00,593000.00,-472000.00,766000.00,-440000.00,12016000.00,-11935048.00,-397335.00,272383.00,-668724.00,696738.00,593973.00,-826915.00,167777.00,-61739.00,-609975.00,845577.00,-659835.00,74028.00,-21168.00,-196908.00,598960.00,-163792.00,-1029054.00,-290222.00,,,,,,,,,,,,,,,,,,,,,,,,,,,,,,,,,,,,,,,,,,,,,,,,,,,,,,,,,,,,,,,,,,,,,,,,
exchangeRateChanges,,,,,,,,,,,,,,,,,,,,,,,,,,,,,,,,,,,,,,,,,,,,,,,,,,,,,,,,,,,,,,,,,,,,,,,,,,,,,,,,,,,,,,,,,,,,,,,,,,,,,,,,,,,,,,,,,,,,,,,
cashAndCashEquivalentsChanges,,-693000.00,-15969000.00,-222605000.00,224407000.00,1341000.00,-19484000.00,-57558000.00,-85573000.00,181012000.00,-586000.00,-8275000.00,-20154000.00,-55756000.00,49983000.00,31355000.00,-11627000.00,-2920000.00,-28626000.00,35728000.00,9261000.00,-2118000.00,-47678000.00,25297000.00,21337000.00,1873000.00,-31095000.00,21904000.00,7456008.00,323207.00,999785.00,-18668239.00,18509224.00,-5048631.00,2519776.00,3996206.00,-219662.00,796692.00,-13710659.00,8712550.00,4599130.00,26171.00,-70997.00,727041.00,-75502.00,153171.00,-1537346.00,,,,,,,,,,,,,,,,,,,,,,,,,,,,,,,,,,,,,,,,,,,,,,,,,,,,,,,,,,,,,,,,,,,,,,,,
changeInWorkingCapital,10451000.00,-4096000.00,3235000.00,16251000.00,7767000.00,9682000.00,-12962000.00,-9433000.00,2417000.00,8516000.00,-10208000.00,2464000.00,-8000.00,-3436000.00,-10290000.00,1717000.00,-3869000.00,913000.00,-6376000.00,2201000.00,-34594000.00,-1495000.00,-5097000.00,4805000.00,-287000.00,314000.00,-2350000.00,10584000.00,-10086724.00,-4297510.00,2985234.00,-2255989.00,1267680.00,378089.00,-1684250.00,87802.00,-615174.00,-315474.00,-440527.00,-190848.00,-929113.00,-94949.00,-181105.00,180797.00,-1053006.00,-1364605.00,-2225974.00,3675764.00,-6312687.00,-611790.00,-698024.00,466511.00,953616.00,-386816.00,-1338729.00,-211093.00,-646430.00,-113541.00,-616649.00,119217.00,-812096.00,1023218.00,-1370170.00,934399.00,-113337.00,-261758.00,-584163.00,642907.00,-313705.00,-467798.00,-745765.00,1276291.00,-467871.00,-324808.00,-1265077.00,1396778.00,-1384249.00,270693.00,-820410.00,104918.00,97700.00,272404.00,-157553.00,-612412.00,-5128.00,323785.00,-191107.00,315707.00,-34020.00,640104.00,-443787.00,450742.00,-551933.00,501126.00,-591034.00,207365.00,-200000.00,200000.00,200000.00,447489.00,-10600000.00,-600000.00,400000.00,675698.00,-3100000.00,800000.00,-1400000.00,-16710.00,-200000.00,800000.00,-400000.00,400000.00,-200000.00,600000.00,-600000.00,-400000.00,-2400000.00,,
stockBasedCompensation,2172000.00,2177000.00,1831000.00,1572000.00,1514000.00,1743000.00,1635000.00,1317000.00,507000.00,1475000.00,1499000.00,1231000.00,1233000.00,1224000.00,1014000.00,1008000.00,1034000.00,1025000.00,913000.00,777000.00,850000.00,1569000.00,602000.00,645000.00,575000.00,544000.00,629000.00,531000.00,509073.00,508897.00,708030.00,470313.00,477131.00,520842.00,523955.00,431123.00,513000.00,515000.00,527712.00,420747.00,466800.00,454875.00,470110.00,421209.00,412000.00,412000.00,412000.00,322518.00,323048.00,359357.00,359357.00,302656.00,302000.00,286000.00,276000.00,293757.00,296000.00,294000.00,292000.00,274737.00,274737.00,,244730000.00,,,,244730000.00,,,,,,,,,,,,120000000.00,,,,,,,,,,,,,,,,,,,,,,,,,,,,,,,,,,,,,,,,
otherNonCashItems,-1552000.00,-1996000.00,-1926000.00,-12064000.00,26468000.00,807000.00,-234000.00,779000.00,633000.00,1773000.00,425000.00,415000.00,382000.00,324000.00,323000.00,318000.00,316000.00,325000.00,-2211000.00,287000.00,18023000.00,501000.00,267000.00,249000.00,244000.00,245000.00,241000.00,197000.00,178647.00,174248.00,170105.00,956783.00,-8299558.00,-3254974.00,76495.00,360532.00,625416.00,2861641.00,2424.00,136345.00,567619.00,116871.00,-804868.00,-210321.00,439039.00,-1009068.00,-762604.00,-447.00,11077946.00,130211.00,160243.00,8599991.00,148960.00,143414.00,-4929293.00,186102.00,189412.00,268113.00,306419.00,671112.00,276934.00,-278188.00,1175753.00,-973214.00,642937.00,658059.00,652628.00,-1804.00,549046.00,869748.00,801914.00,1686392.00,780783.00,652664.00,1047845.00,-568136.00,867251.00,114586.00,676342.00,-1190134.00,610612.00,193386.00,427635.00,431592.00,346753.00,115796.00,259322.00,-74815.00,162600.00,-208939.00,402090.00,-216790.00,422464.00,-102163.00,536590.00,446709.00,400000.00,100000.00,100000.00,617602.00,10800000.00,700000.00,-200000.00,-151768.00,3500000.00,-500000.00,1000000.00,464816.00,100000.00,-400000.00,600000.00,-100000.00,300000.00,-100000.00,500000.00,200000.00,1600000.00,,
freeCashFlow,109860000.00,89557000.00,94171000.00,93176000.00,118856000.00,88622000.00,61467000.00,60348000.00,68021000.00,72151000.00,45795000.00,52101000.00,23076000.00,39083000.00,28696000.00,38164000.00,30944000.00,34092000.00,23507000.00,28995000.00,985000.00,46438000.00,17814000.00,27018000.00,20519000.00,19095000.00,15571000.00,28193000.00,6846293.00,10160763.00,16534944.00,10269571.00,13204939.00,12199395.00,9006347.00,9789935.00,8646445.00,8488837.00,8169837.00,8373500.00,6990177.00,7358989.00,6867073.00,6865996.00,-13696981.00,-10909430.00,-5902964.00,-7668293.00,-11031622.00,3956456.00,3126795.00,-9963049.00,-2132831.00,-5451713.00,4837001.00,5667372.00,3657926.00,1290717.00,4214771.00,1890326.00,-1074572.00,-2068224.00,1763881.00,-3176215.00,822133.00,1627678.00,2607564.00,501467.00,1245233.00,4603658.00,4642063.00,-4498079.00,3150168.00,2948640.00,2918281.00,-1182673.00,-1538481.00,387995.00,-1079159.00,-846784.00,-2033713.00,3226621.00,-4809417.00,-7220952.00,1141909.00,3281942.00,2547294.00,1539946.00,2430794.00,1652147.00,2583578.00,-542784.00,983188.00,-1211754.00,2294888.00,-462128.00,700000.00,-1700000.00,1900000.00,268692.00,-700000.00,-200000.00,-1900000.00,-2241094.00,500000.00,2400000.00,1300000.00,333607.00,-900000.00,-2300000.00,-3000000.00,-4000000.00,-7300000.00,2000000.00,1300000.00,1600000.00,1200000.00,,
researchDevelopment,,,,,,,,,,,,,,,,,,,,0.00,0.00,0.00,0.00,0.00,0.00,0.00,0.00,0.00,0.00,0.00,0.00,0.00,0.00,0.00,0.00,0.00,0.00,0.00,0.00,0.00,0.00,0.00,0.00,0.00,0.00,0.00,0.00,0.00,0.00,0.00,0.00,0.00,0.00,0.00,0.00,0.00,0.00,0.00,0.00,0.00,0.00,0.00,0.00,0.00,0.00,0.00,0.00,0.00,0.00,0.00,0.00,0.00,0.00,0.00,0.00,0.00,0.00,0.00,0.00,0.00,0.00,0.00,0.00,0.00,0.00,0.00,0.00,0.00,0.00,0.00,0.00,0.00,0.00,0.00,0.00,,,,,,,,,,,,,,,,,,,,,,,,
effectOfAccountingCharges,,,,,,,,,,,,,,,,,,,,0.00,0.00,0.00,0.00,0.00,0.00,0.00,0.00,0.00,0.00,0.00,0.00,0.00,0.00,0.00,0.00,0.00,0.00,0.00,0.00,0.00,0.00,0.00,0.00,0.00,0.00,0.00,0.00,0.00,0.00,0.00,0.00,0.00,0.00,0.00,0.00,0.00,0.00,0.00,0.00,0.00,0.00,0.00,0.00,0.00,0.00,0.00,0.00,0.00,0.00,0.00,0.00,0.00,0.00,0.00,0.00,0.00,0.00,0.00,0.00,0.00,0.00,0.00,0.00,0.00,0.00,0.00,0.00,0.00,0.00,0.00,0.00,0.00,0.00,0.00,0.00,,,,,,,,,,,,,,,,,,,,,,,,
incomeBeforeTax,38954000.00,41724000.00,41774000.00,41762000.00,40297000.00,36828000.00,37008000.00,33823000.00,37220000.00,22946000.00,31287000.00,24020000.00,21722000.00,25684000.00,21630000.00,23072000.00,20965000.00,18917000.00,18346000.00,13463000.00,15881000.00,15881000.00,16686000.00,16671000.00,12283000.00,15067000.00,14768000.00,12906000.00,14476000.00,10828000.00,7586325.00,7927000.00,14876000.00,10465000.00,6494000.00,5723000.00,4966000.00,2716000.00,5372000.00,5402000.00,4646000.00,4530000.00,4439000.00,3922000.00,4203659.00,3797702.00,3768692.00,6798101.00,-1855344.00,3693123000.00,4608243.00,15067000.00,4391608000.00,4291398000.00,9566088000.00,15482000.00,4417195000.00,4239577000.00,4010646000.00,15482000.00,4181000.00,4091000.00,3889000.00,5065000.00,3927000.00,3603152000.00,3919000.00,4042000.00,3704000.00,3765000.00,3683000.00,4424473.00,4635600.00,3675000.00,3455000.00,3478000.00,3895349000.00,3056909000.00,2895716000.00,-6474759.00,1864000.00,2515000.00,2408000.00,2643000.00,2216000.00,2024000.00,2237000.00,4672582.00,3872289.00,2321000.00,2118000.00,2139000.00,2155000.00,2024000.00,1868000.00,,,,,,,,,,,1500000.00,,,,1200000.00,1100000.00,,1100000.00,1100000.00,1100000.00,,1100000.00,100000.00,
minorityInterest,-135000.00,147000.00,160000.00,-113000.00,-152000.00,157000.00,176000.00,156000.00,-167000.00,1756000.00,166000.00,148000.00,136000.00,166000.00,141000.00,185000.00,170000.00,158000.00,169000.00,126000.00,170000.00,145000.00,185000.00,176000.00,118000.00,191000.00,193000.00,173512.00,213000.00,166996.00,125492.00,136746.00,280801.00,201237.00,125816.00,125441.00,112763.00,61642.00,125171.00,139067.00,117619.00,116871.00,141479.00,440511.00,118321.00,-150238.00,145556.00,86000.00,-61823.00,130210.00,161000.00,561000.00,-140000.00,140000.00,402000.00,186000.00,189000.00,268000.00,307000.00,298000.00,332000.00,325000.00,310000.00,404000.00,314000.00,313000.00,314000.00,323000.00,298000.00,303000.00,296000.00,266000.00,291000.00,297000.00,291000.00,328000.00,340000.00,291000.00,298000.00,341000.00,183000.00,328000.00,315000.00,348000.00,291000.00,266000.00,295000.00,316000.00,326000.00,307000.00,280000.00,284000.00,287000.00,269000.00,248000.00,,,,,,,,,,,,,,,,,,,,,,,,
sellingGeneralAdministrative,8844000.00,8420000.00,8821000.00,7856000.00,6992000.00,7651000.00,7622000.00,6650000.00,5687000.00,6241000.00,6879000.00,6793000.00,4756000.00,4587000.00,4658000.00,3820000.00,3832000.00,3880000.00,4035000.00,3172000.00,2947000.00,2947000.00,2862000.00,2284000.00,2491000.00,2569000.00,2603000.00,1908000.00,2020000.00,2042000.00,2045026.00,1808000.00,1769000.00,1744000.00,1668000.00,1672000.00,1747000.00,1617000.00,1592000.00,1285000.00,1588000.00,1594000.00,1486000.00,1529000.00,1423169.00,1428581.00,1588670.00,1606182.00,1092809.00,1520974.00,1441946.00,719363.00,1377113.00,1202030.00,1478304.00,581724.00,1297963.00,1213228.00,1466090.00,3676180.00,1038759.00,1130155.00,1095695.00,1524819.00,965942.00,975399.00,996263.00,940103.00,1005902.00,1021874.00,1050957.00,1526072.00,911515.00,833921.00,919771.00,865173.00,686821.00,663473.00,632947.00,599170.00,553007.00,566403.00,556597.00,545861.00,502552.00,488436.00,475005.00,487207.00,460277.00,477170.00,382055.00,349461.00,395765.00,419696.00,391895.00,424602.00,400000.00,400000.00,300000.00,370122.00,300000.00,300000.00,300000.00,206816.00,300000.00,300000.00,300000.00,304861.00,200000.00,300000.00,300000.00,300000.00,300000.00,200000.00,200000.00,300000.00,200000.00,200000.00,
sellingAndMarketingExpenses,,,,,,,,,,,,,,,,,,,,,,,,,,,,,,,,,,,,,,,,,,,,,106169.00,419.00,180670.00,,191.00,26.00,54.00,,887.00,556970.00,,,37.00,228.00,,,241.00,,,,,,,,,,,,,,,,,,,,,,,,,,,,,,,,,,,,,,,,,,,,,,,,,,,,,,,,,,
grossProfit,126688000.00,113795000.00,117186000.00,103155000.00,96578000.00,91949000.00,85852000.00,80242000.00,76991000.00,72785000.00,68246000.00,61999000.00,55861000.00,50510000.00,48444000.00,45395000.00,42449000.00,39332000.00,36792000.00,35935000.00,30079000.00,33064000.00,30513000.00,28180000.00,27144000.00,24971000.00,23792000.00,22896000.00,22356000.00,19314000.00,18364892.00,16971000.00,16536000.00,15803000.00,14277000.00,13252000.00,12520000.00,11599000.00,11272000.00,10823000.00,10494000.00,9940000.00,9317000.00,8642000.00,8524000.00,8168000.00,7978000.00,611502.00,13644000.00,8171000.00,8984000.00,6871527.00,8436000.00,8673389.00,8637290.00,7269979.00,-462881000.00,8302012.00,8303277.00,35589529.00,9029000.00,8789101.00,8767755.00,9177230.00,8449704.00,-458769474.00,8463492.00,8353798.00,8113960.00,8167370.00,8272498.00,8328110.00,7689925.00,7993563.00,8095772.00,7935259.00,-445834189.00,-468091039.00,-445064307.00,7262598.00,6732809.00,7086078.00,7019255.00,7128568.00,6327506.00,6198916.00,6169444.00,6280787.00,6097154.00,6118860.00,6182167.00,6115245.00,5998148.00,5804164.00,5812888.00,5630740.00,5500000.00,5400000.00,5400000.00,5073552.00,5100000.00,4700000.00,4800000.00,4634167.00,4500000.00,4600000.00,4600000.00,4391468.00,4100000.00,4100000.00,3900000.00,3600000.00,3300000.00,3300000.00,3400000.00,3600000.00,3300000.00,2100000.00,1300000.00
reconciledDepreciation,53917000.00,51461000.00,40646000.00,46378000.00,43530000.00,40260000.00,36739000.00,34219000.00,31103000.00,28446000.00,26245000.00,24024000.00,21291000.00,19387000.00,17941000.00,16725000.00,15278000.00,14061000.00,13140000.00,11955000.00,,21739000.00,10004000.00,8796000.00,8228000.00,7703000.00,7025000.00,6506000.00,6151048.00,5664702.00,5085250.00,3308028.00,5164223.00,4291841.00,3721782.00,3313916.00,3270358.00,2773442.00,2695871.00,2521526.00,2356709.00,2469566.00,2132157.00,1867610.00,1873996.00,1959709.00,1803496.00,1810522.00,1975122.00,1683854.00,1690814.00,1620230.00,1558392.00,1543145.00,1498312.00,1547481.00,1496032.00,1490131.00,1463918.00,1419962.00,1417011.00,1387452.00,1333266.00,1305479.00,1305462.00,1308463.00,1280186.00,1277876.00,1243660.00,1234522.00,1233313.00,-3509677.00,1252748.00,1239934.00,1224035.00,1227635.00,1149533.00,1124535.00,1121460.00,1495650.00,1110903.00,1106512.00,1109512.00,1070086.00,1049692.00,1050252.00,1049310.00,1061493.00,1064463.00,1048806.00,1046674.00,1021280.00,1021508.00,1025342.00,987642.00,798900.00,1000000.00,1100000.00,900000.00,905293.00,900000.00,900000.00,800000.00,792444.00,800000.00,800000.00,800000.00,728710.00,800000.00,800000.00,700000.00,700000.00,600000.00,700000.00,600000.00,600000.00,700000.00,,
ebit,18151000.00,62668000.00,60507000.00,57492000.00,57314000.00,52340000.00,50939000.00,47187000.00,46816000.00,51203000.00,39878000.00,35219000.00,33778000.00,30339000.00,28009000.00,24136000.00,24123000.00,22860000.00,19882000.00,21245000.00,12523000.00,15508000.00,13049000.00,12952000.00,15901000.00,9919000.00,9422000.00,11951000.00,9803000.00,8889000.00,11234616.00,11874000.00,9241000.00,9942000.00,9055000.00,8437000.00,7918000.00,7391000.00,7166000.00,7277000.00,6730000.00,6055000.00,5879000.00,5430000.00,5548000.00,4944000.00,4905000.00,-12187696.00,21782000.00,5029000.00,5913000.00,4800787.00,5581000.00,5502000.00,5727259.00,6082268.00,5436000.00,5669000.00,5442689.00,5423403.00,4182000.00,5330312.00,5148553.00,5308354.00,5207495.00,5067805.00,5095185.00,5218344.00,4860873.00,4903476.00,4836359.00,9090855.00,4622806.00,4801425.00,4659417.00,4783792.00,4741956.00,4437030.00,4203985.00,5543968.00,4044870.00,4293244.00,4046649.00,4424864.00,3843497.00,3813902.00,3540873.00,2628315.00,3712289.00,3756121.00,3794798.00,3759779.00,3815110.00,3609103.00,3524653.00,-7940975.00,7100000.00,7000000.00,7300000.00,-6719024.00,6600000.00,6200000.00,6300000.00,-6139542.00,5800000.00,5900000.00,6000000.00,-5518664.00,5500000.00,5000000.00,4900000.00,5700000.00,4100000.00,4300000.00,4300000.00,5300000.00,4100000.00,100000.00,
ebitda,63776000.00,114129000.00,101153000.00,95284000.00,97976000.00,92583000.00,86383000.00,73752000.00,77919000.00,79649000.00,66123000.00,54910000.00,55069000.00,49726000.00,45950000.00,37242000.00,39401000.00,36921000.00,33022000.00,33200000.00,23703000.00,37247000.00,23053000.00,21748000.00,24129000.00,17622000.00,16447000.00,18457000.00,15954048.00,14554000.00,16319866.00,15163000.00,14767000.00,14059000.00,12609000.00,11580000.00,10773000.00,9982000.00,9680000.00,9538000.00,8906000.00,8346000.00,7831000.00,7113000.00,7207000.00,6739000.00,6570000.00,-10377174.00,23691000.00,6650000.00,7542000.00,6421017.00,7058000.00,6964000.00,7225571.00,7629749.00,6864000.00,7089000.00,6906607.00,6843365.00,5548000.00,6717764.00,6481819.00,6613833.00,6512957.00,6376268.00,6375371.00,6496220.00,6104533.00,6137998.00,6069672.00,5581178.00,5875554.00,6041359.00,5883452.00,6011427.00,5891489.00,5561565.00,5325445.00,7039618.00,5155773.00,5399756.00,5156161.00,5494950.00,4893189.00,4864154.00,4590183.00,3689808.00,4776752.00,4804927.00,4841472.00,4781059.00,4836618.00,4634445.00,4512295.00,-7142075.00,8100000.00,8100000.00,8200000.00,-5813731.00,7500000.00,7100000.00,7100000.00,-5347098.00,6600000.00,6700000.00,6800000.00,-4789954.00,6300000.00,5800000.00,5600000.00,6400000.00,4700000.00,5000000.00,4900000.00,5900000.00,4800000.00,2700000.00,1300000.00
depreciationAndAmortization,45625000.00,51461000.00,40646000.00,37792000.00,40662000.00,40243000.00,35444000.00,26565000.00,31103000.00,28446000.00,26245000.00,19691000.00,21291000.00,19387000.00,17941000.00,13106000.00,15278000.00,14061000.00,13140000.00,11955000.00,11180000.00,21739000.00,10004000.00,8796000.00,8228000.00,7703000.00,7025000.00,6506000.00,6151048.00,5665000.00,5085250.00,3289000.00,5526000.00,4117000.00,3554000.00,3143000.00,2855000.00,2591000.00,2514000.00,2261000.00,2176000.00,2291000.00,1952000.00,1683000.00,1659000.00,1795000.00,1665000.00,1810522.00,1909000.00,1621000.00,1629000.00,1620230.00,1477000.00,1462000.00,1498312.00,1547481.00,1428000.00,1420000.00,1463918.00,1419962.00,1366000.00,1387452.00,1333266.00,1305479.00,1305462.00,1308463.00,1280186.00,1277876.00,1243660.00,1234522.00,1233313.00,-3509677.00,1252748.00,1239934.00,1224035.00,1227635.00,1149533.00,1124535.00,1121460.00,1495650.00,1110903.00,1106512.00,1109512.00,1070086.00,1049692.00,1050252.00,1049310.00,1061493.00,1064463.00,1048806.00,1046674.00,1021280.00,1021508.00,1025342.00,987642.00,798900.00,1000000.00,1100000.00,900000.00,905293.00,900000.00,900000.00,800000.00,792444.00,800000.00,800000.00,800000.00,728710.00,800000.00,800000.00,700000.00,700000.00,600000.00,700000.00,600000.00,600000.00,700000.00,,
nonOperatingIncomeNetOther,,43000.00,48000.00,1113000.00,132000.00,,,,,6753000.00,2945000.00,437000.00,970000.00,4975000.00,1645000.00,4333000.00,2597000.00,2949000.00,3427000.00,231000.00,3970000.00,2479000.00,4504000.00,4494000.00,524000.00,4780000.00,4742000.00,2531097.00,4382000.00,2717903.00,,465.00,8599261.00,3456206.00,-100763.00,-235091.00,-292652.00,,,,,,,,,,,,2360231.00,,,,,,,,,,,,,,,,,,,,,,,,,,,,,,,,,,,,,,,,,,,,,,,,,,,,,,,,,,,,,,,,,,,,,,
operatingIncome,63075000.00,61629000.00,60507000.00,57492000.00,57314000.00,52340000.00,50939000.00,46934000.00,50286000.00,43356000.00,39878000.00,35374000.00,30910000.00,29188000.00,29654000.00,28469000.00,26720000.00,23423000.00,22477000.00,20140000.00,18502000.00,18937000.00,17647000.00,17100000.00,16425000.00,14698000.00,14164000.00,14482000.00,14185000.00,11607000.00,11234616.00,11874000.00,9241000.00,9942000.00,9055000.00,8437000.00,7698000.00,4591000.00,7166000.00,7277000.00,6280000.00,6055000.00,5879000.00,5430000.00,5548000.00,3798000.00,4904738.00,7512304.00,-2857914.00,5029622.00,5913132.00,-2899213.00,5581207.00,5501751.00,5727259.00,5923838.00,5594000.00,5668481.00,5442689.00,5423403.00,4182000.00,5330312.00,5148553.00,5308354.00,5207495.00,5067805.00,5095185.00,5218344.00,4860873.00,4903476.00,4836359.00,4418076.00,4629203.00,4801425.00,4659417.00,4783792.00,4764890.00,4437030.00,4203985.00,4582634.00,4044870.00,4293244.00,4046649.00,4424864.00,3843497.00,3813902.00,3540873.00,3759720.00,3792289.00,3756121.00,3794798.00,3759779.00,3815110.00,3609103.00,3524653.00,-7940975.00,7100000.00,7000000.00,7300000.00,-6719024.00,6600000.00,6200000.00,6300000.00,-6139542.00,5800000.00,5900000.00,6000000.00,-5518664.00,5500000.00,5000000.00,4900000.00,5700000.00,4100000.00,4300000.00,4300000.00,5300000.00,4100000.00,2700000.00,1300000.00
otherOperatingExpenses,18968000.00,67275000.00,18253000.00,67610000.00,55636000.00,52528000.00,48673000.00,52039000.00,40721000.00,39190000.00,37951000.00,35899000.00,30032000.00,27219000.00,26155000.00,23666000.00,21355000.00,20304000.00,19455000.00,19895000.00,15063000.00,18369000.00,16922000.00,14428000.00,13962000.00,13382000.00,12396000.00,10817000.00,9976000.00,10237000.00,8989242.00,7280000.00,8609000.00,7277000.00,6688000.00,5886000.00,5839000.00,5513000.00,5409000.00,4439000.00,4857000.00,4853000.00,4369000.00,4148000.00,3731000.00,4292000.00,4288000.00,3659845.00,4505000.00,4577000.00,4333000.00,3343463.00,3707000.00,3728000.00,3795073.00,3771743.00,3608000.00,3454000.00,3798039.00,3643869.00,4847000.00,3458789.00,3619202.00,3868876.00,3242209.00,3309721.00,3368307.00,3135454.00,3253087.00,3263894.00,3436139.00,3916431.00,3060722.00,3192138.00,3436355.00,3151467.00,2841921.00,2819931.00,3042708.00,1718630.00,2687939.00,2792834.00,2972606.00,2703704.00,2484009.00,2385014.00,2628571.00,2739610.00,2304865.00,2362739.00,2387369.00,2355466.00,2183038.00,2195061.00,2288235.00,13571715.00,1600000.00,1600000.00,1900000.00,11792576.00,1500000.00,1500000.00,1500000.00,10773709.00,1300000.00,1300000.00,1400000.00,9910132.00,1400000.00,900000.00,1000000.00,2100000.00,800000.00,1000000.00,900000.00,1700000.00,800000.00,600000.00,
interestExpense,-20803000.00,19948000.00,-17998000.00,16843000.00,17149000.00,15512000.00,13931000.00,13111000.00,13066000.00,12549000.00,11653000.00,58734000.00,10158000.00,8479000.00,9669000.00,33094000.00,8352000.00,7455000.00,7558000.00,24872000.00,6538000.00,5961000.00,5465000.00,18137000.00,4666000.00,4411000.00,4138000.00,15343000.00,4091000.00,3496855000.00,3648291000.00,8357000.00,2964000.00,2933000.00,2460000.00,2479000.00,2439000.00,1875000.00,1794000.00,1875000.00,1634000.00,1525000.00,1440000.00,1508000.00,1344000.00,1146000.00,1136000.00,3868289.00,1357000.00,1206000.00,1305000.00,1220235.00,1098000.00,1124000.00,1269757.00,1202734.00,1145000.00,1161000.00,1125624.00,1466000.00,1486000.00,1387000.00,1398000.00,1443000.00,1416000.00,1151331000.00,1282000.00,1176000.00,1157000.00,1139000.00,1153000.00,1102000.00,1029000.00,974000.00,1054000.00,1168000.00,1076442000.00,1158792000.00,1103723000.00,1123000.00,1302000.00,1675000.00,1584000.00,1616000.00,1557000.00,1545000.00,1478000.00,1534000.00,1589000.00,1747000.00,1850000.00,1794000.00,1834000.00,1759000.00,1658000.00,,,,,,,,,,,,,,,,,,,,,,,,
taxProvision,709000.00,709000.00,783000.00,723000.00,720000.00,698000.00,719000.00,517000.00,390000.00,485000.00,1009000.00,260000.00,306000.00,260000.00,260000.00,328000.00,184000.00,195000.00,-170000.00,,,,,,,,,,,,,,,,,,,,,,,,,,,,,,,,,,,,,,,,,,,,,,,,,,,,,,,,,,,,,,,,,,,,,,,,,,,,,,,,,,,,,,,,,,,,,,,,,,,,
interestIncome,20803000.00,19948000.00,17998000.00,16843000.00,17149000.00,15512000.00,13930000.00,13111000.00,13066000.00,12549000.00,11653000.00,11790000.00,10158000.00,8479000.00,9669000.00,9731000.00,8352000.00,7455000.00,,,,,,,,,,,,,,,,,,,,,,,,,,,,,,,,,,,,,,,,,,,,,,,,,,,,,,,,,,,,,,,,,,,,,,,,,,,,,,,,,,,,,,,,,,,,,,,,,,,,,
netInterestIncome,-20803000.00,-19948000.00,-17998000.00,-16843000.00,-17149000.00,-15512000.00,-13931000.00,-13111000.00,-13066000.00,-12549000.00,-11653000.00,-11791000.00,-10158000.00,-8479000.00,-9669000.00,-9731000.00,-8352000.00,-7455000.00,-7558000.00,,,,,,,,,,,,,,,,,,,,,,,,,,,,,,,,,,,,,,,,,,,,,,,,,,,,,,,,,,,,,,,,,,,,,,,,,,,,,,,,,,,,,,,,,,,,,,,,,,,,
extraordinaryItems,,,,,,,,,,,,,,,,,,,,0.00,0.00,0.00,0.00,0.00,0.00,0.00,0.00,0.00,0.00,0.00,0.00,0.00,0.00,0.00,0.00,134000.00,0.00,0.00,0.00,1213000.00,0.00,0.00,0.00,3569000.00,0.00,0.00,0.00,0.00,0.00,0.00,0.00,6466000.00,0.00,0.00,0.00,0.00,0.00,0.00,0.00,0.00,0.00,0.00,0.00,0.00,0.00,0.00,0.00,0.00,0.00,0.00,0.00,3140000.00,0.00,0.00,0.00,598000.00,0.00,0.00,0.00,1211000.00,0.00,0.00,0.00,0.00,0.00,0.00,0.00,0.00,0.00,0.00,0.00,0.00,0.00,0.00,0.00,,,,,,,,,,,,,,,,,,,,,,,,
nonRecurring,,1315000.00,,,,,1015000.00,1919000.00,,,,141000.00,2868000.00,1128000.00,,,,1193000.00,416000.00,668000.00,488000.00,1163000.00,0.00,0.00,0.00,0.00,0.00,0.00,0.00,0.00,0.00,0.00,0.00,0.00,0.00,3020000.00,220000.00,2800000.00,0.00,0.00,-450000.00,0.00,0.00,0.00,0.00,0.00,0.00,0.00,13500000.00,0.00,0.00,0.00,0.00,0.00,0.00,0.00,0.00,0.00,0.00,0.00,0.00,0.00,0.00,0.00,0.00,0.00,0.00,0.00,0.00,0.00,0.00,0.00,0.00,0.00,0.00,0.00,0.00,0.00,0.00,0.00,0.00,0.00,0.00,0.00,0.00,0.00,0.00,0.00,0.00,0.00,0.00,0.00,0.00,0.00,0.00,,,,,,,,,,,,,,,,,,,,,,,,
otherItems,,,,,,,,,,,,,,,,,,,,0.00,0.00,0.00,0.00,0.00,0.00,0.00,0.00,0.00,0.00,0.00,0.00,0.00,0.00,0.00,0.00,0.00,0.00,0.00,0.00,0.00,0.00,0.00,0.00,0.00,0.00,0.00,0.00,0.00,0.00,0.00,0.00,0.00,0.00,0.00,0.00,0.00,0.00,0.00,0.00,0.00,0.00,0.00,0.00,0.00,0.00,0.00,0.00,0.00,0.00,0.00,0.00,0.00,0.00,0.00,0.00,0.00,0.00,0.00,0.00,0.00,0.00,0.00,0.00,0.00,0.00,0.00,0.00,0.00,0.00,0.00,0.00,0.00,0.00,0.00,0.00,,,,,,,,,,,,,,,,,,,,,,,,
incomeTaxExpense,-709000.00,709000.00,36731000.00,723000.00,720000.00,698000.00,719000.00,517000.00,390000.00,485000.00,1009000.00,260000.00,306000.00,260000.00,260000.00,328000.00,184000.00,195000.00,-170000.00,125000.00,125000.00,125000.00,50000.00,-502000.00,4260000.00,-177000.00,-411000.00,-505488.00,-78000.00,946000.00,125492.00,-607854.00,3245000.00,3134000.00,2586000.00,-162256.00,2552000.00,1937000.00,-12460.00,577392.00,1752000.00,116988.00,-812193.00,1672689.00,296755.00,-1141652.00,-827046.00,3686519.00,12436000.00,-1335163000.00,68111.00,18249094.00,-1188410000.00,-1209142000.00,3834990171.00,12667418.00,987000.00,-1427475000.00,-1430610957.00,11194194.00,333000.00,1563854.00,1569601.00,647535.00,1594251.00,-1463188347.00,1490126.00,1499132.00,1454746.00,1441341.00,1449665.00,3324163.00,1175177.00,1282853.00,1357526.00,1508746.00,869541.00,-1378740879.00,-1306960731.00,7456985.00,2188072.00,1919273.00,1802659.00,1852732.00,1706365.00,1693229.00,1598480.00,1460018.00,1659789.00,1742269.00,1956656.00,1905289.00,1946976.00,1853531.00,1904962.00,-9647380.00,5400000.00,5200000.00,5700000.00,-8005800.00,4900000.00,4700000.00,4800000.00,-7759765.00,4300000.00,300000.00,5100000.00,-6852636.00,4800000.00,300000.00,300000.00,4900000.00,300000.00,300000.00,300000.00,4100000.00,300000.00,200000.00,800000.00
totalRevenue,136812000.00,129900000.00,126618000.00,125005000.00,110065000.00,104876000.00,98342000.00,99066000.00,87537000.00,82546000.00,77829000.00,71414000.00,63810000.00,57535000.00,55809000.00,52135000.00,48075000.00,44920000.00,42348000.00,40703000.00,34053000.00,37306000.00,34569000.00,31528000.00,30387000.00,28080000.00,26560000.00,25299000.00,24161000.00,21844000.00,20223858.00,19154000.00,17850000.00,17219000.00,15743000.00,14323000.00,13757000.00,12904000.00,12575000.00,11716000.00,11587000.00,10908000.00,10248000.00,9578000.00,9279000.00,9236000.00,9193000.00,1322149.00,15147000.00,9606000.00,10246000.00,8144250.00,9288000.00,9230000.00,9522332.00,9695581.00,9202000.00,9123000.00,9240728.00,9067272.00,9029000.00,8789101.00,8767755.00,9177230.00,8449704.00,8377526.00,8463492.00,8353798.00,8113960.00,8167370.00,8272498.00,8328110.00,7689925.00,7993563.00,8095772.00,7935259.00,7606811.00,7256961.00,7246693.00,7262598.00,6732809.00,7086078.00,7019255.00,7128568.00,6327506.00,6198916.00,6169444.00,6280787.00,6097154.00,6118860.00,6182167.00,6115245.00,5998148.00,5804164.00,5812888.00,5630740.00,5500000.00,5400000.00,5400000.00,5073552.00,5100000.00,4700000.00,4800000.00,4634167.00,4500000.00,4600000.00,4600000.00,4391468.00,4100000.00,4100000.00,3900000.00,3600000.00,3300000.00,3300000.00,3400000.00,3600000.00,3300000.00,2100000.00,1300000.00
totalOperatingExpenses,8844000.00,51170000.00,49467000.00,45760000.00,42149000.00,39601000.00,36183000.00,33215000.00,30175000.00,29429000.00,28368000.00,26484000.00,22083000.00,20194000.00,18790000.00,16926000.00,15729000.00,14716000.00,13899000.00,15127000.00,11089000.00,14127000.00,12866000.00,11080000.00,10719000.00,10273000.00,9628000.00,8414000.00,8171000.00,7707000.00,7130276.00,5097000.00,7295000.00,5861000.00,5222000.00,4815000.00,4602000.00,4208000.00,4106000.00,3546000.00,3764000.00,3885000.00,3438000.00,3212000.00,2976000.00,3224000.00,3073000.00,2949198.00,3002000.00,3142000.00,3071000.00,2070740.00,2855000.00,3728000.00,2910031.00,1346141.00,3608000.00,3454000.00,2860588.00,3643869.00,4847000.00,3458789.00,3619202.00,3868876.00,3242209.00,3309721.00,3368307.00,3135454.00,3253087.00,3263894.00,3436139.00,3916431.00,3060722.00,3192138.00,3436355.00,3151467.00,2841921.00,2819931.00,3042708.00,1718630.00,2687939.00,2792834.00,2972606.00,2703704.00,2484009.00,2385014.00,2628571.00,2739610.00,2304865.00,2362739.00,2387369.00,2355466.00,2183038.00,2195061.00,2288235.00,13571715.00,-1600000.00,-1600000.00,-1900000.00,11792576.00,-1500000.00,-1500000.00,-1500000.00,10773709.00,-1300000.00,-1300000.00,-1400000.00,9910132.00,-1400000.00,-900000.00,-1000000.00,-2100000.00,-800000.00,-1000000.00,-900000.00,-1700000.00,-800000.00,-600000.00,
costOfRevenue,10124000.00,16105000.00,9432000.00,21850000.00,13487000.00,12927000.00,12490000.00,18824000.00,10546000.00,9761000.00,9583000.00,9415000.00,7949000.00,7025000.00,7365000.00,6740000.00,5626000.00,5588000.00,5556000.00,4768000.00,3974000.00,4242000.00,4056000.00,3348000.00,3243000.00,3109000.00,2768000.00,2403000.00,1805000.00,2530000.00,1858966.00,2183000.00,1314000.00,1416000.00,1466000.00,1071000.00,1237000.00,1305000.00,1303000.00,893000.00,1093000.00,968000.00,931000.00,936000.00,755000.00,1068000.00,1215000.00,710647.00,1503000.00,1435000.00,1262000.00,1272723.00,852000.00,556611.00,885042.00,2425602.00,472083000.00,820988.00,937451.00,-26522257.00,3470000.00,3459000.00,3619000.00,3868000.00,3243000.00,467147000.00,3367000.00,3136000.00,3253000.00,3264000.00,3436000.00,3911000.00,3060000.00,3087000.00,3315000.00,3040000.00,453441000.00,475348000.00,452311000.00,2662000.00,2658000.00,2577000.00,2820000.00,2613000.00,2367000.00,2158000.00,2629000.00,2522000.00,2304000.00,2362000.00,2388000.00,2356000.00,2183000.00,2195000.00,2288000.00,,,,,,,,,,,,,,,,,,,,,,,,
totalOtherIncomeExpenseNet,-24121000.00,-953000.00,-18733000.00,-15730000.00,-17017000.00,-15512000.00,-13931000.00,-93000.00,3470000.00,-7861000.00,3062000.00,296000.00,-1898000.00,3847000.00,1645000.00,4333000.00,2597000.00,1756000.00,3011000.00,-437000.00,3429000.00,3482000.00,4504000.00,4495000.00,524000.00,4780000.00,4742000.00,2531000.00,4382000.00,2718000.00,-3648291.00,465.00,8599000.00,3456000.00,-101000.00,-235000.00,-513000.00,-2800000.00,-1794460.00,-1875471.00,-450000.00,-1525012.00,-1440193.00,-1508340.00,-1344245.00,-1145652.00,-1136046.00,9850000.00,-11140000.00,-1336499000.00,-1304889.00,22715217.00,-1189599000.00,-1210353000.00,3838829000.00,2244952.00,158000.00,-1428904000.00,-1432043000.00,1578049.00,0.00,0.00,0.00,0.00,0.00,-1464653000.00,0.00,0.00,0.00,0.00,6397.00,6397.00,6397.00,0.00,0.00,0.00,22934.00,-1380121000.00,-1308269000.00,5910004.00,0.00,0.00,0.00,0.00,0.00,0.00,912862.00,912862.00,80000.00,0.00,0.00,0.00,0.00,0.00,0.00,,,,,,,,,,,-4400000.00,,,,-3800000.00,-3800000.00,,-3000000.00,-3200000.00,-3200000.00,,-3000000.00,-2600000.00,
discontinuedOperations,,,,,,,,,,,,,,,,,,,,0.00,0.00,0.00,0.00,0.00,0.00,0.00,0.00,0.00,0.00,0.00,0.00,0.00,0.00,0.00,0.00,137000.00,0.00,0.00,14573.00,291328.00,0.00,0.00,7014.00,1242288.00,142091.00,132981.00,64983.00,0.00,0.00,0.00,0.00,0.00,0.00,0.00,0.00,0.00,0.00,0.00,0.00,0.00,0.00,0.00,0.00,0.00,0.00,0.00,0.00,0.00,0.00,0.00,0.00,0.00,0.00,0.00,0.00,0.00,0.00,0.00,0.00,0.00,0.00,0.00,0.00,0.00,0.00,0.00,0.00,0.00,0.00,0.00,0.00,0.00,0.00,0.00,0.00,,,,,,,,,,,,,,,,,,,,,,,,
netIncomeFromContinuingOps,41657000.00,41015000.00,41774000.00,41039000.00,39577000.00,36130000.00,36289000.00,33424000.00,36830000.00,22461000.00,30161000.00,23762000.00,21416000.00,25424000.00,21370000.00,22744000.00,20781000.00,18722000.00,18516000.00,11687000.00,16244000.00,14231000.00,16636000.00,16672000.00,12283000.00,15067000.00,14768000.00,13352081.00,14247000.00,10688525.00,7509394.00,7927176.00,14876264.00,10464834.00,6494181.00,5722003.00,4965608.00,2715870.00,5372208.00,5330747.00,4645781.00,4529497.00,4438897.00,3154093.00,4203659.00,3797702.00,3768692.00,0.00,-1855344.00,3823333.00,0.00,0.00,0.00,0.00,0.00,0.00,0.00,0.00,0.00,0.00,0.00,0.00,0.00,0.00,0.00,0.00,0.00,0.00,0.00,0.00,0.00,0.00,0.00,0.00,0.00,0.00,0.00,0.00,0.00,0.00,0.00,0.00,0.00,0.00,0.00,0.00,0.00,0.00,0.00,0.00,0.00,0.00,0.00,0.00,0.00,,,,,,,,,,,,,,,,,,,,,,,,
netIncomeApplicableToCommonShares,39567000.00,39009000.00,39755000.00,38974000.00,37566000.00,34114000.00,34254000.00,31291000.00,36374000.00,22276000.00,30112000.00,23614000.00,21280000.00,25258000.00,21229000.00,22559000.00,20611000.00,18564000.00,18347000.00,13212000.00,15586000.00,12923000.00,16451000.00,16496000.00,12165000.00,14876000.00,14575000.00,12732837.00,14263000.00,10661330.00,7460833.00,7790430.00,14595463.00,10263597.00,6368365.00,5596562.00,4852845.00,2654228.00,5384357.00,5483008.00,4528162.00,4412626.00,5250779.00,4606702.00,3906711.00,4939752.00,4596279.00,2684000.00,-1793521.00,3693123.00,3729000.00,5352000.00,3249000.00,3964000.00,3728000.00,3865000.00,3315000.00,4024000.00,3804000.00,3823000.00,3849000.00,3766000.00,3579000.00,4661000.00,3613000.00,3603000.00,3605000.00,3719000.00,3406000.00,3462000.00,3387000.00,3050000.00,3316000.00,3378000.00,3164000.00,3150000.00,3263000.00,2798000.00,2864000.00,3175000.00,1681000.00,2187000.00,2093000.00,2295000.00,1925000.00,1758000.00,1942000.00,2082000.00,2132000.00,2014000.00,1838000.00,1855000.00,1868000.00,1755000.00,1620000.00,,,,,,,,,,,,,,,,,,,,,,,,
preferredStockAndOtherAdjustments,,1859000.00,1859000.00,1860000.00,1859000.00,1859000.00,1859000.00,1859000.00,289000.00,,,,,,,,,,,,,,,,,,,,,,,,,,,,,,,,,,,,,,,,,,,,,,,,,,,,,,,,,,,,,,,,,,,,,,,,,,,,,,,,,,,,,,,,,,,,,,,,,,,,,,,,,,,,,,
