,2023-09-30,2023-06-30,2023-03-31,2022-12-31,2022-09-30,2022-06-30,2022-03-31,2021-12-31,2021-09-30,2021-06-30,2021-03-31,2020-12-31,2020-09-30,2020-06-30,2020-03-31,2019-12-31,2019-09-30,2019-06-30,2019-03-31,2018-12-31,2018-09-30,2018-06-30,2018-03-31,2017-12-31,2017-09-30,2017-06-30,2017-03-31,2016-12-31,2016-09-30,2016-06-30,2016-03-31,2015-12-31,2015-09-30,2015-06-30,2015-03-31,2014-12-31,2014-09-30,2014-06-30,2014-03-31,2013-12-31,2013-09-30,2013-06-30,2013-03-31,2012-12-31,2012-09-30,2012-06-30,2012-03-31,2011-12-31,2011-09-30,2011-06-30,2011-03-31,2010-12-31,2010-09-30,2010-06-30,2010-03-31,2009-12-31,2009-09-30,2009-06-30,2009-03-31,2008-12-31,2008-09-30,2008-06-30,2008-03-31,2007-12-31,2007-09-30,2007-06-30,2007-03-31,2006-12-31,2006-09-30,2006-06-30,2006-03-31,2005-12-31,2005-09-30,2005-06-30,2005-03-31
date,2023-09-30,2023-06-30,2023-03-31,2022-12-31,2022-09-30,2022-06-30,2022-03-31,2021-12-31,2021-09-30,2021-06-30,2021-03-31,2020-12-31,2020-09-30,2020-06-30,2020-03-31,2019-12-31,2019-09-30,2019-06-30,2019-03-31,2018-12-31,2018-09-30,2018-06-30,2018-03-31,2017-12-31,2017-09-30,2017-06-30,2017-03-31,2016-12-31,2016-09-30,2016-06-30,2016-03-31,2015-12-31,2015-09-30,2015-06-30,2015-03-31,2014-12-31,2014-09-30,2014-06-30,2014-03-31,2013-12-31,2013-09-30,2013-06-30,2013-03-31,2012-12-31,2012-09-30,2012-06-30,2012-03-31,2011-12-31,2011-09-30,2011-06-30,2011-03-31,2010-12-31,2010-09-30,2010-06-30,2010-03-31,2009-12-31,2009-09-30,2009-06-30,2009-03-31,2008-12-31,2008-09-30,2008-06-30,2008-03-31,2007-12-31,2007-09-30,2007-06-30,2007-03-31,2006-12-31,2006-09-30,2006-06-30,2006-03-31,2005-12-31,2005-09-30,2005-06-30,2005-03-31
filing_date,2023-10-27,2023-07-31,2023-05-02,2023-03-02,2022-11-03,2022-08-11,2022-03-31,2022-03-30,2021-09-30,2021-06-30,2021-03-31,2021-03-02,2020-09-30,2020-07-02,2020-05-05,2020-03-05,2019-10-01,2019-07-30,2019-04-04,2019-03-08,2018-09-30,2018-06-30,2018-03-31,2018-03-09,2017-09-30,2017-06-30,2017-03-31,2017-03-20,2016-09-30,2016-06-30,2016-03-31,2016-03-23,2015-09-30,2015-06-30,2015-03-31,2015-03-30,2014-09-30,2014-06-30,2014-03-31,2014-03-18,2013-09-30,2013-06-30,2013-03-31,2013-03-13,2012-11-07,2012-06-30,2012-03-31,2012-03-23,2011-09-30,2011-07-18,2011-03-31,2011-03-23,2010-09-30,2010-06-30,2010-03-31,2010-03-16,2009-09-30,2009-06-30,2009-04-01,2008-12-31,2008-09-30,2008-06-30,2008-03-31,2008-03-21,2007-09-30,2007-06-30,2007-03-31,2007-03-22,2006-09-30,2006-06-30,2006-03-31,2005-12-31,2005-09-30,2005-06-30,2005-03-31
currency_symbol,USD,USD,USD,USD,USD,USD,USD,USD,USD,USD,USD,USD,USD,USD,USD,USD,USD,USD,USD,USD,USD,USD,USD,USD,USD,USD,USD,USD,USD,USD,USD,USD,USD,USD,USD,USD,USD,USD,USD,USD,USD,USD,USD,USD,USD,USD,USD,USD,USD,USD,USD,USD,USD,USD,USD,USD,USD,USD,USD,USD,USD,USD,USD,USD,USD,USD,USD,USD,USD,USD,USD,USD,USD,USD,USD
totalAssets,71593664000.00,69928407000.00,69684403000.00,69726918000.00,69811154000.00,69747591000.00,70208185000.00,74569768000.00,41499328000.00,41824093000.00,42064963000.00,42048039000.00,44421118000.00,45193774000.00,47144828000.00,43749244000.00,43549014000.00,43067924000.00,44716954000.00,43208915000.00,42149536000.00,42019387000.00,42493720000.00,42040144000.00,41006730000.00,41019489000.00,41442898000.00,41620453000.00,41797800000.00,42922807000.00,43717710000.00,43914479000.00,43202087000.00,44056479000.00,44083750000.00,43891098000.00,43865284000.00,43938330000.00,9499487000.00,9446201000.00,9286867000.00,8972557000.00,8649373000.00,8581418000.00,9133814000.00,9289079000.00,9255899000.00,9107632000.00,9553384000.00,9571037000.00,9789055000.00,9600607000.00,9338580000.00,9098359000.00,8709529000.00,6769501000.00,6417628000.00,6130827000.00,5410826000.00,5410826000.00,5269507000.00,5217726000.00,4594650000.00,4394227000.00,4253206000.00,4411287000.00,4030054000.00,3922992000.00,3551347000.00,,,3061233000.00,,,
intangibleAssets,3021028000.00,3151893000.00,3334938000.00,3549663000.00,3800675000.00,3974113000.00,4118287000.00,4653399000.00,802254000.00,828217000.00,849973000.00,874548000.00,912896000.00,973449000.00,1018045000.00,1058915000.00,1171947000.00,1218095000.00,1323272000.00,1383666000.00,1470459000.00,1559175000.00,1676811000.00,1799276000.00,1978654000.00,2147554000.00,2357851000.00,2506932000.00,2774749000.00,3013094000.00,3246109000.00,3541957000.00,3847785000.00,4060979000.00,4261009000.00,4428346000.00,4676042000.00,4719034000.00,7746000.00,9354000.00,11566000.00,13487000.00,15497000.00,18100000.00,20950000.00,23825000.00,26700000.00,29678000.00,34232000.00,48809000.00,53364000.00,58637000.00,64568000.00,70498000.00,80177000.00,31399000.00,34602000.00,37893000.00,47099000.00,47099000.00,50888000.00,54788000.00,45427000.00,41855000.00,43161000.00,46100000.00,49080000.00,34229000.00,30455000.00,,,38571000.00,,,
earningAssets,,,,,,,,,,,,,,,,,,,,,,,,,,,,,,,,,,,,,,,,,,,,,,,,,,,,,,,,,,,,,,,,,,,,,,,,,,,
otherCurrentAssets,611966000.00,971590000.00,782106000.00,452431000.00,168398000.00,237525000.00,326014000.00,490321000.00,415674000.00,241888000.00,271455000.00,246518000.00,284928000.00,406271000.00,520058000.00,515543000.00,961339000.00,695350000.00,859657000.00,395146000.00,682586000.00,305783000.00,929141000.00,995245000.00,532395000.00,960864000.00,520550000.00,436572000.00,768430000.00,1270108000.00,418947000.00,490502000.00,394546000.00,399042000.00,414578000.00,731470000.00,704627000.00,841405000.00,266993000.00,278844000.00,280572000.00,255254000.00,296012000.00,284533000.00,310309000.00,290835000.00,303652000.00,241926000.00,210631000.00,191026000.00,210134000.00,55211000.00,233954000.00,246462000.00,214485000.00,148278000.00,121067000.00,128184000.00,120825000.00,120825000.00,553100000.00,511980000.00,411518000.00,237130000.00,286046000.00,364295000.00,250080000.00,117768000.00,254561000.00,,,273387000.00,,,
totalLiab,55221543000.00,53537899000.00,53560780000.00,53531868000.00,54166636000.00,54636240000.00,55478407000.00,57922408000.00,31569374000.00,32372594000.00,32857729000.00,33115553000.00,35541629000.00,35490711000.00,37692842000.00,34367039000.00,34309023000.00,33989749000.00,35747173000.00,34328301000.00,33225944000.00,33295571000.00,33845441000.00,33401330000.00,32404135000.00,32442242000.00,32865915000.00,33038189000.00,33370773000.00,34507980000.00,35258454000.00,35488670000.00,35065799000.00,36234139000.00,35815111000.00,35948550000.00,36220729000.00,36664652000.00,7013471000.00,7016969000.00,6924942000.00,6698352000.00,6455357000.00,6458511000.00,6915755000.00,6974266000.00,6907433000.00,6824315000.00,7308466000.00,7254815000.00,7496374000.00,7383210000.00,7358060000.00,7176905000.00,6849744000.00,5356169000.00,5082873000.00,4835768000.00,4284771000.00,4284771000.00,4111622000.00,4111850000.00,3561185000.00,3413072000.00,3313089000.00,3521921000.00,3184554000.00,3161144000.00,2979558000.00,,,2641570000.00,,,
totalStockholderEquity,16293654000.00,16311872000.00,16045416000.00,16117507000.00,15567684000.00,15034429000.00,14653130000.00,16570743000.00,9854952000.00,9383537000.00,9139325000.00,8864470000.00,8811373000.00,9633977000.00,9382926000.00,9314897000.00,9174916000.00,9013009000.00,8906178000.00,8828048000.00,8869852000.00,8669467000.00,8592625000.00,8579710000.00,8546475000.00,8520758000.00,8519654000.00,8524447000.00,8369518000.00,8351710000.00,8392850000.00,8348963000.00,8059825000.00,7746243000.00,8192083000.00,7863777000.00,7564190000.00,7194613000.00,2483164000.00,2425372000.00,2358302000.00,2272453000.00,2193034000.00,2122039000.00,2215120000.00,2310606000.00,2342958000.00,2277236000.00,2238909000.00,2310360000.00,2286194000.00,2211350000.00,1768726000.00,1717219000.00,1665614000.00,1258009000.00,1213844000.00,1177882000.00,1109037000.00,1109037000.00,1126560000.00,1073266000.00,1002886000.00,950373000.00,907882000.00,856033000.00,813815000.00,729911000.00,539769000.00,,,419663000.00,,,
deferredLongTermLiab,,,,,27562000.00,30751000.00,33869000.00,30065000.00,52822000.00,144414000.00,207431000.00,20722000.00,16360000.00,19095000.00,22724000.00,26393000.00,23321000.00,27250000.00,33664000.00,36814000.00,40718000.00,53402000.00,48824000.00,43241000.00,38574000.00,33810000.00,36017000.00,33700000.00,34381000.00,39000000.00,,45524000.00,,,,203965000.00,,,,148315000.00,,,,,,,,,,,,,,,,,,,,,,,,,,,,,,,,,,,
otherCurrentLiab,,,2487969000.00,2503202000.00,2405995000.00,2315468000.00,2241084000.00,2727056000.00,1596414000.00,1648197000.00,,1750395000.00,1828246000.00,1930874000.00,2149884000.00,1190159000.00,2281224000.00,2242753000.00,2261049000.00,2237494000.00,804467000.00,794740000.00,2368361000.00,829742000.00,5050000.00,23998000.00,57989000.00,51804000.00,53164000.00,53113000.00,49251000.00,47401000.00,79880000.00,102638000.00,134100000.00,135708000.00,3637198000.00,5739000.00,594431000.00,10862000.00,527639000.00,515434000.00,508066000.00,5683000.00,618017000.00,580126000.00,17155000.00,102844000.00,501016000.00,520541000.00,528738000.00,531580000.00,498610000.00,466457000.00,452353000.00,126093000.00,293936000.00,283432000.00,307599000.00,307599000.00,36378000.00,56550000.00,382617000.00,17554000.00,407848000.00,421764000.00,332481000.00,454175000.00,112300000.00,,,152634000.00,,,
commonStock,2876000.00,3024000.00,3024000.00,3024000.00,3024000.00,3024000.00,3024000.00,3024000.00,1721000.00,1721000.00,1721000.00,1721000.00,1721000.00,1721000.00,1721000.00,1754000.00,1810000.00,1810000.00,1866000.00,1866000.00,1923000.00,1923000.00,1923000.00,2058000.00,2117000.00,2174000.00,2229000.00,2282000.00,2282000.00,2380000.00,2408000.00,2457000.00,2568000.00,2568000.00,2562000.00,2559000.00,2559000.00,2559000.00,1199000.00,1199000.00,1197000.00,1196000.00,1193000.00,1193000.00,1278000.00,1570000.00,1570000.00,1570000.00,1570000.00,1570000.00,1570000.00,1570000.00,1163000.00,1163000.00,1163000.00,699000.00,699000.00,699000.00,699000.00,699000.00,699000.00,699000.00,699000.00,699000.00,699000.00,699000.00,699000.00,699000.00,384964000.00,,,370000000.00,,,
capitalStock,2876000.00,3024000.00,3024000.00,3024000.00,3024000.00,3024000.00,3024000.00,3024000.00,1721000.00,1721000.00,,,,,,,,,,,,,,,,,,,,,,,,,,,,,,,,,,,,,,,,,,,,,,,,,,,,,,,,,,,,,,,,,
retainedEarnings,9703259000.00,8598005000.00,8104773000.00,7674922000.00,7181003000.00,6741794000.00,6408091000.00,8410261000.00,8322581000.00,7888710000.00,7625705000.00,7399703000.00,7380699000.00,8232470000.00,7986142000.00,7734609000.00,7424094000.00,7157186000.00,6825312000.00,6591674000.00,6359681000.00,6095973000.00,5846544000.00,5580257000.00,5313120000.00,5047251000.00,4767381000.00,4509007000.00,4146969000.00,3924226000.00,3690953000.00,3472132000.00,3220402000.00,2931090000.00,2621981000.00,2310486000.00,2033996000.00,1689925000.00,1554750000.00,1500039000.00,1434416000.00,1350768000.00,1275079000.00,1207630000.00,1196476000.00,1138565000.00,1108984000.00,1043974000.00,967586000.00,974681000.00,943839000.00,871750000.00,799309000.00,747431000.00,698576000.00,664177000.00,621012000.00,585560000.00,499011000.00,499011000.00,518009000.00,466678000.00,398082000.00,347205000.00,302090000.00,253484000.00,219117000.00,137659000.00,154805000.00,,,49663000.00,,,
otherLiab,,,,,3220098000.00,3141495000.00,3020568000.00,3369698000.00,1828926000.00,1889608000.00,1896934000.00,1913572000.00,1941628000.00,2160678000.00,2036475000.00,2048084000.00,2101210000.00,2068492000.00,2029627000.00,1997089000.00,2002660000.00,1943036000.00,1984647000.00,1282588000.00,1281338000.00,1369434000.00,1404301000.00,1373993000.00,1403505000.00,1395215000.00,1378344000.00,1402022000.00,1433140000.00,1386591000.00,1415760000.00,1375613000.00,1272583000.00,1218998000.00,155776000.00,161050000.00,164933000.00,158115000.00,152910000.00,155919000.00,182052000.00,184233000.00,188963000.00,196071000.00,613935000.00,208196000.00,235199000.00,269422000.00,293809000.00,302802000.00,296573000.00,185524000.00,232878000.00,180249000.00,179971000.00,179175000.00,260573000.00,240057000.00,212154000.00,306663000.00,192664000.00,181121000.00,172484000.00,141489000.00,471225000.00,,,119974000.00,,,
goodWill,,,,,,,,,,,,874548000.00,912896000.00,58094000.00,58094000.00,58094000.00,58094000.00,58094000.00,58094000.00,58094000.00,58094000.00,58094000.00,58094000.00,58094000.00,58094000.00,58094000.00,58094000.00,58094000.00,58094000.00,58094000.00,58094000.00,58094000.00,58094000.00,58094000.00,58094000.00,58094000.00,4263076000.00,4719034000.00,8000000.00,9000000.00,12000000.00,13000000.00,15000000.00,18000000.00,21000000.00,24000000.00,27000000.00,,6776.00,6776000.00,6776000.00,6776000.00,6776000.00,6776000.00,6776000.00,6776000.00,6776000.00,6776000.00,6776000.00,6776000.00,6776000.00,6776000.00,6776000.00,6776000.00,6776000.00,6776000.00,6776000.00,6776000.00,37225000.00,,,,,,
otherAssets,813374000.00,1177811000.00,996868000.00,662765000.00,59453637000.00,59076141000.00,59255924000.00,611892000.00,36458412000.00,36883235000.00,37150393000.00,37420363000.00,37567774000.00,38852489000.00,38908325000.00,38946729000.00,1113767000.00,846301000.00,1002575000.00,1000.00,36688303000.00,36311112000.00,35720667000.00,3174815000.00,2935479000.00,3549125000.00,3264555000.00,3365851000.00,3791671000.00,4527054000.00,3916540000.00,4423870000.00,4598107000.00,4818946000.00,5067109000.00,5133405000.00,5193657000.00,5329597000.00,438102000.00,424385000.00,352708000.00,362065000.00,336591000.00,335033000.00,338374000.00,346843000.00,364717000.00,-1000.00,951427000.00,458711000.00,472703000.00,440170000.00,370069000.00,414300000.00,367863000.00,299080000.00,288044000.00,291732000.00,344126000.00,273862000.00,393774000.00,435744000.00,359243000.00,373188000.00,483620000.00,480957000.00,292139000.00,234982000.00,267605000.00,,,195847000.00,,,
cash,2415297000.00,1153922000.00,1089046000.00,1597147000.00,1098542000.00,1229008000.00,1185702000.00,1728794000.00,1311234000.00,1402918000.00,1447514000.00,1248772000.00,3244433000.00,2382655000.00,4693872000.00,1121396000.00,1036919000.00,782884000.00,2348132000.00,1204018000.00,1175969000.00,1598502000.00,2152165000.00,1659669000.00,1454233000.00,1601080000.00,1935630000.00,2035447000.00,2228019000.00,2584552000.00,2929232000.00,2403098000.00,1301492000.00,1568345000.00,1594018000.00,1490369000.00,1744294000.00,1731435000.00,320136000.00,295514000.00,318098000.00,156929000.00,375417000.00,520401000.00,309654000.00,474251000.00,424694000.00,411081000.00,274337000.00,344061000.00,322450000.00,404450000.00,285763000.00,260256000.00,225908000.00,182617000.00,203377000.00,218423000.00,193563000.00,193563000.00,176444000.00,175870000.00,197170000.00,241736000.00,271997000.00,250124000.00,140103000.00,131201000.00,215325000.00,,,183554000.00,,,
cashAndEquivalents,2415297000.00,1153922000.00,1089046000.00,1597147000.00,1098542000.00,1229008000.00,1185702000.00,1728794000.00,1311234000.00,1402918000.00,,,,,,,,,,,,,,,,,,,,,,,,,,,,,,,,,,,,,,,,,,,,,,,,,,,,,,,,,,,,,,,,,
totalCurrentLiabilities,1526381000.00,1372037000.00,4011587000.00,3862940000.00,3992576000.00,3938680000.00,3825519000.00,4613955000.00,2372958000.00,2525323000.00,2534876000.00,2642994000.00,2739982000.00,2917524000.00,3016202000.00,3074572000.00,3159781000.00,3150248000.00,3252546000.00,3215846000.00,3244070000.00,3204782000.00,3414460000.00,3476901000.00,3596361000.00,3714843000.00,3816771000.00,3831308000.00,3964032000.00,4011280000.00,4122784000.00,4377592000.00,4376290000.00,4248767000.00,4281360000.00,1203002000.00,4285076000.00,4274910000.00,647323000.00,152049000.00,574469000.00,559009000.00,549498000.00,132237000.00,618423000.00,581458000.00,663134000.00,565073000.00,506947000.00,541368000.00,668111000.00,210423000.00,516126000.00,492181000.00,472339000.00,147605000.00,309940000.00,311722000.00,180488000.00,180488000.00,410515000.00,439698000.00,427526000.00,415721000.00,444879000.00,462677000.00,368768000.00,489524000.00,411393000.00,,,404102000.00,,,
currentDeferredRevenue,720350000.00,582814000.00,593588000.00,547662000.00,520084000.00,538532000.00,470880000.00,510715000.00,276833000.00,306250000.00,,399820000.00,462928000.00,520466000.00,362327000.00,389958000.00,403137000.00,402007000.00,405940000.00,421542000.00,408254000.00,398262000.00,444006000.00,452846000.00,447136000.00,478950000.00,490947000.00,463090000.00,468704000.00,469078000.00,452805000.00,463167000.00,446802000.00,419492000.00,427413000.00,391573000.00,345416000.00,292573000.00,47639000.00,47698000.00,46009000.00,42704000.00,40617000.00,39547000.00,,,541042000.00,47994000.00,,,,60061000.00,,,,33011000.00,,,34922000.00,34922000.00,38516000.00,40042000.00,35663000.00,33574000.00,30338000.00,31460000.00,29065000.00,28391000.00,26621000.00,,,22009000.00,,,
netDebt,45169178000.00,45233985000.00,45340253000.00,45071028000.00,46375504000.00,46864264000.00,47894129000.00,48649479000.00,26268451000.00,26737387000.00,27148824000.00,27542732000.00,27891821000.00,28350306000.00,28115979000.00,28415879000.00,28297946000.00,28291227000.00,28467814000.00,28303569000.00,27211499000.00,26947011000.00,26738122000.00,26761070000.00,25833401000.00,25579886000.00,25584874000.00,25681552000.00,25769865000.00,26554577000.00,26883565000.00,27403745000.00,28019716000.00,29114063000.00,28662613000.00,28912023000.00,29083316000.00,29609234000.00,5884272000.00,5941378000.00,5913451000.00,5867003000.00,5418149000.00,5283098000.00,5821545000.00,5750736000.00,5856323000.00,5700084000.00,5926374000.00,6175172000.00,6529294000.00,6161713000.00,6414846000.00,6133611000.00,5856636000.00,4664047000.00,4389891000.00,4118543000.00,3596924000.00,3596924000.00,3426569000.00,3404132000.00,2847292000.00,2651008000.00,2509649000.00,2727530000.00,2525884000.00,2423938000.00,2243652000.00,,,1989441000.00,,,
shortTermDebt,0.00,0.00,0.00,0.00,0.00,0.00,0.00,173595000.00,39991000.00,0.00,,,,,,1000000000.00,116304000.00,4873000.00,54994000.00,4137981000.00,1465664000.00,1458051000.00,29943105000.00,1632057000.00,2563134000.00,2668582000.00,2668411000.00,2698772000.00,2870041000.00,2900129000.00,2978380000.00,3138393000.00,3235252000.00,3095333000.00,3079120000.00,-527281000.00,-24339842000.00,3615404000.00,6204408000.00,92660000.00,92660000.00,6224987000.00,5803499.00,86268000.00,86268000.00,6111165.00,104263000.00,410093000.00,6393867000.00,6566163.00,120689000.00,-397263000.00,4336966000.00,4846664000.00,3899651.00,-23331000.00,3580002000.00,3790487000.00,-169543000.00,-169543000.00,335484000.00,336083000.00,,348217000.00,,,2555139.00,,268901000.00,,,226884000.00,,,
shortLongTermDebt,,,,,,,,,,,,,,,,97066000.00,116304000.00,103778000.00,54994000.00,4137981000.00,,502000.00,53000.00,3177358000.00,1428000.00,27184156000.00,27520896000.00,27716999000.00,28001132000.00,29144000000.00,,21000.00,,,,2208000.00,,,,6244125000.00,,,,,,,,,,,,,,,,,,,,,,,,,,,,,,,,,,,
shortLongTermDebtTotal,47584475000.00,46387907000.00,46429299000.00,46668175000.00,47474046000.00,48093272000.00,49079831000.00,50378273000.00,27579685000.00,28140305000.00,28596338000.00,28791504000.00,31136254000.00,30732961000.00,32809851000.00,29537275000.00,29334865000.00,29074111000.00,30815946000.00,29507587000.00,28387468000.00,28545513000.00,28890287000.00,28420739000.00,27287634000.00,27180966000.00,27520504000.00,27716999000.00,27997884000.00,29139129000.00,29812797000.00,29806843000.00,29321208000.00,30682408000.00,30256631000.00,30402392000.00,30827610000.00,31340669000.00,6204408000.00,6236892000.00,6231549000.00,6023932000.00,5793566000.00,5803499000.00,6131199000.00,6224987000.00,6281017000.00,6111165000.00,6200711000.00,6519233000.00,6851744000.00,6566163000.00,6700609000.00,6393867000.00,6082544000.00,4846664000.00,4593268000.00,4336966000.00,3790487000.00,3790487000.00,3603013000.00,3580002000.00,3044462000.00,2892744000.00,2781646000.00,2977654000.00,2665987000.00,2555139000.00,2458977000.00,,,2172995000.00,,,
otherStockholderEquity,6427506000.00,7578219000.00,7859180000.00,8331335000.00,8308278000.00,8286685000.00,8267702000.00,8236793000.00,1632622000.00,1610819000.00,11599688000.00,1618131000.00,1597899000.00,1579932000.00,1569644000.00,1672121000.00,1857151000.00,1949913000.00,2116470000.00,2236332000.00,2455833000.00,2528986000.00,2708163000.00,2983121000.00,3231585000.00,3474399000.00,3750338000.00,4014927000.00,4229398000.00,4436027000.00,4707415000.00,4880681000.00,4843394000.00,4819170000.00,5574266000.00,5557627000.00,5533161000.00,5507591000.00,936271000.00,934024000.00,932813000.00,930541000.00,929707000.00,927617000.00,1028293000.00,1180882000.00,1241670000.00,1240205000.00,1278104000.00,1335401000.00,1334967000.00,1333025000.00,968724000.00,968625000.00,965875000.00,593133000.00,592133000.00,591623000.00,609327000.00,609327000.00,607852000.00,605889000.00,604105000.00,602469000.00,605093000.00,601850000.00,593999000.00,591553000.00,-381264000.00,,,,,,
propertyPlantEquipment,56297985000.00,55675460000.00,55563060000.00,55302761000.00,140306000.00,127047000.00,117998000.00,57946288000.00,54216000.00,56215000.00,57863000.00,63115000.00,63916000.00,66029000.00,68031000.00,69686000.00,35303816000.00,35329904000.00,35159653000.00,29151000.00,29039000.00,29480000.00,30350000.00,35358244000.00,34942197000.00,34400359000.00,34811137000.00,34804379000.00,34194408000.00,34255995000.00,35313660000.00,35540765000.00,35702391000.00,36183689000.00,36011620000.00,35492210000.00,35287934000.00,35058596000.00,8332155000.00,8312189000.00,8202436000.00,8061373000.00,7520773000.00,7317975000.00,8099170000.00,8101930000.00,8080895000.00,7995295000.00,8021650000.00,8296108000.00,8506377000.00,8270311000.00,8181943000.00,7894574000.00,7621627000.00,5769345000.00,5407489000.00,5085003000.00,4759548000.00,4454887000.00,4216457000.00,4093550000.00,3563612000.00,3311123000.00,3152489000.00,3216349000.00,3227436000.00,3145846000.00,2671615000.00,,,2307355000.00,,,
totalCurrentAssets,6778313000.00,5849020000.00,5375921000.00,5608144000.00,5237583000.00,5570198000.00,5753256000.00,6305930000.00,3386871000.00,3753431000.00,2636824000.00,3371617000.00,5485572000.00,4705992000.00,6748642000.00,3241270000.00,3540256000.00,2017352000.00,4601796000.00,3032875000.00,3397495000.00,3576861000.00,4573215000.00,4244529000.00,3427990000.00,3835953000.00,3637342000.00,3668805000.00,4266595000.00,5082003000.00,4605704000.00,4106013000.00,2951549000.00,3111660000.00,3140995000.00,2729342000.00,3400995000.00,3576537000.00,703593000.00,676347000.00,731723000.00,549119000.00,792009000.00,906393000.00,639126000.00,783611000.00,747704000.00,737598000.00,514791000.00,728778000.00,716545000.00,842620000.00,698815000.00,679766000.00,590090000.00,646991000.00,481925000.00,385851000.00,618126000.00,618126000.00,1037064000.00,1016604000.00,956163000.00,846051000.00,842329000.00,900160000.00,661100000.00,542165000.00,741623000.00,,,660136000.00,,,
longTermInvestments,1011224000.00,968471000.00,914241000.00,873738000.00,820479000.00,757499000.00,753850000.00,750341000.00,167132000.00,129512000.00,128148000.00,138065000.00,194313000.00,326538000.00,1103465000.00,1134828000.00,1162488000.00,1138200000.00,1128299000.00,132113000.00,130536000.00,127891000.00,126591000.00,122946000.00,121944000.00,121030000.00,121921000.00,118783000.00,115071000.00,117000000.00,,114711000.00,,,,115554000.00,,,,112380000.00,,,,,,,,,,,,,,,,,,,,,,,,,,,,,,,,,,,
netTangibleAssets,,,,,11614071000.00,10914022000.00,10394799000.00,11758927000.00,8893223000.00,8392220000.00,8116495000.00,7812894000.00,7703042000.00,8393103000.00,8089617000.00,7958281000.00,7709924000.00,7501895000.00,7284770000.00,7134327000.00,7086542000.00,6799817000.00,6640040000.00,6508656000.00,6315408000.00,6135505000.00,5934865000.00,5782293000.00,,,,4586635000.00,,,,3317981000.00,,,,2416018000.00,,,,,,,,,,,,,,,,,,,,,,,,,,,,,,,,,,,
shortTermInvestments,,,,,,,,,,,,,,,,,,,,,232800000.00,259971000.00,299965000.00,364456000.00,331964000.00,309264000.00,359221000.00,329180000.00,424998000.00,422774000.00,398222000.00,419447000.00,384657000.00,379509000.00,333985000.00,717388000.00,673307000.00,798909000.00,266993000.00,272787000.00,275244000.00,247374000.00,288293000.00,279843000.00,310309000.00,290835000.00,303652000.00,237325000.00,210631000.00,191026000.00,210134000.00,222464000.00,233954000.00,246462000.00,214485000.00,140746000.00,121067000.00,128184000.00,144954000.00,113397000.00,167843000.00,183808000.00,127150000.00,95072000.00,60814000.00,178116000.00,99459000.00,112277000.00,,,,157730000.00,,,
netReceivables,3674233000.00,3650924000.00,3445606000.00,3502698000.00,3927685000.00,4050224000.00,4189600000.00,4038231000.00,1659963000.00,2108625000.00,917855000.00,1876327000.00,1956211000.00,1917066000.00,1534712000.00,1601174000.00,1535567000.00,481898000.00,1373751000.00,1402740000.00,1483945000.00,1432746000.00,1454875000.00,1550643000.00,1399095000.00,1227117000.00,1121776000.00,1144113000.00,1208722000.00,1080654000.00,1057339000.00,952144000.00,951432000.00,851915000.00,821225000.00,507503000.00,678173000.00,732953000.00,116464000.00,112986000.00,133053000.00,136936000.00,120580000.00,106149000.00,12657000.00,11358000.00,10494000.00,70638000.00,13353000.00,60895000.00,58976000.00,94621000.00,60001000.00,47991000.00,51709000.00,221090000.00,49037000.00,39244000.00,208287000.00,208287000.00,217774000.00,240127000.00,264006000.00,276459000.00,208425000.00,202677000.00,198802000.00,210385000.00,186262000.00,,,203195000.00,,,
longTermDebt,47492809000.00,46255843000.00,46295924000.00,46395800000.00,47350115000.00,47927887000.00,48912874000.00,50204678000.00,27539694000.00,28098620000.00,28553115000.00,28631380000.00,31087112000.00,30683892000.00,32760773000.00,29349903000.00,29155264000.00,28890961000.00,30629622000.00,25398927000.00,28387468000.00,28545513000.00,28890287000.00,25243381000.00,27287634000.00,27180966000.00,27520504000.00,23961806000.00,27997884000.00,29139129000.00,29812797000.00,25830296000.00,29321208000.00,30682408000.00,30256631000.00,26807497000.00,30827610000.00,31340669000.00,6204408000.00,5449870000.00,6231549000.00,6023932000.00,5793566000.00,5082359000.00,6131199000.00,6224987000.00,6176754000.00,5310304000.00,6200711000.00,6519233000.00,6731055000.00,5831015000.00,6562293000.00,6393867000.00,6082544000.00,3832549000.00,4593268000.00,4336966000.00,4133991000.00,3238459000.00,3603013000.00,3580002000.00,3044462000.00,2475331000.00,2781646000.00,2977654000.00,2665987000.00,2164194000.00,2458977000.00,,,1989965000.00,,,
inventory,76817000.00,72584000.00,59163000.00,55868000.00,42958000.00,53441000.00,51940000.00,48584000.00,,,,,,,3157000.00,3157000.00,6431000.00,57220000.00,20256000.00,30971000.00,54995000.00,37120000.00,37034000.00,38972000.00,42267000.00,46892000.00,59386000.00,52673000.00,61424000.00,146689000.00,200186000.00,260269000.00,304079000.00,292358000.00,311174000.00,315532000.00,273901000.00,270744000.00,,-10997000.00,,7167000.00,8864000.00,-4690000.00,6506000.00,7167000.00,8864000.00,13953000.00,16470000.00,132796000.00,124985000.00,121085000.00,119097000.00,125057000.00,97988000.00,102538000.00,108444000.00,131000000.00,102879000.00,102879000.00,89746000.00,88627000.00,83469000.00,90726000.00,75861000.00,83064000.00,72115000.00,82811000.00,85475000.00,,,,,,
accountsPayable,806031000.00,789223000.00,930030000.00,812076000.00,1066497000.00,1084680000.00,1113555000.00,1202589000.00,459720000.00,570876000.00,243723000.00,492779000.00,448808000.00,466184000.00,503991000.00,494455000.00,475420000.00,500615000.00,585557000.00,556810000.00,565685000.00,553729000.00,602093000.00,562256000.00,581041000.00,543313000.00,599424000.00,617642000.00,572123000.00,588960000.00,642348000.00,728631000.00,614356000.00,631304000.00,640727000.00,1203002000.00,302462000.00,361194000.00,5253000.00,829000.00,821000.00,871000.00,815000.00,739000.00,406000.00,1332000.00,674000.00,4142000.00,5931000.00,20827000.00,18684000.00,16045000.00,17516000.00,25724000.00,19986000.00,11832000.00,16004000.00,28290000.00,7510000.00,7510000.00,137000.00,7023000.00,9246000.00,16376000.00,6693000.00,9453000.00,7222000.00,6958000.00,3571000.00,,,2575000.00,,,
totalPermanentEquity,,,,,,,,,,,,,,,,,,,,,,,,,,,,,,,,,,,,,,,,,,,,,,,,,,,,,,,,,,,,,,,,,,,,,,,,,,,
noncontrollingInterestInConsolidatedEntity,,,,,,,,,,,,,,,,,,,,,,,,,,,,,,,,,,,,,,,,,,,,,,,,,,,,,,,,,,,,,,,,,,,,,,,,,,,
temporaryEquityRedeemableNoncontrollingInterests,,,,,,,,,,,,,,,,,,,,,,,,,,,,,,,,,,,,,,,,,,,,,,,,,,,,,,,,,,,,,,,,,,,,,,,,,,,
accumulatedOtherComprehensiveIncome,160013000.00,132624000.00,78439000.00,108226000.00,75379000.00,2926000.00,-25687000.00,-79335000.00,-101972000.00,-117713000.00,-133633000.00,-155085000.00,-168946000.00,-180146000.00,-174581000.00,-93587000.00,-108139000.00,-95900000.00,-37470000.00,-1824000.00,52415000.00,42585000.00,35995000.00,14274000.00,-347000.00,-3066000.00,-294000.00,-1769000.00,-9131000.00,-10923000.00,-7926000.00,-6307000.00,-6539000.00,-6585000.00,-6726000.00,-6895000.00,-5526000.00,-5462000.00,-9056000.00,-9890000.00,-10124000.00,-10052000.00,-12945000.00,-14401000.00,-10927000.00,-10411000.00,-9266000.00,-8513000.00,-8351000.00,-1292000.00,5818000.00,5005000.00,-470000.00,-672000000.00,-622000000.00,2516000000.00,-502000000.00,-454000000.00,,-327000000.00,-327000000.00,-292000000.00,,,,,,,381264000.00,,,,,,
additionalPaidInCapital,,,,,,,,,,,,,,,,,,,,,,,,,,,,,,,,,,,,,,,,,,,,,,,,,,,,,,,,,,,,,,,,,,,,,,,,,,,
commonStockTotalEquity,,,,,,,,,,1721000.00,1721000.00,1721000.00,1721000.00,1721000.00,1721000.00,1754000.00,1810000.00,1810000.00,1866000.00,1866000.00,2000000.00,2000000.00,2000000.00,2000000.00,2000000.00,2000000.00,2000000.00,2000000.00,2000000.00,2000000.00,2000000.00,2000000.00,3000000.00,3000000.00,3000000.00,3000000.00,3000000.00,2559000.00,1000000.00,1053582000.00,1000000.00,1000000.00,1000000.00,1000000.00,1000000.00,2000000.00,2000000.00,,2000000.00,2000000.00,2000000.00,1000000.00,1000000.00,1000000.00,1000000.00,1000000.00,1000000.00,1000000.00,1000000.00,1000000.00,1000000.00,1000000.00,1000000.00,1000000.00,1000000.00,1000000.00,1000000.00,1000000.00,384964000.00,,,370000000.00,,,
preferredStockTotalEquity,,,,,,,,,,,,,,,,,,,,,,,,,,,,,,,,,,,,,,,,,,,,,,,,,,,,,,,,,,,,,,,,,,,,,,,,,,,
retainedEarningsTotalEquity,,,,,,,,,,,,,,,,,,,,,,,,,,,,,,,,,,,,,,,,,,,,,,,,,,,,,,,,,,,,,,,,,,,,,,,,,,,
treasuryStock,,,,,,,,-285901000.00,-313907000.00,-313952000.00,-443228000.00,-459994000.00,-168946000.00,-496217000.00,-498003000.00,-537341000.00,-591085000.00,-494545000.00,-611601000.00,-476085000.00,-518192000.00,-434457000.00,-491291000.00,-731442000.00,-695252000.00,-654021000.00,-579841000.00,-490092000.00,-257872000.00,-352629000.00,-155573000.00,-146312000.00,-755118000.00,-761228000.00,,,,,,,,-2000.00,,,-1300000.00,-162719000.00,-100000000.00,-100000000.00,-60632000.00,-1449000.00,,,,,,,,,,,,,,,,,,,,,,,,,
accumulatedAmortization,,,,,,,,,,,,,,,,,,,,,,,,,,,,,,,,,,,,,,,,,,,,,,,,,,,,,,,,,,,,,,,,,,,,,,,,,,,
nonCurrrentAssetsOther,400304000.00,379524000.00,335059000.00,375676000.00,386036000.00,273344000.00,242739000.00,205391000.00,683265000.00,317897000.00,1449193000.00,201053000.00,213007000.00,230278000.00,241733000.00,277664000.00,267846000.00,1196413000.00,312753000.00,357880000.00,416328000.00,410176000.00,356816000.00,305821000.00,262878000.00,240897000.00,241157000.00,248015000.00,226854000.00,235337000.00,218745000.00,391746000.00,379945000.00,372352000.00,343550000.00,720951000.00,215535000.00,206572000.00,216103000.00,216695000.00,162780000.00,167935000.00,142814000.00,167844000.00,231324000.00,279930000.00,335009000.00,169725000.00,885395000.00,437954000.00,477999000.00,264352000.00,433251000.00,536585000.00,668028000.00,225103000.00,365175000.00,1070394000.00,199102000.00,199102000.00,261349000.00,247173000.00,172791000.00,91491000.00,341786000.00,177968000.00,147344000.00,74499000.00,100945000.00,,,73913000.00,,,
deferredLongTermAssetCharges,,,,,,,,,,,,,,,,,,,,,,,,,,,,,,,,,,,,,,,,,,,,,,,,,,,,,,,,,,,,,,,,,,,,,,,,,,,
nonCurrentAssetsTotal,64815351000.00,64079387000.00,64308482000.00,64118774000.00,64573571000.00,64177393000.00,64454929000.00,68263838000.00,38112457000.00,38070662000.00,39428139000.00,38676422000.00,38935546000.00,40487782000.00,40396186000.00,40507974000.00,40008758000.00,41050572000.00,40115158000.00,40176039000.00,38752041000.00,38442526000.00,37920505000.00,37795615000.00,37578740000.00,37183536000.00,37805556000.00,37951648000.00,37531205000.00,37840804000.00,39112006000.00,39808466000.00,40250538000.00,40944819000.00,40942755000.00,41161756000.00,40464289000.00,40361793000.00,8795894000.00,8769854000.00,8555144000.00,8423438000.00,7857364000.00,7675025000.00,8494688000.00,8505468000.00,8508195000.00,8370035000.00,9038593000.00,8842259000.00,9072510000.00,8757987000.00,8639765000.00,8418593000.00,8119439000.00,6122510000.00,5935703000.00,5744976000.00,4792700000.00,4792700000.00,4232443000.00,4201122000.00,3638487000.00,3548176000.00,3410877000.00,3511127000.00,3368954000.00,3380827000.00,2809724000.00,,,2401097000.00,,,
capitalLeaseObligations,91666000.00,132064000.00,133375000.00,135215000.00,123931000.00,165385000.00,166957000.00,173595000.00,39991000.00,41685000.00,43223000.00,49423000.00,49142000.00,49069000.00,49078000.00,51144000.00,51343000.00,54445000.00,56792000.00,,,,,,,,,,,,,,,,,,,,,,,,,,,,,,,,,,,,,,,,,,,,,,,,,,,,,,,,
longTermDebtTotal,47492809000.00,46255843000.00,46295924000.00,46532960000.00,47350115000.00,47927887000.00,48912874000.00,50204678000.00,27539694000.00,28098620000.00,28553115000.00,28742081000.00,31087112000.00,30683892000.00,32760773000.00,29474454000.00,29279957000.00,29014193000.00,30750116000.00,29507587000.00,,,,,,,,,,,,,,,,,,,,,,,,,,,,,,,,,,,,,,,,,,,,,,,,,,,,,,,
nonCurrentLiabilitiesOther,945855000.00,876556000.00,844958000.00,806655000.00,774357000.00,743485000.00,742076000.00,773753000.00,497178000.00,587335000.00,629629000.00,600321000.00,594631000.00,649947000.00,723949000.00,747790000.00,762261000.00,774312000.00,781586000.00,,,,,,,,,,,,,,,,,,,,,,,,,,,,,,,,,,,,,,,,,,,,,,,,,,,,,,,,
nonCurrentLiabilitiesTotal,53695162000.00,52165862000.00,49549193000.00,49668928000.00,50174060000.00,50697560000.00,51652888000.00,53308453000.00,29196416000.00,29847271000.00,30322853000.00,30472559000.00,32801647000.00,32573187000.00,34676640000.00,31292467000.00,31149242000.00,30839501000.00,32494627000.00,31112455000.00,29981874000.00,30090789000.00,30430981000.00,29924429000.00,28807774000.00,28727399000.00,29049144000.00,29206881000.00,29406741000.00,30496700000.00,31135670000.00,31111078000.00,30689509000.00,31985372000.00,31533751000.00,34745548000.00,31935653000.00,32389742000.00,6366148000.00,6864920000.00,6350473000.00,6139343000.00,5905859000.00,6326274000.00,6297332000.00,6392808000.00,6244299000.00,6259242000.00,6801519000.00,6713447000.00,6828263000.00,7172787000.00,6841934000.00,6684724000.00,6377405000.00,5208564000.00,4772933000.00,4524046000.00,4104283000.00,4104283000.00,3701107000.00,3672152000.00,3133659000.00,2997351000.00,2868210000.00,3059244000.00,2815786000.00,2671620000.00,2568165000.00,,,2237468000.00,,,
negativeGoodwill,,,,,,,,,,,,,,,,,,,,,,,,,,,,,,,,,,,,,,,,,,,,,,,,,,,,,,,,,,,,,,,,,,,,,,,,,,,
warrants,,,,,,,,,,,,,,,,,,,,,,,,,,,,,,,,,,,,,,,,,,,,,,,,,,,,,,,,,,,,,,,,,,,,,,,,,,,
preferredStockRedeemable,,,,,,,,,,,,,,,,,,,,,,,,,,,,,,,,,,,,,,,,,,,,,,,,,,,,,,,,,,,,,,,,,,,,,,,,,,,
capitalSurpluse,7786722000.00,8604293000.00,8590697000.00,8586034000.00,8566064000.00,8546331000.00,8541022000.00,8522694000.00,1946529000.00,1924771000.00,2088760000.00,2078125000.00,2089932000.00,2076149000.00,2067647000.00,2209462000.00,2448236000.00,2444458000.00,2728071000.00,2712417000.00,,,,,,,,,,,,,,,,,,,,,,,,,,,,,,,,,,,,,,,,,,,,,,,,,,,,,,,
liabilitiesAndStockholdersEquity,71593664000.00,69928407000.00,69684403000.00,69726918000.00,69811154000.00,69747591000.00,70208185000.00,74569768000.00,41499328000.00,41824093000.00,41997054000.00,42048039000.00,44421118000.00,45193774000.00,47144828000.00,43749244000.00,43549014000.00,43067924000.00,44716954000.00,43208915000.00,42149536000.00,42019387000.00,42493720000.00,42040144000.00,41006730000.00,41019489000.00,41442898000.00,41620453000.00,41797800000.00,42922807000.00,43717710000.00,43914479000.00,43202087000.00,44056479000.00,44083750000.00,43891098000.00,43865284000.00,43938330000.00,9499487000.00,9446201000.00,9286867000.00,8972557000.00,8649373000.00,8581418000.00,9133814000.00,9289079000.00,9255899000.00,9107632000.00,9553384000.00,9571037000.00,9789055000.00,9600607000.00,9338580000.00,9098359000.00,8709529000.00,6769501000.00,6417628000.00,6130827000.00,5410826000.00,5410826000.00,5269507000.00,5217726000.00,4594650000.00,4394227000.00,4253206000.00,4411287000.00,4030054000.00,3922992000.00,3551347000.00,,,3061233000.00,,,
cashAndShortTermInvestments,2415297000.00,1153922000.00,1089046000.00,1597147000.00,1098542000.00,1229008000.00,1185702000.00,1728794000.00,1311234000.00,1402918000.00,1447514000.00,1248772000.00,3244433000.00,2382655000.00,4693872000.00,1121396000.00,1036919000.00,782884000.00,2348132000.00,1204018000.00,1175969000.00,1598502000.00,2152165000.00,1659669000.00,1454233000.00,1601080000.00,1935630000.00,2035447000.00,2228019000.00,2584552000.00,2929232000.00,2403098000.00,1301492000.00,1568345000.00,1594018000.00,1490369000.00,1744294000.00,1731435000.00,320136000.00,295514000.00,318098000.00,156929000.00,375417000.00,520401000.00,309654000.00,474251000.00,424694000.00,411081000.00,274337000.00,344061000.00,322450000.00,404450000.00,285763000.00,260256000.00,225908000.00,182617000.00,203377000.00,218423000.00,193563000.00,193563000.00,176444000.00,175870000.00,197170000.00,241736000.00,271997000.00,250124000.00,140103000.00,131201000.00,215325000.00,,,183554000.00,,,
propertyPlantAndEquipmentGross,,,,,,,,,,36668898000.00,36872340000.00,37331224000.00,34799613000.00,35422357000.00,35738662000.00,35940467000.00,35303816000.00,35329904000.00,35159653000.00,35081486000.00,33216000000.00,32977000000.00,32188000000.00,32428000000.00,31610000000.00,30993000000.00,31596000000.00,31538000000.00,30913000000.00,30936000000.00,32009000000.00,32240000000.00,32266000000.00,32751000000.00,32643000000.00,32006000000.00,32300000000.00,31649698000.00,8084000000.00,8088000000.00,8016000000.00,7899000000.00,7457000000.00,7264000000.00,8048000000.00,8031000000.00,7978000000.00,7896000000.00,7940000000.00,8167000000.00,8376000000.00,8061000000.00,7984000000.00,7635000000.00,7210000000.00,5230000000.00,4775000000.00,4508000000.00,4006000000.00,3831000000.00,3831000000.00,3782000000.00,3279000000.00,3050000000.00,2927000000.00,3030000000.00,3075000000.00,2967000000.00,2542119000.00,,,2189267000.00,,,
propertyPlantAndEquipmentNet,60181387000.00,59373278000.00,59509482000.00,59109363000.00,59466982000.00,59062775000.00,59226287000.00,62533136000.00,36337994000.00,36668898000.00,,37331224000.00,37509883000.00,38792453000.00,38847365000.00,38894945000.00,38234787000.00,38291271000.00,38143976000.00,38106006000.00,36531935000.00,36139677000.00,35554408000.00,35358244000.00,34942197000.00,34400359000.00,34811137000.00,34804379000.00,34194408000.00,34255995000.00,35313660000.00,35540765000.00,35702391000.00,36183689000.00,36011620000.00,35478212000.00,35287934000.00,35058596000.00,8329607000.00,8309762000.00,8202436000.00,8061373000.00,7520773000.00,7315493000.00,8045708000.00,8027488000.00,7974747000.00,7995295000.00,7936045000.00,8184762000.00,8366553000.00,8260677000.00,7974109000.00,7635187000.00,7198401000.00,5758103000.00,5394251000.00,4493793000.00,4438574000.00,4438574000.00,3837339000.00,3813768000.00,3331101000.00,3311123000.00,2927257000.00,3188151000.00,3076815000.00,3145846000.00,2542119000.00,,,2189267000.00,,,
accumulatedDepreciation,,,,,,,,,,,,,,,,,,,,,,,,,,,,,,,,,,,,,,,,,,,,,,,,,,,,,,,,,,,,,,,,,,,,,,,,,,,
netWorkingCapital,5251932000.00,4476983000.00,1364334000.00,1745204000.00,1245007000.00,1631518000.00,1927737000.00,1518380000.00,1013913000.00,162148000.00,101948000.00,124451000.00,2195944000.00,1270627000.00,3012478000.00,,,,,,,,,,,,,,,,,,,,,,,,,,,,,,,,,,,,,,,,,,,,,,,,,,,,,,,,,,,,
netInvestedCapital,63786463000.00,62567715000.00,62341340000.00,62650467000.00,62917799000.00,62962316000.00,63566004000.00,66775421000.00,37394646000.00,37482157000.00,37692440000.00,37606551000.00,39898485000.00,40317869000.00,42143699000.00,,,,,,,,,,,,,,,,,,,,,,,,,,,,,,,,,,,,,,,,,,,,,,,,,,,,,,,,,,,,
commonStockSharesOutstanding,227379759.00,232866512.00,241559712.00,242364744.00,242364744.00,242264561.00,239645460.00,129378791.00,129378791.00,129896210.00,129484250.00,129484250.00,127589905.00,128131663.00,129340501.00,129340501.00,134175597.00,137072268.00,139618644.00,139618644.00,147123818.00,149474890.00,154146803.00,154146803.00,164411228.00,169263392.00,175903060.00,175903060.00,185326517.00,190528697.00,197743117.00,197743117.00,199215352.00,211486227.00,214823708.00,214580092.00,214398654.00,166632714.00,116213907.00,115335886.00,114921601.00,114602663.00,114643483.00,119152475.00,129257732.00,139427810.00,139899444.00,139899444.00,147430663.00,149211244.00,149232426.00,136000708.00,119386445.00,119386445.00,85036957.00,85036957.00,85036957.00,85036957.00,85036957.00,85036957.00,85036957.00,85036957.00,85036957.00,85036957.00,85036957.00,85036957.00,85036957.00,85036957.00,78236957.00,78236957.00,78236957.00,78236957.00,736203.00,736203.00,736203.00
investments,-303088000.00,-973213000.00,-1278075000.00,-453625000.00,-844191000.00,-216131000.00,-646552000.00,-23038289000.00,-187305000.00,-302622000.00,69280000.00,-220831000.00,69961000.00,-326217000.00,-235201000.00,-714558000.00,-910928000.00,-546068000.00,-783189000.00,,,,,91918000.00,,,,74207000.00,,,,54975000.00,,,,40983000.00,,,,-13180000.00,,,,,,,,,,,,,,,,,,,,,,,,,,,,,,,,,,,
changeToLiabilities,,,,,-131853000.00,-51007000.00,-100838000.00,376629000.00,-113113000.00,41640000.00,-174823000.00,-38709000.00,-90697000.00,-10733000.00,13962000.00,36592000.00,589000.00,-80042000.00,42892000.00,-31413000.00,36286000.00,-72349000.00,42618000.00,19978000.00,-3408000.00,-36868000.00,36065000.00,-32183000.00,,,,33502000.00,,,,21825000.00,,,,43779000.00,,,,,,,,,,,,,,,,,,,,,,,,,,,,,,,,,,,
totalCashflowsFromInvestingActivities,-2554376000.00,-2251288000.00,-1278075000.00,-2160499000.00,-844191000.00,-216131000.00,-646552000.00,-23458936000.00,-187305000.00,-302622000.00,69280000.00,-220831000.00,69961000.00,-326217000.00,-235201000.00,-714558000.00,-2240185000.00,-1329257000.00,-783189000.00,-1737757000.00,-1073078000.00,-718873000.00,-522902000.00,-3427395000.00,-893310000.00,-608401000.00,-478678000.00,-1331112000.00,86328000.00,-328000000.00,,-1715905000.00,,,,-1848790000.00,,,,-1335441000.00,,,,,,,,,,,,,,,,,,,,,,,,,,,,,,,,,,,
netBorrowings,,,,,-596592000.00,-1001206000.00,-1327042000.00,21714719000.00,-566894000.00,-455767000.00,-168906000.00,-2328220000.00,476954000.00,-2043994000.00,3281578000.00,218426000.00,277937000.00,-1740943000.00,1279060000.00,1141738000.00,-113096000.00,-309204000.00,509867000.00,900949000.00,149988000.00,-298186000.00,-128358000.00,-1571558000.00,,,,-129903000.00,,,,584827000.00,,,,410512000.00,,,,,,,,,,,,,,,,,,,,,,,,,,,,,,,,,,,
totalCashFromFinancingActivities,289030000.00,-166463000.00,-579729000.00,-600328000.00,-403676000.00,-897756000.00,-1259055000.00,21683534000.00,-660403000.00,-550646000.00,-288684000.00,-2463446000.00,270096000.00,-2221493000.00,3189511000.00,48668000.00,321660000.00,-1832422000.00,1197088000.00,965813000.00,-93695000.00,-484516000.00,212808000.00,928812000.00,-70801000.00,-522890000.00,-422689000.00,-352053000.00,-1274064000.00,-791738000.00,689000.00,604392000.00,-1100547000.00,-218722000.00,-13414000.00,-201295000.00,-296972000.00,1272489000.00,-40165000.00,-2339000.00,219318000.00,230212000.00,-7822000.00,-16304000.00,-235018000.00,-6981000.00,83037000.00,-109790000.00,-70160000.00,-36346000.00,163075000.00,56813000.00,187483000.00,350223000.00,423112000.00,280918000.00,243103000.00,281331000.00,186160000.00,186160000.00,22796000.00,500286000.00,151351000.00,139225000.00,-197656000.00,270121000.00,109389000.00,242334000.00,201224000.00,,,1363467000.00,,,
changeToOperatingActivities,,,,,37239000.00,37354000.00,10778000.00,526601000.00,-215792000.00,-107813000.00,-90206000.00,-17402000.00,-33168000.00,-253733000.00,-96013000.00,-66593000.00,40702000.00,-37583000.00,-10172000.00,21006000.00,-35348000.00,23579000.00,563000.00,55309000.00,37677000.00,37132000.00,1315000.00,257190000.00,43075000.00,63000000.00,,88418000.00,,,,12704000.00,,,,-32760000.00,,,,,,,,,,,,,,,,,,,,,,,,,,,,,,,,,,,
changeInCash,1289677000.00,53320000.00,-493103000.00,500054000.00,-145733000.00,56215000.00,-568519000.00,380248000.00,-58860000.00,-82091000.00,180166000.00,-2030496000.00,882665000.00,-2239422000.00,3582196000.00,103734000.00,226328000.00,-1603946000.00,1159196000.00,6266000.00,-449704000.00,-593657000.00,428005000.00,205436000.00,-146847000.00,-334550000.00,-99817000.00,-192572000.00,-356533000.00,-344680000.00,526134000.00,1101606000.00,-266853000.00,-25673000.00,103649000.00,-253925000.00,12859000.00,1411299000.00,24622000.00,-22584000.00,161169000.00,-218488000.00,-144984000.00,210747000.00,-164597000.00,49557000.00,13613000.00,136744000.00,-32215000.00,21611000.00,-82000000.00,118687000.00,25507000.00,34348000.00,43291000.00,-20760000.00,-15046000.00,43342000.00,17119000.00,17119000.00,574000.00,-21300000.00,-44566000.00,-30261000.00,21873000.00,110021000.00,8902000.00,-84124000.00,,,,,,,
beginPeriodCashFlow,1316987000.00,1263667000.00,1756770000.00,1256716000.00,1402449000.00,1346234000.00,1914753000.00,1534505000.00,1593365000.00,1675456000.00,1495290000.00,3525786000.00,2643121000.00,4882543000.00,1300347000.00,1196613000.00,970285000.00,2574231000.00,1415035000.00,1408769000.00,1858473000.00,2452130000.00,2024125000.00,1454233000.00,1601080000.00,1935630000.00,2035447000.00,2228019000.00,2584552000.00,2929232000.00,2403098000.00,1301492000.00,1568345000.00,1594018000.00,1490369000.00,1744294000.00,1731435000.00,320136000.00,295514000.00,318098000.00,156929000.00,375417000.00,520401000.00,309654000.00,474251000.00,424694000.00,411081000.00,274337000.00,306552000.00,322450000.00,404450000.00,285763000.00,260256000.00,225908000.00,182617000.00,203377000.00,218423000.00,175081000.00,176444000.00,176444000.00,175870000.00,197170000.00,241736000.00,271997000.00,250124000.00,140103000.00,131201000.00,215325000.00,,,,,,,
endPeriodCashFlow,2606664000.00,1316987000.00,1263667000.00,1756770000.00,1256716000.00,1402449000.00,1346234000.00,1914753000.00,1534505000.00,1593365000.00,1675456000.00,1495290000.00,3525786000.00,2643121000.00,4882543000.00,1300347000.00,1196613000.00,970285000.00,2574231000.00,1415035000.00,1408769000.00,1858473000.00,2452130000.00,1659669000.00,1454233000.00,1601080000.00,1935630000.00,2035447000.00,2228019000.00,2584552000.00,2929232000.00,2403098000.00,1301492000.00,1568345000.00,1594018000.00,1490369000.00,1744294000.00,1731435000.00,320136000.00,295514000.00,318098000.00,156929000.00,375417000.00,520401000.00,309654000.00,474251000.00,424694000.00,411081000.00,274337000.00,344061000.00,322450000.00,404450000.00,285763000.00,260256000.00,225908000.00,182617000.00,203377000.00,218423000.00,193563000.00,193563000.00,176444000.00,175870000.00,197170000.00,241736000.00,271997000.00,250124000.00,140103000.00,131201000.00,215000000.00,,,,,,
totalCashFromOperatingActivities,1305243000.00,1193195000.00,1363401000.00,1550572000.00,1111940000.00,1171894000.00,1336556000.00,1734508000.00,787811000.00,771151000.00,400352000.00,652540000.00,541035000.00,307890000.00,628918000.00,768319000.00,817119000.00,774544000.00,745700000.00,778438000.00,716716000.00,607250000.00,737968000.00,724312000.00,817242000.00,797154000.00,801509000.00,935240000.00,831098000.00,776121000.00,838773000.00,953810000.00,796396000.00,859487000.00,750347000.00,798338000.00,885004000.00,454526000.00,158831000.00,174502000.00,198068000.00,147380000.00,148859000.00,131874000.00,187352000.00,158192000.00,166172000.00,184732000.00,202377000.00,149267000.00,85181000.00,159576000.00,150510000.00,167780000.00,137576000.00,112341000.00,118715000.00,83955000.00,22196000.00,22196000.00,72971000.00,86300000.00,68966000.00,49297000.00,61145000.00,76813000.00,18683000.00,172087000.00,176292000.00,,,216513000.00,,,
issuanceOfCapitalStock,,,,,,,,,,,,,,,,,,,,,,,,,,,,,,,,,,,,,,,,,,,,,,,,,,,,,,,,,,,,,,,,,,,,,,,,,,,
depreciation,623012000.00,615604000.00,610517000.00,593715000.00,580934000.00,580744000.00,634414000.00,555839000.00,393366000.00,392162000.00,396558000.00,401787000.00,415970000.00,411818000.00,415798000.00,415866000.00,415313000.00,419093000.00,425849000.00,428516000.00,415333000.00,422086000.00,425453000.00,428227000.00,431026000.00,438910000.00,442765000.00,438152000.00,444612000.00,456466000.00,471942000.00,477072000.00,465174000.00,465307000.00,458492000.00,467324000.00,461496000.00,279982000.00,91393000.00,90943000.00,89381000.00,85429000.00,80723000.00,84718000.00,96239000.00,95962000.00,92005000.00,93214000.00,101955000.00,103410000.00,103595000.00,99813000.00,95875000.00,93556000.00,66580000.00,64045000.00,58957000.00,57658000.00,49850000.00,49850000.00,42359000.00,46428000.00,45370000.00,2874000.00,41384000.00,70017000.00,37620000.00,31516000.00,,,,,,,
otherCashflowsFromInvestingActivities,2097853000.00,828162000.00,462660000.00,1711073000.00,-16926000.00,77558000.00,7125000.00,-21669155000.00,393373000.00,267779000.00,160198000.00,471437000.00,379518000.00,322241000.00,176961000.00,1773749000.00,1171869000.00,733146000.00,312420000.00,-146000.00,-424000.00,-8421000.00,-12514000.00,1741219000.00,1164856000.00,685067000.00,400267000.00,2344564000.00,1814924000.00,889825000.00,341952000.00,1494835000.00,1040113000.00,472165000.00,112829000.00,569633000.00,487555000.00,452421000.00,91500000.00,651235000.00,564072000.00,474322000.00,145307000.00,781278000.00,328321000.00,220655000.00,107967000.00,260702000.00,115828000.00,59351000.00,25943000.00,655212000.00,584619000.00,416757000.00,133620000.00,153481000.00,80243000.00,78352000.00,1792000.00,510222000.00,331017000.00,226370000.00,74860000.00,430886000.00,315644000.00,168388000.00,110111000.00,242563000.00,218481000.00,,,104581000.00,,,
dividendsPaid,,,,,,,,,,,,,,,,,,,,,,,,266000.00,,,,10501000.00,,,,10501000.00,,,,10501000.00,,,,,,,,,,,,,,,,,,,29000000.00,,,,,,,,,,,,,,,,,,,,
changeToInventory,,,,,,,100838000.00,-130333000.00,,,,,,,3157000.00,3274000.00,50789000.00,-36964000.00,10715000.00,24029000.00,-18000000.00,,2000000.00,3000000.00,5000000.00,12000000.00,-6000000.00,8000000.00,86000000.00,53000000.00,60000000.00,44000000.00,,,5000000.00,,,,,,,,,430000.00,661000.00,1697000.00,5089000.00,2517000.00,-20496000.00,247000.00,-368000.00,-8578000.00,2885000.00,3463000.00,5413000.00,2092000.00,35867000.00,-17205000.00,-14683000.00,-14683000.00,-7061000.00,5802000.00,10473000.00,-4513000.00,24899000.00,-22705000.00,10779000.00,8617000.00,,,,,,,
changeToAccountReceivables,-23338000.00,93474000.00,-27988000.00,2999000.00,-8164000.00,4737000.00,39590000.00,144264000.00,66461000.00,66890000.00,-45496000.00,19996000.00,9226000.00,-108068000.00,-49342000.00,6673000.00,5651000.00,33964000.00,-55039000.00,67269000.00,-18164000.00,-13322000.00,-15944000.00,-7879000.00,12259000.00,-18085000.00,3138000.00,-33680000.00,33397000.00,9364000.00,30984000.00,68576000.00,-28096000.00,-1804000.00,9792000.00,13935000.00,54867000.00,33745000.00,-8000000.00,7000000.00,5000000.00,-1000000.00,-1000000.00,7000000.00,,5795000.00,6487000.00,,51000000.00,-4000000.00,-61000000.00,67000000.00,-12000000.00,2000000.00,66000000.00,-67000000.00,-2000000.00,-22000000.00,-6784000.00,-6784000.00,31000000.00,-5000000.00,-29000000.00,-9000000.00,2000000.00,3000000.00,-7000000.00,3000000.00,36442000.00,,,68869000.00,,,
salePurchaseOfStock,-1176379000.00,-288982000.00,-501031000.00,-1581000.00,-7698000.00,-4623000.00,-3517000.00,-8767000.00,-50950000.00,-14662000.00,-1841000.00,-7998000.00,-943000.00,-265000.00,-118571000.00,-214332000.00,-105551000.00,-179080000.00,-140978000.00,-237351000.00,-88367000.00,-195309000.00,-313371000.00,-274877000.00,-267296000.00,-299581000.00,-297028000.00,-242251000.00,-235087000.00,-297049000.00,-246732000.00,-1472000.00,-11136000.00,-781300000.00,,-793945000.00,,,,,,,,-102678000.00,-154695000.00,-62719000.00,,-39368000.00,-59183000.00,-1400000.00,,110200000.00,,,,,,,,,,,,,,,,143600000.00,,,,,,,
otherCashflowsFromFinancingActivities,2891245000.00,1335234000.00,1298807000.00,238499000.00,583614000.00,108073000.00,156500000.00,24987675000.00,123471000.00,51963000.00,1070420000.00,653268000.00,3069920000.00,2512768000.00,4226504000.00,1244429000.00,1331640000.00,2428384000.00,1875312000.00,1581696000.00,1734317000.00,868180000.00,1611135000.00,1679434000.00,1449668000.00,747535000.00,1870030000.00,669670000.00,762575000.00,1604933000.00,780499000.00,1207877000.00,701647000.00,1000338000.00,418198000.00,1062593000.00,1543309000.00,2771835000.00,183095000.00,489464000.00,458118000.00,1077033000.00,282009000.00,369431000.00,121733000.00,476689000.00,372143000.00,208329000.00,349675000.00,706998000.00,406884000.00,218815000.00,515288000.00,893044000.00,794931000.00,613796000.00,576577000.00,953275000.00,493132000.00,493132000.00,22796000.00,500286000.00,151351000.00,139225000.00,-197656000.00,270121000.00,109389000.00,242334000.00,7743000.00,,,366213000.00,,,
changeToNetincome,,,,,118738000.00,181817000.00,2670232000.00,-21311000.00,206595000.00,110533000.00,70350000.00,239222000.00,1075073000.00,7601000.00,51391000.00,47675000.00,66060000.00,83902000.00,88951000.00,46161000.00,40083000.00,-20974000.00,-884000.00,192998000.00,53944000.00,80164000.00,39872000.00,202590000.00,,,,99295000.00,,,,-20228000.00,,,,-6940000.00,,,,,,,,,,,,,,,,,,,,,,,,,,,,,,,,,,,
capitalExpenditures,1572779000,1338715000,1740735000,944717000,1183116000,684955000,1058784000,975761000,312899000,410203000,90918000,312750000,12684000,471497000,412162000,1316438000,1349651000,966794000,1095609000,2242522000,1243066000,1333207000,1129614000,2014226000,1375105000,965065000,870860000,1424203000,856523000,867241000,692183000,890184000,537934000,982583000,1152955000,907506000,759518000,688497000,191097000,289312000,318512000,966082000,422253000,366375000,204781000,225948000,276853000,93744000,202115000,145810000,368567000,180247000,493579000,727886000,687262000,466666000,389910000,414583000,420354000,420354000,211884000,787220000,243531000,301430000,105705000,234794000,240379000,533458000,450383000,0,0,245185000,0,0,
changeReceivables,,,,,,,,,,,,,,,,,,,,,,,,,,,,,,,,,,,,,,,,,,,,,,,,,,,,,,,,,,,,,,,,,,,,,,,,,,,
cashFlowsOtherOperating,,,,,,,,,,,,,,,,,,,,,,,,,,,,,,,,,,,,,,,,,,,,,,,,,,,,,,,,,,,,,,,,,,,,,,,,,,,
exchangeRateChanges,,,,,,,,,,,,,,,,,,,,,,,,,,,,,,,,,,,,,,,,,,,,,,,,,,,,,,,,,,,,,,,,,,,,,,,,,,,
cashAndCashEquivalentsChanges,,,,,,,,,,,,,,,,,,,,,,,,,,,,,,,,,,,,,,,,,,,,,,,,,,,,,,,,,,,,,,,,,,,,,,,,,,,
changeInWorkingCapital,33202000.00,-50573000.00,81109000.00,-227319000.00,-102778000.00,-8916000.00,-50470000.00,1047494000.00,-262444000.00,717000.00,-310525000.00,-36115000.00,-114639000.00,-372534000.00,-131393000.00,-23328000.00,46942000.00,-83661000.00,-22319000.00,56862000.00,-17226000.00,-62092000.00,27237000.00,-4505000.00,46528000.00,-17821000.00,40518000.00,99634000.00,108061000.00,27272000.00,30105000.00,230249000.00,-60054000.00,23746000.00,-23553000.00,64476000.00,37463000.00,30357000.00,-4171000.00,4354000.00,4099000.00,-8802000.00,861000.00,-22332000.00,18384000.00,-6376000.00,456000.00,-2700000.00,5710000.00,-10580000.00,-99981000.00,-2637000.00,-8695000.00,-7311000.00,13147000.00,1119000.00,10407000.00,-36395000.00,-35536000.00,-35536000.00,-34477000.00,-2953000.00,-12944000.00,-7818000.00,-251000.00,-11499000.00,-53382000.00,119987000.00,,,,,,,
stockBasedCompensation,21410000.00,21806000.00,26863000.00,23620000.00,24847000.00,26878000.00,27503000.00,32131000.00,21970000.00,26060000.00,,69187000.00,1173494000.00,81349000.00,-118571000.00,-639941000.00,20926000.00,31572000.00,-140978000.00,-834398000.00,67582000.00,22159000.00,-313371000.00,96224000.00,103864000.00,104672000.00,67205000.00,120799000.00,93605000.00,125293000.00,255499000.00,190171000.00,108935000.00,191549000.00,-29005000.00,-41126000.00,25729000.00,15147000.00,2355000.00,2378000.00,2394000.00,2430000.00,2090000.00,1917000.00,1813000.00,1932000.00,1465000.00,1469000.00,465000.00,2029000.00,2273000.00,1746000.00,99000.00,678000.00,879000.00,1000000.00,912000.00,996000.00,1475000.00,1475000.00,-14534000.00,-31424000.00,-20954000.00,-6192000.00,-32434000.00,-18654000.00,-38406000.00,50241000.00,,,,,,,
otherNonCashItems,-595141000.00,25655000.00,148383000.00,512802000.00,101497000.00,180771000.00,3003464000.00,157674000.00,133056000.00,60347000.00,-5305000.00,188356000.00,23407000.00,-100390000.00,138664000.00,671437000.00,18294000.00,22860000.00,198482000.00,864432000.00,-53892000.00,-66552000.00,293158000.00,-116054000.00,-60345000.00,-52011000.00,-46360000.00,-142292000.00,-77043000.00,-97470000.00,-174259000.00,-180189000.00,-58802000.00,-177613000.00,-8964000.00,19484000.00,-48747000.00,-44346000.00,15526000.00,5626000.00,9092000.00,-14652000.00,-2086000.00,58719000.00,12347000.00,36990000.00,3214000.00,4970000.00,98726000.00,21454000.00,-1094000.00,-20331000.00,-2213000.00,19721000.00,7958000.00,-24264000.00,8528000.00,-1362000.00,40566000.00,40566000.00,24763000.00,-903000.00,2184000.00,11925000.00,5960000.00,107000.00,2305000.00,-8743000.00,,,,,,,
freeCashFlow,-267536000.00,-145520000.00,-377334000.00,605855000.00,-71176000.00,486939000.00,277772000.00,758747000.00,474912000.00,360948000.00,309434000.00,339790000.00,553719000.00,-163607000.00,216756000.00,-548119000.00,-532532000.00,-192250000.00,-349909000.00,-1464084000.00,-526350000.00,-725957000.00,-391646000.00,-1289914000.00,-557863000.00,-167911000.00,-69351000.00,-488963000.00,-25425000.00,-91120000.00,146590000.00,63626000.00,258462000.00,-123096000.00,-402608000.00,-109168000.00,125486000.00,-233971000.00,-32266000.00,-114810000.00,-120444000.00,-818702000.00,-273394000.00,-234501000.00,-17429000.00,-67756000.00,-110681000.00,90988000.00,262000.00,3457000.00,-283386000.00,-20671000.00,-343069000.00,-560106000.00,-549686000.00,-354325000.00,-271195000.00,-330628000.00,-398158000.00,-398158000.00,-138913000.00,-700920000.00,-174565000.00,-252133000.00,-44560000.00,-157981000.00,-221696000.00,-361371000.00,,,,,,,
researchDevelopment,,,,,,,,,,,,,,,,,,,,0.00,0.00,0.00,0.00,0.00,0.00,0.00,0.00,0.00,0.00,0.00,0.00,0.00,0.00,0.00,0.00,0.00,0.00,0.00,0.00,0.00,0.00,0.00,0.00,0.00,0.00,0.00,0.00,0.00,0.00,0.00,0.00,0.00,0.00,0.00,0.00,0.00,0.00,0.00,0.00,0.00,0.00,0.00,0.00,0.00,0.00,0.00,0.00,0.00,0.00,0.00,0.00,0.00,0.00,0.00,
effectOfAccountingCharges,,,,,,,,,,,,,,,,,,,,0.00,0.00,0.00,0.00,0.00,0.00,0.00,0.00,0.00,0.00,0.00,0.00,0.00,0.00,0.00,0.00,0.00,0.00,0.00,0.00,0.00,0.00,0.00,0.00,0.00,0.00,0.00,0.00,0.00,0.00,0.00,0.00,0.00,0.00,0.00,0.00,0.00,0.00,0.00,0.00,0.00,0.00,0.00,0.00,0.00,0.00,0.00,0.00,0.00,0.00,0.00,0.00,0.00,0.00,0.00,
incomeBeforeTax,1178661000.00,538243000.00,468327000.00,459331000.00,461062000.00,357458000.00,-2280271000.00,92159000.00,501313000.00,288687000.00,265758000.00,32689000.00,-952978000.00,283737000.00,321934000.00,350631000.00,326501000.00,382136000.00,281374000.00,259178000.00,300655000.00,289494000.00,301606000.00,318283000.00,298029000.00,322719000.00,296841000.00,422571000.00,258772000.00,263869000.00,255184000.00,310203000.00,345606000.00,354398000.00,355492000.00,329594000.00,388026000.00,170966000.00,54652000.00,67740000.00,90138000.00,82098000.00,70815000.00,5659000.00,55468000.00,26174000.00,67578000.00,78124000.00,45725000.00,30674000.00,75920000.00,81944000.00,65581000.00,62478000.00,48859000.00,70499000.00,39971000.00,63987000.00,-46275000.00,-46275000.00,53942000.00,77582000.00,55243000.00,43814000.00,58046000.00,40221000.00,70304000.00,-20774000.00,41502000.00,41369000.00,45345000.00,33232000.00,27001000.00,37827000.00,
minorityInterest,-3749000.00,-3976000.00,-3172000.00,-2606000.00,-1392000.00,-736000.00,-149000.00,-1687000.00,-7108000.00,67962000.00,67909000.00,68016000.00,68116000.00,69086000.00,69060000.00,67308000.00,65075000.00,65166000.00,63603000.00,52566000.00,53740000.00,54349000.00,55654000.00,3893000.00,256000.00,-344877000.00,63000.00,765000.00,0.00,-61000.00,61000.00,503000.00,481000.00,0.00,0.00,77430000.00,1341000.00,0.00,0.00,237000.00,1871000.00,770000.00,114000.00,0.00,0.00,0.00,0.00,73000.00,147000.00,-440000.00,440000.00,3079000.00,7559000.00,8761000.00,9848000.00,26912000.00,3735000.00,6564000.00,3994000.00,0.00,-2031000.00,2031000.00,0.00,-152000.00,152000.00,398000.00,0.00,142000.00,0.00,0.00,0.00,0.00,0.00,0.00,
sellingGeneralAdministrative,88598000.00,92637000.00,90646000.00,79499000.00,85211000.00,86318000.00,87560000.00,111713000.00,62564000.00,64541000.00,51194000.00,57647000.00,53885000.00,46109000.00,53767000.00,62560000.00,55517000.00,56147000.00,59063000.00,60884000.00,54434000.00,78497000.00,76272000.00,87787000.00,74547000.00,76339000.00,73807000.00,85673000.00,71816000.00,72503000.00,77092000.00,90504000.00,78945000.00,79816000.00,85554000.00,24900000.00,81417000.00,53288000.00,2400000.00,2400000.00,20255000.00,21675000.00,16132000.00,1900000.00,47100000.00,39964000.00,37327000.00,24700000.00,20900000.00,25593000.00,22400000.00,58104000.00,42089000.00,50825000.00,43520000.00,51902000.00,41722000.00,53126000.00,49688000.00,34300000.00,33200000.00,33400000.00,31200000.00,34600000.00,28200000.00,27900000.00,26400000.00,83500000.00,21908000.00,20995000.00,9835000.00,19231000.00,10720000.00,22720000.00,
sellingAndMarketingExpenses,23310000.00,27100000.00,19958000.00,12365000.00,20108000.00,18554000.00,9915000.00,7556000.00,5633000.00,8530000.00,602000.00,6099000.00,7033000.00,6804000.00,10817000.00,8770000.00,9195000.00,8396000.00,7810000.00,9887000.00,8967000.00,6775000.00,9510000.00,8469000.00,9373000.00,8294000.00,9675000.00,11095000.00,8934000.00,13963000.00,9936000.00,13075000.00,12246000.00,11642000.00,9526000.00,92600000.00,12335000.00,9781000.00,20400000.00,19500000.00,3535000.00,2477000.00,3496000.00,21100000.00,,,,,,36840000.00,,33740000.00,,,,33405000.00,,,31616000.00,31616000.00,,,,,,,,,,,,,,,
grossProfit,655692000.00,650834000.00,592974000.00,524074000.00,561481000.00,457391000.00,566762000.00,354832000.00,277888000.00,295354000.00,604637000.00,227843000.00,252059000.00,396129000.00,400465000.00,438092000.00,422381000.00,464498000.00,353278000.00,345206000.00,376899000.00,388744000.00,389496000.00,424922000.00,427552000.00,417382000.00,390198000.00,539039000.00,383575000.00,364348000.00,399442000.00,465576000.00,447332000.00,449694000.00,459653000.00,451013000.00,487000000.00,320572000.00,94819000.00,109331000.00,117911000.00,101061000.00,88030000.00,29049000.00,269113000.00,252555000.00,257278000.00,-412639000.00,259118000.00,284648000.00,274657000.00,121030000.00,275287000.00,276379000.00,207898000.00,113986000.00,172537000.00,189199000.00,-3653000.00,-3653000.00,193084000.00,170100000.00,180874000.00,-233614000.00,180119000.00,173711000.00,185232000.00,-135171000.00,124669000.00,200932000.00,200932000.00,151717000.00,123270000.00,123270000.00,123270000.00
reconciledDepreciation,623012000.00,615604000.00,610517000.00,593715000.00,580934000.00,580744000.00,634414000.00,555839000.00,393366000.00,392162000.00,396558000.00,401787000.00,415970000.00,411818000.00,415798000.00,415866000.00,415313000.00,419093000.00,425849000.00,428516000.00,415333000.00,422086000.00,425453000.00,428227000.00,431026000.00,438910000.00,442765000.00,438152000.00,444612000.00,456466000.00,471942000.00,477072000.00,465174000.00,465307000.00,458492000.00,467324000.00,461496000.00,279982000.00,91393000.00,90943000.00,89381000.00,85429000.00,80723000.00,84718000.00,96239000.00,95962000.00,92005000.00,93214000.00,101955000.00,103410000.00,103595000.00,99812000.00,95875000.00,93556000.00,66580000.00,64045000.00,58957000.00,57658000.00,56037000.00,49850000.00,42359000.00,46428000.00,45370000.00,2874000.00,41384000.00,70017000.00,37620000.00,31516000.00,24116000.00,,,,,,
ebit,-91286000.00,525244000.00,496521000.00,434498000.00,480784000.00,386932000.00,3219127000.00,378967000.00,360489000.00,348534000.00,548706000.00,295505000.00,1335260000.00,402695000.00,349828000.00,382893000.00,388837000.00,417774000.00,291436000.00,289692000.00,326341000.00,317450000.00,305822000.00,339049000.00,389235000.00,342779000.00,316591000.00,461971000.00,346878000.00,291895000.00,369644000.00,413791000.00,366676000.00,362074000.00,373654000.00,-101925000.00,411477000.00,358976000.00,98239000.00,117266000.00,107740000.00,81940000.00,77261000.00,16290000.00,129054000.00,119828000.00,131545000.00,-116038000.00,137633000.00,121705000.00,146542000.00,99854000.00,143486000.00,140728000.00,99987000.00,94048000.00,73197000.00,83709000.00,-24075000.00,-24075000.00,107870000.00,97210000.00,104839000.00,-133300000.00,116314000.00,108583000.00,120788000.00,-132206000.00,72640000.00,0.00,0.00,0.00,0.00,0.00,
ebitda,531726000.00,1140848000.00,1107038000.00,1028213000.00,1061718000.00,967676000.00,3853541000.00,934806000.00,753855000.00,740696000.00,945264000.00,697292000.00,1751230000.00,814513000.00,765626000.00,798759000.00,804150000.00,836867000.00,717285000.00,718208000.00,741674000.00,739536000.00,731275000.00,767276000.00,820261000.00,781689000.00,759356000.00,900123000.00,791490000.00,748361000.00,841586000.00,890863000.00,831850000.00,827381000.00,832146000.00,365399000.00,872973000.00,638958000.00,189632000.00,208209000.00,197121000.00,167369000.00,157984000.00,101008000.00,225293000.00,215790000.00,223550000.00,-22824000.00,239588000.00,225115000.00,250137000.00,199667000.00,239361000.00,234284000.00,166567000.00,158093000.00,132154000.00,141367000.00,25775000.00,25775000.00,150229000.00,143638000.00,150209000.00,-130426000.00,157698000.00,178600000.00,158408000.00,-100690000.00,96756000.00,200932000.00,200932000.00,-128704000.00,123270000.00,123270000.00,123270000.00
depreciationAndAmortization,623012000.00,615604000.00,610517000.00,593715000.00,580934000.00,580744000.00,634414000.00,555839000.00,393366000.00,392162000.00,396558000.00,401787000.00,415970000.00,411818000.00,415798000.00,415866000.00,415313000.00,419093000.00,425849000.00,428516000.00,415333000.00,422086000.00,425453000.00,428227000.00,431026000.00,438910000.00,442765000.00,438152000.00,444612000.00,456466000.00,471942000.00,477072000.00,465174000.00,465307000.00,458492000.00,467324000.00,461496000.00,279982000.00,91393000.00,90943000.00,89381000.00,85429000.00,80723000.00,84718000.00,96239000.00,95962000.00,92005000.00,93214000.00,101955000.00,103410000.00,103595000.00,99813000.00,95875000.00,93556000.00,66580000.00,64045000.00,58957000.00,57658000.00,49850000.00,49850000.00,42359000.00,46428000.00,45370000.00,2874000.00,41384000.00,70017000.00,37620000.00,31516000.00,24116000.00,,,,,,
nonOperatingIncomeNetOther,,,,,,,,,,,,,,,,,,,,,,,,,,,,,,,,,,,,,,,,,,,,,,,,,,,,,,,,,,,,,,,,,,,,,,,,,,,
operatingIncome,-91286000.00,525244000.00,496521000.00,434498000.00,480784000.00,386932000.00,3219127000.00,478369000.00,209691000.00,222283000.00,548063000.00,164097000.00,191141000.00,343216000.00,335881000.00,366762000.00,357669000.00,399955000.00,286405000.00,274435000.00,313498000.00,303472000.00,303714000.00,600166000.00,623827000.00,607767000.00,592394000.00,686678000.00,547754000.00,555058000.00,584374000.00,592849000.00,631084000.00,610503000.00,744863000.00,641790000.00,393248000.00,343622000.00,54652000.00,67740000.00,153792000.00,129217000.00,129384000.00,-225369000.00,129054000.00,119828000.00,131545000.00,-151567000.00,133799000.00,116721000.00,138793000.00,129082000.00,142738000.00,140728000.00,100261000.00,16387000.00,73197000.00,83709000.00,-152457000.00,-152457000.00,104900000.00,97210000.00,104839000.00,101470000.00,116314000.00,108583000.00,120788000.00,34013000.00,78645000.00,200932000.00,200932000.00,-128704000.00,123270000.00,123270000.00,123270000.00
otherOperatingExpenses,1347883000.00,1391955000.00,1383352000.00,1366759000.00,1238478000.00,1278841000.00,1320729000.00,1206618000.00,802295000.00,817130000.00,523919000.00,867520000.00,835415000.00,854063000.00,902296000.00,890190000.00,836416000.00,881321000.00,918622000.00,945250000.00,853019000.00,891180000.00,915412000.00,934343000.00,930276000.00,931001000.00,930110000.00,926286000.00,923235000.00,961614000.00,1005604000.00,1081550000.00,1026969000.00,1057962000.00,994192000.00,975413000.00,844777000.00,534335000.00,183931000.00,180229000.00,175615000.00,159910000.00,166147000.00,176344000.00,140464000.00,133051000.00,126355000.00,305282000.00,200210000.00,242644000.00,215730000.00,303019000.00,334602000.00,453945000.00,263775000.00,201974000.00,139313000.00,210986000.00,358828000.00,358828000.00,197034000.00,236143000.00,189694000.00,403516000.00,219560000.00,138033000.00,188684000.00,329757000.00,122287000.00,0.00,0.00,280421000.00,0.00,0.00,
interestExpense,,,-1178000.00,1211085000.00,390809000.00,399994000.00,380785000.00,369549000.00,287213000.00,292887000.00,280817000.00,310534000.00,307316000.00,311758000.00,318617000.00,316089000.00,312311000.00,332441000.00,334179000.00,322678000.00,292082000.00,284865000.00,274449000.00,271500000.00,280195000.00,275018000.00,285678000.00,252679000.00,273905000.00,280715000.00,284562000.00,274410000.00,282855000.00,255014000.00,287605000.00,280310000.00,266964000.00,172369000.00,63005000.00,56987000.00,63654000.00,47119000.00,58569000.00,62301000.00,66097000.00,93654000.00,63967000.00,62795000.00,88074000.00,86047000.00,62873000.00,38183000.00,75144000.00,75529000.00,51402000.00,23833000.00,32844000.00,5989000.00,98990000.00,98990000.00,50958000.00,19628000.00,49596000.00,57656000.00,58268000.00,68362000.00,50500000.00,54787000.00,37144000.00,31421000.00,28203000.00,19874000.00,24868000.00,69857000.00,
taxProvision,110677000.00,75747000.00,65594000.00,-141000.00,64307000.00,50044000.00,-278307000.00,20010000.00,62132000.00,40531000.00,39864000.00,7080000.00,-106077000.00,38305000.00,43461000.00,39013000.00,42445000.00,49677000.00,36579000.00,,,,,,,,,,,,,,,,,,,,,,,,,,,,,,,,,,,,,,,,,,,,,,,,,,,,,,,,
interestIncome,457554000.00,432635000.00,426977000.00,417816000.00,398600000.00,412458000.00,380672000.00,366941000.00,285057000.00,292887000.00,16790000.00,339623000.00,435679000.00,297816000.00,318617000.00,316089000.00,312311000.00,332441000.00,334179000.00,,,,,,,,,,,,,,,,,,,,,,,,,,,,,,,,,,,,,,,,,,,,,,,,,,,,,,,,
netInterestIncome,,,,,,,-380785000.00,-369549000.00,-272851000.00,13053000.00,-264027000.00,-290460000.00,-277929000.00,-298009000.00,-308523000.00,-306874000.00,-300274000.00,-317882000.00,-316196000.00,,,,,,,,,,,,,,,,,,,,,,,,,,,,,,,,,,,,,,,,,,,,,,,,,,,,,,,,
extraordinaryItems,,,,,,,,,,,,,,,,,,,,0.00,0.00,0.00,0.00,0.00,0.00,0.00,0.00,0.00,0.00,0.00,0.00,0.00,0.00,0.00,0.00,0.00,0.00,0.00,0.00,0.00,0.00,0.00,0.00,0.00,0.00,0.00,0.00,0.00,0.00,0.00,0.00,0.00,0.00,0.00,0.00,0.00,0.00,0.00,0.00,0.00,0.00,0.00,0.00,0.00,0.00,0.00,0.00,0.00,0.00,0.00,0.00,0.00,0.00,0.00,
nonRecurring,,,,,,,,,,,,,,,,,,,,0.00,0.00,0.00,0.00,61286000.00,0.00,0.00,0.00,81607000.00,0.00,0.00,0.00,16335000.00,0.00,0.00,0.00,21828000.00,0.00,0.00,0.00,0.00,0.00,0.00,0.00,0.00,0.00,0.00,0.00,0.00,0.00,0.00,0.00,0.00,0.00,0.00,0.00,0.00,0.00,0.00,0.00,0.00,0.00,0.00,0.00,0.00,0.00,0.00,0.00,0.00,0.00,0.00,0.00,0.00,0.00,0.00,
otherItems,,,,,,,,,,,,,,,,,,,,0.00,0.00,0.00,0.00,0.00,0.00,0.00,0.00,0.00,0.00,0.00,0.00,0.00,0.00,0.00,0.00,0.00,0.00,0.00,0.00,0.00,0.00,0.00,0.00,0.00,0.00,0.00,0.00,0.00,0.00,0.00,0.00,0.00,0.00,0.00,0.00,0.00,0.00,0.00,0.00,0.00,0.00,0.00,0.00,0.00,0.00,0.00,0.00,0.00,0.00,0.00,0.00,0.00,0.00,0.00,
incomeTaxExpense,110677000.00,75747000.00,65594000.00,-141000.00,64307000.00,50044000.00,-278307000.00,20010000.00,62132000.00,40531000.00,39864000.00,7080000.00,-106077000.00,38305000.00,43461000.00,39013000.00,42445000.00,49677000.00,36579000.00,28147000.00,39089000.00,37615000.00,39228000.00,50019000.00,34158000.00,41956000.00,38585000.00,60712000.00,42711000.00,35624000.00,34449000.00,47311000.00,46658000.00,47846000.00,47990000.00,34595000.00,66777000.00,35964000.00,4647000.00,5367000.00,7661000.00,7333000.00,5665000.00,-162000.00,732000.00,1619000.00,5878000.00,5374000.00,2532000.00,2483000.00,6045000.00,6424000.00,6144000.00,4862000.00,4886000.00,423000.00,784000.00,827000.00,-15851000.00,-15851000.00,3896000.00,6955000.00,4570000.00,152000.00,9288000.00,5657000.00,10019000.00,-3770000.00,6698000.00,-35047000.00,-35047000.00,-20841000.00,-20841000.00,-20841000.00,-20841000.00
totalRevenue,1891667000.00,1923052000.00,1865722000.00,1798969000.00,1694640000.00,1631360000.00,1790016000.00,1442181000.00,1011986000.00,1039413000.00,1071982000.00,1031617000.00,1026556000.00,1197279000.00,1238177000.00,1256952000.00,1194085000.00,1281276000.00,1205027000.00,1219685000.00,1166517000.00,1194652000.00,1219126000.00,1263009000.00,1273908000.00,1263750000.00,1236826000.00,1368557000.00,1226060000.00,1239496000.00,1318018000.00,1443547000.00,1383110000.00,1416198000.00,1358765000.00,1308926000.00,1238025000.00,791838000.00,260392000.00,272747000.00,274554000.00,241929000.00,240185000.00,187308000.00,269113000.00,252555000.00,257278000.00,167537000.00,337175000.00,363613000.00,361583000.00,393918000.00,477340000.00,593126000.00,364036000.00,284780000.00,212510000.00,294695000.00,323653000.00,323653000.00,301934000.00,333353000.00,294533000.00,270216000.00,335874000.00,246616000.00,309472000.00,197551000.00,200932000.00,200932000.00,200932000.00,151717000.00,123270000.00,123270000.00,123270000.00
totalOperatingExpenses,111908000.00,119737000.00,110604000.00,91864000.00,105319000.00,104872000.00,97475000.00,119269000.00,68197000.00,73071000.00,56574000.00,63746000.00,60918000.00,52913000.00,64584000.00,71330000.00,64712000.00,64543000.00,66873000.00,70771000.00,63401000.00,85272000.00,85782000.00,96256000.00,83920000.00,84633000.00,83482000.00,96768000.00,80750000.00,86466000.00,87028000.00,103579000.00,91191000.00,91458000.00,95080000.00,117500000.00,93752000.00,63069000.00,18358000.00,16813000.00,18972000.00,19042000.00,13992000.00,18085000.00,140464000.00,133051000.00,126355000.00,-274894000.00,122153000.00,163679000.00,128804000.00,30131000.00,132549000.00,137198000.00,107637000.00,31180000.00,99340000.00,105490000.00,31522000.00,31522000.00,88184000.00,72890000.00,76035000.00,-100314000.00,63805000.00,65128000.00,64444000.00,-2965000.00,46024000.00,0.00,0.00,-280421000.00,0.00,0.00,
costOfRevenue,1235975000.00,1272218000.00,1272748000.00,1274895000.00,1133159000.00,1173969000.00,1223254000.00,1087349000.00,734098000.00,744059000.00,467345000.00,803774000.00,774497000.00,801150000.00,837712000.00,818860000.00,771704000.00,816778000.00,851749000.00,874479000.00,789618000.00,805908000.00,829630000.00,838087000.00,846356000.00,846368000.00,846628000.00,829518000.00,842485000.00,875148000.00,918576000.00,977971000.00,935778000.00,966504000.00,899112000.00,857913000.00,751025000.00,471266000.00,165573000.00,163416000.00,156643000.00,140868000.00,152155000.00,158259000.00,25400000.00,18800000.00,21500000.00,580176000.00,78057000.00,78965000.00,86926000.00,272888000.00,202053000.00,316747000.00,156138000.00,170794000.00,39973000.00,105496000.00,327306000.00,327306000.00,108850000.00,163253000.00,113659000.00,503830000.00,155755000.00,72905000.00,124240000.00,332722000.00,76263000.00,38772000.00,28105000.00,20021000.00,7644000.00,81197000.00,
totalOtherIncomeExpenseNet,635070000.00,7182000.00,-28194000.00,24833000.00,-19722000.00,-29474000.00,-5499398000.00,-143404000.00,291622000.00,66404000.00,282305000.00,-131408000.00,-1144119000.00,-59479000.00,-13947000.00,-16131000.00,-31168000.00,-17819000.00,-5031000.00,-15257000.00,-12843000.00,-13978000.00,-2108000.00,-10383000.00,-45603000.00,-10030000.00,-9875000.00,-19700000.00,-44053000.00,-14013000.00,-57230000.00,-51794000.00,-10535000.00,-3838000.00,-9081000.00,-3925000.00,-5222000.00,-86537000.00,-21778000.00,-24748000.00,-8801000.00,79000.00,-3223000.00,-5326000.00,-7489000.00,-93654000.00,-63967000.00,-11973000.00,-3834000.00,-4984000.00,-7749000.00,-8955000.00,-2761000.00,-2721000.00,274000.00,-12307000.00,-382000.00,-13733000.00,-11100000.00,-11100000.00,-50958000.00,-19628000.00,-49596000.00,-57656000.00,-58268000.00,-68362000.00,-50484000.00,-54787000.00,6005000.00,0.00,0.00,0.00,0.00,0.00,
discontinuedOperations,,,,,,,,,,,,,,,,,,,,0.00,0.00,0.00,0.00,0.00,0.00,0.00,0.00,0.00,0.00,0.00,0.00,0.00,0.00,0.00,0.00,0.00,0.00,0.00,0.00,0.00,0.00,0.00,0.00,0.00,0.00,0.00,0.00,0.00,0.00,0.00,0.00,0.00,0.00,0.00,0.00,0.00,0.00,0.00,0.00,0.00,0.00,0.00,0.00,0.00,0.00,0.00,0.00,0.00,0.00,0.00,0.00,0.00,0.00,0.00,
netIncomeFromContinuingOps,1109003000.00,496870000.00,435277000.00,497613000.00,441348000.00,340562000.00,-2000681000.00,90497000.00,441029000.00,249859000.00,228046000.00,28470000.00,-850802000.00,247605000.00,279804000.00,313495000.00,271991000.00,334394000.00,246897000.00,233154000.00,264277000.00,254347000.00,265719000.00,-2996120000.00,5622255000.00,-1807018000.00,261236000.00,1039516000.00,0.00,0.00,0.00,1177172000.00,0.00,0.00,0.00,808498000.00,0.00,0.00,0.00,295402000.00,0.00,0.00,0.00,0.00,0.00,0.00,0.00,0.00,0.00,0.00,0.00,0.00,0.00,0.00,0.00,0.00,0.00,0.00,0.00,0.00,0.00,0.00,0.00,0.00,0.00,0.00,0.00,0.00,0.00,0.00,0.00,0.00,0.00,0.00,
netIncomeApplicableToCommonShares,1105254000.00,492894000.00,432105000.00,495007000.00,439956000.00,339826000.00,-2000830000.00,88810000.00,433921000.00,249751000.00,228025000.00,28478000.00,-849929000.00,246061000.00,276824000.00,309758000.00,270290000.00,331460000.00,234186000.00,232642000.00,263351000.00,254240000.00,265399000.00,266251000.00,265847000.00,282880000.00,261173000.00,364650000.00,225627000.00,233273000.00,223080000.00,264209000.00,293917000.00,309109000.00,311495000.00,298223000.00,333841000.00,123672000.00,54711000.00,65623000.00,83648000.00,75689000.00,67450000.00,11153000.00,57911000.00,29581000.00,65010000.00,75070000.00,46386000.00,30778000.00,72735000.00,72441000.00,51878000.00,48855000.00,34399000.00,43164000.00,35452000.00,56596000.00,29954000.00,100475000.00,51331000.00,68596000.00,50876000.00,45115000.00,48606000.00,34166000.00,60566000.00,41331000.00,46665000.00,34856000.00,35515000.00,26748000.00,22915000.00,33700000.00,
preferredStockAndOtherAdjustments,,,,,,,,,,,,,,,,,,,,,,,,,,,,,,,,,,,,,,,,,,,,,,,,,,,,,,,,,,,,,,,,,,,,,,,,,,,
